,ask_price_1,ask_size_1,bid_price_1,bid_size_1,ask_price_2,ask_size_2,bid_price_2,bid_size_2,ask_price_3,ask_size_3,bid_price_3,bid_size_3,ask_price_4,ask_size_4,bid_price_4,bid_size_4,ask_price_5,ask_size_5,bid_price_5,bid_size_5,ask_price_6,ask_size_6,bid_price_6,bid_size_6,ask_price_7,ask_size_7,bid_price_7,bid_size_7,ask_price_8,ask_size_8,bid_price_8,bid_size_8,ask_price_9,ask_size_9,bid_price_9,bid_size_9,ask_price_10,ask_size_10,bid_price_10,bid_size_10
2019-06-28 09:30:00.000000001,,,99877,100,,,,,,,,,,,,,,,,,,,,,,,,,,,,,,,,,,,,
2019-06-28 09:30:00.000000006,,,99893,100,,,99877,100,,,,,,,,,,,,,,,,,,,,,,,,,,,,,,,,
2019-06-28 09:30:00.000000008,100082,100,99893,100,100116,100,99877,100,,,,,,,,,,,,,,,,,,,,,,,,,,,,,,,,
2019-06-28 09:30:00.000000009,100070,100,100004,100,100082,100,99901,100,100116,100,99893,100,,,99877,100,,,,,,,,,,,,,,,,,,,,,,,,
2019-06-28 09:30:00.000000010,100070,100,100038,100,100082,100,100004,100,100116,100,99901,100,,,99893,100,,,99877,100,,,,,,,,,,,,,,,,,,,,
2019-06-28 09:30:00.000000011,100070,100,100038,100,100082,100,100004,100,100116,100,99912,100,,,99901,100,,,99893,100,,,99877,100,,,,,,,,,,,,,,,,
2019-06-28 09:30:00.000000012,100070,100,100038,100,100082,100,100004,100,100116,100,99912,100,,,99901,100,,,99893,100,,,99877,100,,,99855,100,,,,,,,,,,,,
2019-06-28 09:30:00.000000013,100070,100,100038,100,100082,100,100004,100,100116,100,99912,100,100159,100,99901,100,,,99893,100,,,99877,100,,,99855,100,,,,,,,,,,,,
2019-06-28 09:30:00.000000014,100070,100,100038,100,100081,100,100004,100,100082,100,99912,100,100116,100,99901,100,100159,100,99893,100,,,99877,100,,,99855,100,,,,,,,,,,,,
2019-06-28 09:30:00.000000017,100040,100,100038,100,100070,100,100004,100,100081,100,99912,100,100082,100,99901,100,100116,100,99893,100,100159,100,99877,100,100165,100,99855,100,,,,,,,,,,,,
2019-06-28 09:30:00.000000018,100040,100,100038,100,100063,100,100004,100,100070,100,99974,100,100081,100,99912,100,100082,100,99901,100,100089,100,99893,100,100116,100,99877,100,100159,100,99855,100,100165,100,,,,,,
2019-06-28 09:30:00.000000020,100040,100,100038,100,100063,100,100004,100,100070,100,99974,100,100081,100,99940,100,100082,100,99912,100,100089,100,99901,100,100116,100,99893,100,100159,100,99877,100,100165,100,99855,100,,,,
2019-06-28 09:30:00.000000021,100040,100,100038,100,100063,100,100004,100,100070,100,99977,100,100081,100,99974,100,100082,100,99940,100,100089,100,99912,100,100116,100,99901,100,100159,100,99893,100,100165,100,99877,100,,,99855,100
2019-06-28 09:30:00.000000024,100040,100,100004,100,100063,100,99977,100,100070,100,99974,100,100081,100,99940,100,100082,100,99912,100,100089,100,99901,100,100116,100,99893,100,100159,100,99877,100,100165,100,99855,100,,,,
2019-06-28 09:30:00.000000028,100040,100,100004,100,100057,100,99977,100,100063,100,99974,100,100070,100,99940,100,100081,100,99927,100,100082,100,99912,100,100089,100,99901,100,100116,100,99893,100,100159,100,99877,100,100165,100,99855,100
2019-06-28 09:30:00.000000030,100057,100,100004,100,100063,100,99977,100,100070,100,99974,100,100081,100,99940,100,100082,100,99927,100,100089,100,99912,100,100116,100,99901,100,100159,100,99893,100,100165,100,99892,100,,,99877,100
2019-06-28 09:30:00.000000032,100057,100,100004,100,100063,100,99977,100,100070,100,99974,100,100075,100,99940,100,100081,100,99927,100,100082,100,99912,100,100089,100,99901,100,100116,100,99893,100,100159,100,99892,100,100165,100,99877,100
2019-06-28 09:30:00.000000035,100057,100,100004,100,100063,100,99977,100,100070,100,99974,100,100075,100,99940,100,100081,100,99927,100,100082,100,99912,100,100089,100,99901,100,100116,100,99893,100,100159,100,99892,100,100165,100,99877,100
2019-06-28 09:30:00.000000037,100057,100,99977,100,100063,100,99974,100,100070,100,99940,100,100075,100,99927,100,100081,100,99912,100,100082,100,99901,100,100089,100,99893,100,100116,100,99892,100,100159,100,99877,100,100165,100,99855,100
2019-06-28 09:30:00.000000039,100040,100,99977,100,100057,100,99974,100,100063,100,99940,100,100070,100,99927,100,100075,100,99912,100,100081,100,99901,100,100082,100,99893,100,100089,100,99892,100,100116,100,99877,100,100159,100,99855,100
2019-06-28 09:30:00.000000041,100040,100,99977,100,100057,100,99974,100,100063,100,99940,100,100070,100,99927,100,100075,100,99912,100,100081,100,99901,100,100082,100,99893,100,100089,100,99892,100,100116,100,99877,100,100137,100,99855,100
2019-06-28 09:30:00.000000044,100040,100,99977,100,100057,100,99974,100,100063,100,99940,100,100070,100,99927,100,100075,100,99912,100,100081,100,99901,100,100082,100,99893,100,100089,100,99892,100,100116,100,99877,100,100137,100,99865,100
2019-06-28 09:30:00.000000051,100037,100,99977,100,100040,100,99974,100,100057,100,99940,100,100063,100,99927,100,100070,100,99912,100,100075,100,99901,100,100081,100,99893,100,100082,100,99892,100,100089,100,99877,100,100116,100,99865,100
2019-06-28 09:30:00.000000055,100037,100,99977,100,100040,200,99974,100,100057,100,99940,100,100063,100,99927,100,100070,100,99912,100,100075,100,99901,100,100081,100,99893,100,100082,100,99892,100,100089,100,99877,100,100116,100,99865,100
2019-06-28 09:30:00.000000056,100037,100,99977,100,100040,300,99974,100,100057,100,99940,100,100063,100,99927,100,100070,100,99912,100,100075,100,99901,100,100081,100,99893,100,100082,100,99892,100,100089,100,99877,100,100116,100,99865,100
2019-06-28 09:30:00.000000058,100037,100,99974,100,100040,300,99940,100,100057,100,99927,100,100063,100,99912,100,100070,100,99901,100,100075,100,99893,100,100081,100,99892,100,100082,100,99877,100,100089,100,99865,100,100116,100,99855,100
2019-06-28 09:30:00.000000059,100037,100,99977,100,100040,300,99974,100,100057,100,99940,100,100063,100,99927,100,100070,100,99912,100,100075,100,99901,100,100081,100,99893,100,100082,100,99892,100,100089,100,99877,100,100116,100,99865,100
2019-06-28 09:30:00.000000060,100037,100,99974,100,100040,300,99940,100,100057,100,99927,100,100063,100,99912,100,100070,100,99901,100,100075,100,99893,100,100081,100,99892,100,100082,100,99877,100,100089,100,99865,100,100095,100,99855,100
2019-06-28 09:30:00.000000063,100037,100,100017,100,100040,300,99974,100,100057,100,99940,100,100063,100,99930,100,100070,100,99927,100,100075,100,99912,100,100081,100,99901,100,100082,100,99893,100,100089,100,99892,100,100095,100,99877,100
2019-06-28 09:30:00.000000068,100037,100,100017,100,100040,300,99974,100,100057,100,99940,100,100063,100,99930,100,100070,100,99927,100,100075,100,99912,100,100081,100,99901,100,100082,100,99893,100,100089,100,99892,100,100095,100,99877,200
2019-06-28 09:30:00.000000069,100037,100,100017,100,100040,300,99974,100,100057,100,99963,100,100063,100,99940,100,100070,100,99930,100,100075,200,99927,100,100081,100,99912,100,100082,100,99901,100,100089,100,99893,100,100095,100,99892,100
2019-06-28 09:30:00.000000070,100037,100,100017,100,100040,300,99974,100,100057,100,99963,100,100063,100,99940,100,100070,100,99930,100,100075,200,99927,100,100081,100,99912,100,100082,100,99901,100,100087,100,99893,100,100089,100,99892,100
2019-06-28 09:30:00.000000072,100037,100,100017,100,100040,300,99974,100,100057,100,99963,100,100063,100,99940,100,100070,100,99930,100,100074,100,99927,100,100075,200,99912,100,100081,100,99901,100,100082,100,99893,100,100087,100,99892,100
2019-06-28 09:30:00.000000073,100037,100,99974,100,100040,300,99963,100,100057,100,99940,100,100063,100,99930,100,100070,100,99927,100,100074,100,99912,100,100075,200,99901,100,100081,100,99893,100,100082,100,99892,100,100087,100,99877,200
2019-06-28 09:30:00.000000077,99983,100,99974,100,100037,100,99963,100,100040,300,99940,100,100057,100,99930,100,100063,100,99927,100,100070,100,99912,100,100074,100,99901,100,100075,200,99893,100,100081,100,99892,100,100082,100,99877,200
2019-06-28 09:30:00.000000079,99983,100,99974,100,100017,100,99963,100,100037,100,99940,100,100040,300,99930,100,100057,100,99927,100,100063,100,99912,100,100070,100,99901,100,100074,100,99893,100,100075,200,99892,100,100081,100,99877,200
2019-06-28 09:30:00.000000081,99983,100,99974,100,100017,100,99963,100,100037,100,99945,100,100040,300,99940,100,100057,100,99930,100,100063,100,99927,100,100070,100,99912,100,100074,100,99901,100,100075,200,99893,100,100081,100,99892,100
2019-06-28 09:30:00.000000082,99983,100,99974,100,100017,100,99963,100,100037,100,99945,100,100040,300,99940,100,100057,100,99938,100,100063,100,99930,100,100070,100,99927,100,100074,100,99912,100,100075,200,99901,100,100081,100,99893,100
2019-06-28 09:30:00.000000085,99983,100,99977,200,100017,100,99974,100,100037,100,99963,100,100040,300,99945,100,100057,100,99940,100,100063,100,99938,100,100070,100,99930,100,100074,100,99927,100,100075,200,99912,100,100081,100,99901,100
2019-06-28 09:30:00.000000086,99983,100,99977,200,100017,100,99974,100,100037,100,99963,100,100040,300,99945,100,100041,100,99940,100,100057,100,99938,100,100063,100,99930,100,100070,100,99927,100,100074,100,99912,100,100075,200,99901,100
2019-06-28 09:30:00.000000087,99983,100,99977,200,100017,100,99974,100,100037,100,99963,100,100040,300,99945,100,100041,100,99940,100,100057,100,99938,100,100060,100,99930,100,100063,100,99927,100,100070,100,99912,100,100074,100,99901,100
2019-06-28 09:30:00.000000089,99983,100,99977,100,100017,100,99974,100,100037,100,99973,100,100040,300,99963,100,100041,100,99945,100,100057,100,99940,100,100060,100,99938,100,100063,100,99930,100,100070,100,99927,100,100074,100,99912,100
2019-06-28 09:30:00.000000090,99983,100,99977,100,100017,100,99974,100,100037,100,99973,100,100040,300,99963,100,100041,100,99945,100,100057,100,99940,100,100060,100,99938,100,100063,100,99930,100,100070,100,99927,100,100074,100,99912,100
2019-06-28 09:30:00.000000096,99983,100,99977,100,100017,100,99974,100,100037,100,99973,100,100040,300,99963,100,100041,100,99945,100,100057,100,99940,100,100060,100,99938,100,100063,100,99930,100,100070,100,99927,100,100074,100,99912,100
2019-06-28 09:30:00.000000098,99983,100,99977,100,100017,100,99974,100,100037,100,99973,100,100040,300,99963,100,100041,100,99945,100,100057,100,99940,100,100060,100,99938,100,100063,100,99930,100,100070,100,99927,100,100074,100,99912,100
2019-06-28 09:30:00.000000099,99983,100,99977,100,100016,100,99974,100,100017,100,99973,100,100037,100,99963,100,100040,300,99953,100,100041,100,99945,100,100057,100,99940,100,100060,100,99938,100,100063,100,99930,100,100070,100,99927,100
2019-06-28 09:30:10.000000000,99983,166,99977,166,100016,166,99974,166,100017,166,99973,166,100037,166,99963,166,100040,300,99953,100,100041,100,99945,100,100057,100,99940,100,100060,100,99938,100,100063,100,99930,100,100070,100,99927,100
2019-06-28 09:30:11.075782477,99983,166,99977,166,100016,166,99974,166,100017,166,99973,166,100037,166,99963,166,100040,300,99956,100,100041,100,99945,100,100057,100,99940,100,100060,100,99938,100,100063,100,99930,100,100070,100,99927,100
2019-06-28 09:30:20.000000000,99983,190,99977,190,100016,187,99974,187,100017,187,99973,187,100037,100,99963,100,100040,300,99956,100,100041,100,99945,100,100057,100,99940,100,100060,100,99938,100,100063,100,99930,100,100070,100,99927,100
2019-06-28 09:30:30.000000000,99983,153,99977,153,100016,153,99974,153,100017,153,99973,153,100037,153,99963,153,100040,353,99956,153,100041,100,99945,100,100057,100,99940,100,100060,100,99938,100,100063,100,99930,100,100070,100,99927,100
2019-06-28 09:30:40.000000000,99983,364,99977,364,100016,100,99974,100,100017,100,99973,100,100037,100,99963,100,100040,300,99956,100,100041,100,99945,100,100057,100,99940,100,100060,100,99938,100,100063,100,99930,100,100070,100,99927,100
2019-06-28 09:30:50.000000000,99983,166,99977,166,100016,166,99974,166,100017,166,99973,166,100037,166,99963,166,100040,300,99956,100,100041,100,99945,100,100057,100,99940,100,100060,100,99938,100,100063,100,99930,100,100070,100,99927,100
2019-06-28 09:30:59.000686424,99983,66,99977,166,100016,166,99974,166,100017,166,99973,166,100037,166,99963,166,100040,300,99956,100,100041,100,99945,100,100057,100,99940,100,100063,100,99938,100,100070,100,99930,100,100074,100,99927,100
2019-06-28 09:31:00.000000000,100016,190,99977,190,100017,187,99974,187,100037,187,99973,187,100040,300,99963,100,100041,100,99956,100,100057,100,99945,100,100063,100,99940,100,100070,100,99938,100,100074,100,99930,100,100075,200,99927,100
2019-06-28 09:31:09.542826856,100016,90,99977,190,100017,187,99974,187,100037,187,99973,187,100040,300,99963,100,100041,100,99956,100,100057,100,99945,100,100063,100,99940,100,100070,100,99938,100,100074,100,99930,100,100075,200,99927,100
2019-06-28 09:31:10.000000000,100017,190,99977,190,100037,187,99974,187,100040,387,99973,187,100041,100,99963,100,100057,100,99956,100,100063,100,99945,100,100070,100,99940,100,100074,100,99938,100,100075,200,99930,100,100081,100,99927,100
2019-06-28 09:31:10.691425152,100017,190,99983,100,100037,187,99977,190,100040,387,99974,187,100041,100,99973,187,100057,100,99963,100,100063,100,99956,100,100070,100,99945,100,100074,100,99940,100,100075,200,99938,100,100081,100,99930,100
2019-06-28 09:31:20.000000000,100017,364,99983,364,100037,100,99977,100,100040,300,99974,100,100041,100,99973,100,100057,100,99963,100,100063,100,99956,100,100070,100,99945,100,100074,100,99940,100,100075,200,99938,100,100081,100,99930,100
2019-06-28 09:31:22.985115608,100017,364,99983,464,100037,100,99977,100,100040,300,99974,100,100041,100,99973,100,100057,100,99963,100,100063,100,99956,100,100070,100,99945,100,100074,100,99940,100,100075,200,99938,100,100081,100,99930,100
2019-06-28 09:31:30.000000000,100017,232,99983,332,100037,232,99977,232,100040,300,99974,100,100041,100,99973,100,100057,100,99963,100,100063,100,99956,100,100070,100,99945,100,100074,100,99940,100,100075,200,99938,100,100081,100,99930,100
2019-06-28 09:31:32.668364183,100017,232,99983,432,100037,232,99977,232,100040,200,99974,100,100041,100,99973,100,100057,100,99963,100,100063,100,99956,100,100070,100,99945,100,100074,100,99940,100,100075,200,99938,100,100081,100,99930,100
2019-06-28 09:31:34.598152569,100017,232,99983,332,100037,232,99977,232,100040,200,99974,100,100041,100,99973,100,100057,100,99963,100,100063,100,99956,100,100070,100,99945,100,100074,100,99940,100,100075,200,99938,100,100081,100,99930,100
2019-06-28 09:31:40.000000000,100017,190,99983,290,100037,187,99977,187,100040,287,99974,187,100041,100,99973,100,100057,100,99963,100,100063,100,99956,100,100070,100,99945,100,100074,100,99940,100,100075,200,99938,100,100081,100,99930,100
2019-06-28 09:31:50.000000000,100017,166,99983,266,100037,166,99977,166,100040,266,99974,166,100041,166,99973,166,100057,100,99963,100,100063,100,99956,100,100070,100,99945,100,100074,100,99940,100,100075,200,99938,100,100081,100,99930,100
2019-06-28 09:32:00.000000000,100017,364,99983,464,100037,100,99977,100,100040,200,99974,100,100041,100,99973,100,100057,100,99963,100,100063,100,99956,100,100070,100,99945,100,100074,100,99940,100,100075,200,99938,100,100081,100,99930,100
2019-06-28 09:32:05.284000832,100015,100,99983,464,100017,264,99977,100,100037,100,99974,100,100040,200,99973,100,100041,100,99963,100,100057,100,99956,100,100063,100,99945,100,100070,100,99940,100,100074,100,99938,100,100075,200,99930,100
2019-06-28 09:32:10.000000000,100015,153,99983,253,100037,153,99977,153,100040,253,99974,153,100041,153,99973,153,100057,153,99963,153,100063,100,99956,100,100070,100,99945,100,100074,100,99940,100,100075,200,99938,100,100081,100,99930,100
2019-06-28 09:32:19.782409980,100015,53,99983,253,100037,153,99977,153,100040,253,99974,153,100041,153,99973,153,100057,153,99963,153,100063,100,99956,100,100070,100,99945,100,100074,100,99940,100,100075,200,99938,100,100081,100,99927,100
2019-06-28 09:32:20.000000000,100037,153,99983,253,100040,253,99977,153,100041,153,99974,153,100057,153,99973,153,100063,153,99963,153,100070,100,99956,100,100074,100,99945,100,100075,200,99940,100,100081,100,99938,100,100082,100,99927,100
2019-06-28 09:32:30.000000000,100037,166,99983,266,100040,266,99977,166,100041,166,99974,166,100057,166,99973,166,100063,100,99963,100,100070,100,99956,100,100074,100,99945,100,100075,200,99940,100,100081,100,99938,100,100082,100,99927,100
2019-06-28 09:32:40.000000000,100037,153,99983,253,100040,253,99977,153,100041,153,99974,153,100057,153,99973,153,100063,153,99963,153,100070,100,99956,100,100074,100,99945,100,100075,200,99940,100,100081,100,99938,100,100082,100,99927,100
2019-06-28 09:32:41.132500767,100037,153,99983,253,100040,253,99977,153,100041,153,99974,153,100057,153,99973,153,100063,153,99963,153,100070,100,99956,100,100074,100,99945,100,100075,200,99940,100,100081,100,99938,100,100087,100,99927,100
2019-06-28 09:32:44.009016733,100037,153,99984,100,100040,253,99983,253,100041,153,99977,153,100057,153,99974,153,100063,153,99973,153,100070,100,99963,153,100074,100,99956,100,100075,200,99945,100,100081,100,99940,100,100087,100,99938,100
2019-06-28 09:32:50.000000000,100037,153,99984,153,100040,253,99983,253,100041,153,99977,153,100057,153,99974,153,100063,153,99973,153,100070,100,99963,100,100074,100,99956,100,100075,200,99945,100,100081,100,99940,100,100087,100,99938,100
2019-06-28 09:32:55.540355480,100037,53,99984,153,100040,253,99983,253,100041,153,99977,153,100057,153,99974,153,100063,153,99973,153,100070,100,99963,100,100074,100,99956,100,100075,100,99945,100,100081,100,99940,100,100087,100,99938,100
2019-06-28 09:33:00.000000000,100040,290,99984,190,100041,187,99983,287,100057,187,99977,187,100063,100,99974,100,100070,100,99973,100,100074,100,99963,100,100075,100,99956,100,100081,100,99945,100,100087,100,99940,100,100089,100,99938,100
2019-06-28 09:33:10.000000000,100040,253,99984,153,100041,153,99983,253,100057,153,99977,153,100063,153,99974,153,100070,153,99973,153,100074,100,99963,100,100075,100,99956,100,100081,100,99945,100,100087,100,99940,100,100089,100,99938,100
2019-06-28 09:33:17.059153477,100040,253,100015,100,100041,153,99984,153,100057,153,99983,253,100063,153,99977,153,100070,153,99974,153,100074,100,99973,153,100075,100,99963,100,100081,100,99956,100,100087,100,99945,100,100089,100,99940,100
2019-06-28 09:33:20.000000000,100040,266,100015,166,100041,166,99984,166,100057,166,99983,266,100063,166,99977,166,100070,100,99974,100,100074,100,99973,100,100075,100,99963,100,100081,100,99956,100,100087,100,99945,100,100089,100,99940,100
2019-06-28 09:33:24.560102969,100040,166,100015,166,100041,166,99984,166,100057,166,99983,266,100063,166,99977,166,100070,100,99974,100,100074,100,99973,100,100075,100,99963,100,100081,100,99956,100,100087,100,99945,100,100089,100,99940,100
2019-06-28 09:33:30.000000000,100040,190,100015,190,100041,187,99984,187,100057,187,99983,287,100063,100,99977,100,100070,100,99974,100,100074,100,99973,100,100075,100,99963,100,100081,100,99956,100,100087,100,99945,100,100089,100,99940,100
2019-06-28 09:33:40.000000000,100040,190,100015,190,100041,187,99984,187,100057,187,99983,287,100063,100,99977,100,100070,100,99974,100,100074,100,99973,100,100075,100,99963,100,100081,100,99956,100,100087,100,99945,100,100089,100,99940,100
2019-06-28 09:33:50.000000000,100040,166,100015,166,100041,166,99984,166,100057,166,99983,266,100063,166,99977,166,100070,100,99974,100,100074,100,99973,100,100075,100,99963,100,100081,100,99956,100,100087,100,99945,100,100089,100,99940,100
2019-06-28 09:34:00.000000000,100040,190,100015,190,100041,187,99984,187,100057,187,99983,287,100063,100,99977,100,100070,100,99974,100,100074,100,99973,100,100075,100,99963,100,100081,100,99956,100,100087,100,99945,100,100089,100,99940,100
2019-06-28 09:34:10.000000000,100040,166,100015,166,100041,166,99984,166,100057,166,99983,266,100063,166,99977,166,100070,100,99974,100,100074,100,99973,100,100075,100,99963,100,100081,100,99956,100,100087,100,99945,100,100089,100,99940,100
2019-06-28 09:34:20.000000000,100040,153,100015,153,100041,153,99984,153,100057,153,99983,253,100063,153,99977,153,100070,153,99974,153,100074,100,99973,100,100075,100,99963,100,100081,100,99956,100,100087,100,99945,100,100089,100,99940,100
2019-06-28 09:34:30.000000000,100040,364,100015,364,100041,100,99984,100,100057,100,99983,200,100063,100,99977,100,100070,100,99974,100,100074,100,99973,100,100075,100,99963,100,100081,100,99956,100,100087,100,99945,100,100089,100,99940,100
2019-06-28 09:34:35.951936003,100040,264,100015,364,100041,100,99984,100,100057,100,99983,200,100063,100,99977,100,100070,100,99974,100,100074,100,99973,100,100075,100,99963,100,100081,100,99956,100,100087,100,99945,100,100089,100,99940,100
2019-06-28 09:34:40.000000000,100041,364,100015,364,100057,100,99984,100,100063,100,99983,200,100070,100,99977,100,100074,100,99974,100,100075,100,99973,100,100081,100,99963,100,100087,100,99956,100,100089,100,99945,100,100093,100,99940,100
2019-06-28 09:34:49.764593946,100041,364,100015,364,100057,100,99984,100,100063,100,99983,200,100070,100,99977,100,100074,100,99974,100,100075,100,99973,100,100081,100,99963,100,100087,100,99956,100,100089,100,99945,100,100093,100,99940,100
2019-06-28 09:34:50.000000000,100041,364,100015,364,100057,100,99984,100,100063,100,99983,200,100070,100,99977,100,100074,100,99974,100,100075,100,99973,100,100081,100,99963,100,100087,100,99956,100,100089,100,99945,100,100093,100,99940,100
2019-06-28 09:35:00.000000000,100041,232,100015,232,100057,232,99984,232,100063,100,99983,200,100070,100,99977,100,100074,100,99974,100,100075,100,99973,100,100081,100,99963,100,100087,100,99956,100,100089,100,99945,100,100093,100,99940,100
2019-06-28 09:35:10.000000000,100041,190,100015,190,100057,187,99984,187,100063,187,99983,287,100070,100,99977,100,100074,100,99974,100,100075,100,99973,100,100081,100,99963,100,100087,100,99956,100,100089,100,99945,100,100093,100,99940,100
2019-06-28 09:35:20.000000000,100041,190,100015,190,100057,187,99984,187,100063,187,99983,287,100070,100,99977,100,100074,100,99974,100,100075,100,99973,100,100081,100,99963,100,100087,100,99956,100,100089,100,99945,100,100093,100,99940,100
2019-06-28 09:35:24.062751899,100041,90,100015,190,100057,187,99984,187,100063,187,99983,287,100070,100,99977,100,100074,100,99974,100,100075,100,99973,100,100081,100,99963,100,100087,100,99956,100,100089,100,99940,100,100093,100,99938,100
2019-06-28 09:35:30.000000000,100057,153,100015,153,100063,153,99984,153,100070,153,99983,253,100074,153,99977,153,100075,153,99974,153,100081,100,99973,100,100087,100,99963,100,100089,100,99956,100,100093,100,99940,100,100095,100,99938,100
2019-06-28 09:35:40.000000000,100057,364,100015,364,100063,100,99984,100,100070,100,99983,200,100074,100,99977,100,100075,100,99974,100,100081,100,99973,100,100087,100,99963,100,100089,100,99956,100,100093,100,99940,100,100095,100,99938,100
2019-06-28 09:35:41.408931217,100057,264,100015,364,100063,100,99984,100,100070,100,99983,200,100074,100,99977,100,100075,100,99974,100,100081,100,99973,100,100087,100,99963,100,100089,100,99956,100,100093,100,99940,100,100095,100,99938,100
2019-06-28 09:35:47.698102765,100057,264,100015,364,100063,100,99984,100,100070,100,99983,200,100074,100,99977,100,100075,100,99974,100,100081,100,99973,100,100087,100,99963,100,100089,100,99956,100,100093,100,99940,100,100095,100,99938,100
2019-06-28 09:35:50.000000000,100063,364,100015,364,100070,100,99984,100,100074,100,99983,200,100075,100,99977,100,100081,100,99974,100,100087,100,99973,100,100089,100,99963,100,100093,100,99956,100,100095,100,99940,100,100102,100,99938,100
2019-06-28 09:36:00.000000000,100063,166,100015,166,100070,166,99984,166,100074,166,99983,266,100075,166,99977,166,100081,100,99974,100,100087,100,99973,100,100089,100,99963,100,100093,100,99956,100,100095,100,99940,100,100102,100,99938,100
2019-06-28 09:36:10.000000000,100063,232,100015,232,100070,232,99984,232,100074,100,99983,200,100075,100,99977,100,100081,100,99974,100,100087,100,99973,100,100089,100,99963,100,100093,100,99956,100,100095,100,99940,100,100102,100,99938,100
2019-06-28 09:36:20.000000000,100063,153,100015,153,100070,153,99984,153,100074,153,99983,253,100075,153,99977,153,100081,153,99974,153,100087,100,99973,100,100089,100,99963,100,100093,100,99956,100,100095,100,99940,100,100102,100,99938,100
2019-06-28 09:36:30.000000000,100063,190,100015,190,100070,187,99984,187,100074,187,99983,287,100075,100,99977,100,100081,100,99974,100,100087,100,99973,100,100089,100,99963,100,100093,100,99956,100,100095,100,99940,100,100102,100,99938,100
2019-06-28 09:36:37.413823662,100063,190,100015,190,100070,187,99984,187,100074,187,99983,287,100075,100,99977,100,100081,100,99974,100,100087,100,99973,100,100089,100,99963,100,100093,100,99956,100,100095,100,99940,100,100102,100,99938,100
2019-06-28 09:36:40.000000000,100063,190,100015,190,100070,187,99984,187,100074,187,99983,287,100075,100,99977,100,100081,100,99974,100,100087,100,99973,100,100089,100,99963,100,100093,100,99956,100,100095,100,99940,100,100102,100,99938,100
2019-06-28 09:36:49.508027605,100063,190,100015,190,100070,187,99984,187,100074,187,99983,287,100081,100,99977,100,100087,100,99974,100,100089,100,99973,100,100093,100,99963,100,100095,100,99956,100,100102,100,99940,100,100116,100,99938,100
2019-06-28 09:36:50.000000000,100063,232,100015,232,100070,232,99984,232,100074,100,99983,200,100081,100,99977,100,100087,100,99974,100,100089,100,99973,100,100093,100,99963,100,100095,100,99956,100,100102,100,99940,100,100116,100,99938,100
2019-06-28 09:36:51.385132706,100063,132,100015,232,100070,232,99984,232,100074,100,99983,200,100081,100,99977,100,100087,100,99974,100,100089,100,99973,100,100093,100,99963,100,100095,100,99956,100,100102,100,99940,100,100116,100,99938,100
2019-06-28 09:37:00.000000000,100070,190,100015,190,100074,187,99984,187,100081,187,99983,287,100087,100,99977,100,100089,100,99974,100,100093,100,99973,100,100095,100,99963,100,100102,100,99956,100,100116,100,99940,100,100128,100,99938,100
2019-06-28 09:37:10.000000000,100070,364,100015,364,100074,100,99984,100,100081,100,99983,200,100087,100,99977,100,100089,100,99974,100,100093,100,99973,100,100095,100,99963,100,100102,100,99956,100,100116,100,99940,100,100128,100,99938,100
2019-06-28 09:37:20.000000000,100070,190,100015,190,100074,187,99984,187,100081,187,99983,287,100087,100,99977,100,100089,100,99974,100,100093,100,99973,100,100095,100,99963,100,100102,100,99956,100,100116,100,99940,100,100128,100,99938,100
2019-06-28 09:37:24.501999585,100070,190,100015,190,100074,187,99984,187,100081,187,99983,287,100087,100,99977,100,100089,100,99974,100,100093,100,99973,100,100095,100,99963,100,100102,100,99956,100,100116,100,99940,100,100128,100,99938,100
2019-06-28 09:37:27.137519834,100070,90,100015,190,100074,187,99984,187,100081,87,99983,287,100087,100,99977,100,100089,100,99974,100,100093,100,99973,100,100095,100,99963,100,100102,100,99956,100,100116,100,99940,100,100128,100,99938,100
2019-06-28 09:37:27.391008673,100074,187,100070,10,100081,87,100015,190,100087,100,99984,187,100089,100,99983,287,100093,100,99977,100,100095,100,99974,100,100102,100,99973,100,100116,100,99963,100,100128,100,99956,100,100159,100,99940,100
2019-06-28 09:37:30.000000000,100074,166,100070,76,100087,166,100015,166,100089,166,99984,166,100093,166,99983,266,100095,100,99977,100,100102,100,99974,100,100116,100,99973,100,100128,100,99963,100,100159,100,99956,100,100165,100,99940,100
2019-06-28 09:37:39.491500543,100074,166,100070,76,100087,166,100015,166,100089,166,99984,166,100093,166,99983,266,100095,100,99977,100,100102,100,99974,100,100116,100,99973,100,100128,100,99963,100,100159,100,99956,100,100165,100,99940,100
2019-06-28 09:37:40.000000000,100074,190,100070,100,100087,187,100015,187,100089,187,99984,187,100093,100,99983,200,100095,100,99977,100,100102,100,99974,100,100116,100,99973,100,100128,100,99963,100,100159,100,99956,100,100165,100,99940,100
2019-06-28 09:37:50.000000000,100074,166,100070,76,100087,166,100015,166,100089,166,99984,166,100093,166,99983,266,100095,100,99977,100,100102,100,99974,100,100116,100,99973,100,100128,100,99963,100,100159,100,99956,100,100165,100,99940,100
2019-06-28 09:38:00.000000000,100074,232,100070,142,100087,232,100015,232,100089,100,99984,100,100093,100,99983,200,100095,100,99977,100,100102,100,99974,100,100116,100,99973,100,100128,100,99963,100,100159,100,99956,100,100165,100,99940,100
2019-06-28 09:38:07.408964184,100074,232,100070,142,100087,232,100015,232,100089,100,99984,100,100093,100,99983,200,100095,100,99977,100,100102,100,99974,100,100116,100,99973,100,100128,100,99963,100,100159,100,99956,100,100165,100,99940,100
2019-06-28 09:38:10.000000000,100074,232,100070,142,100087,232,100015,232,100089,100,99984,100,100093,100,99983,200,100095,100,99977,100,100102,100,99974,100,100116,100,99973,100,100128,100,99963,100,100159,100,99956,100,100165,100,99940,100
2019-06-28 09:38:10.621496747,100074,232,100070,142,100087,232,100015,232,100089,100,99984,100,100093,100,99983,100,100095,100,99977,100,100102,100,99974,100,100116,100,99973,100,100128,100,99963,100,100159,100,99956,100,100165,100,99940,100
2019-06-28 09:38:20.000000000,100074,232,100070,142,100087,232,100015,232,100089,100,99984,100,100093,100,99983,100,100095,100,99977,100,100102,100,99974,100,100116,100,99973,100,100128,100,99963,100,100159,100,99956,100,100165,100,99940,100
2019-06-28 09:38:28.587878757,100074,232,100070,142,100087,232,100015,232,100089,100,99984,100,100093,100,99983,100,100095,100,99977,100,100102,100,99974,100,100116,100,99973,100,100128,100,99963,100,100159,100,99956,100,100165,100,99940,100
2019-06-28 09:38:30.000000000,100074,364,100070,274,100087,100,100015,100,100089,100,99984,100,100093,100,99983,100,100095,100,99977,100,100102,100,99974,100,100116,100,99973,100,100128,100,99963,100,100159,100,99956,100,100165,100,99940,100
2019-06-28 09:38:40.000000000,100074,153,100070,63,100087,153,100015,153,100089,153,99984,153,100093,153,99983,153,100095,153,99977,153,100102,100,99974,100,100116,100,99973,100,100128,100,99963,100,100159,100,99956,100,100165,100,99940,100
2019-06-28 09:38:46.430510434,100074,153,100070,63,100087,153,100015,153,100089,153,99984,153,100093,153,99983,153,100095,153,99977,153,100102,100,99974,100,100116,100,99973,100,100128,100,99963,100,100159,100,99956,100,100165,100,99940,100
2019-06-28 09:38:50.000000000,100074,190,100070,100,100087,187,100015,187,100089,187,99984,187,100093,100,99983,100,100095,100,99977,100,100102,100,99974,100,100116,100,99973,100,100128,100,99963,100,100159,100,99956,100,100165,100,99940,100
2019-06-28 09:39:00.000000000,100074,232,100070,142,100087,232,100015,232,100089,100,99984,100,100093,100,99983,100,100095,100,99977,100,100102,100,99974,100,100116,100,99973,100,100128,100,99963,100,100159,100,99956,100,100165,100,99940,100
2019-06-28 09:39:01.120358160,100074,232,100070,142,100087,232,100015,232,100089,100,99984,100,100093,100,99983,100,100095,100,99977,100,100102,100,99974,100,100128,100,99973,100,100159,100,99963,100,100165,100,99956,100,100375,100,99940,100
2019-06-28 09:39:10.000000000,100074,190,100070,100,100087,187,100015,187,100089,187,99984,187,100093,100,99983,100,100095,100,99977,100,100102,100,99974,100,100128,100,99973,100,100159,100,99963,100,100165,100,99956,100,100375,100,99940,100
2019-06-28 09:39:16.389193418,100074,190,100070,100,100087,187,100015,187,100089,187,99984,187,100093,100,99983,100,100095,100,99977,100,100102,100,99974,100,100128,100,99973,100,100159,100,99963,100,100165,100,99956,100,100375,100,99940,100
2019-06-28 09:39:17.119138336,100074,90,100070,100,100087,187,100015,187,100089,187,99984,187,100093,100,99983,100,100095,100,99977,100,100102,100,99974,100,100128,100,99973,100,100159,100,99963,100,100165,100,99956,100,100375,100,99940,100
2019-06-28 09:39:20.000000000,100087,364,100070,274,100089,100,100015,100,100093,100,99984,100,100095,100,99983,100,100102,100,99977,100,100128,100,99974,100,100159,100,99973,100,100165,100,99963,100,100375,100,99956,100,100380,100,99940,100
2019-06-28 09:39:30.000000000,100087,232,100070,142,100089,232,100015,232,100093,100,99984,100,100095,100,99983,100,100102,100,99977,100,100128,100,99974,100,100159,100,99973,100,100165,100,99963,100,100375,100,99956,100,100380,100,99940,100
2019-06-28 09:39:36.645927460,100087,132,100070,142,100089,232,100015,232,100093,100,99984,100,100095,100,99983,100,100102,100,99977,100,100128,100,99974,100,100159,100,99973,100,100165,100,99963,100,100375,100,99956,100,100380,100,99940,100
2019-06-28 09:39:38.826597289,100087,132,100070,142,100089,232,100015,232,100093,100,99984,100,100095,100,99983,100,100102,100,99977,100,100128,100,99974,100,100159,100,99973,100,100165,100,99963,100,100283,100,99956,100,100375,100,99940,100
2019-06-28 09:39:40.000000000,100089,364,100070,274,100093,100,100015,100,100095,100,99984,100,100102,100,99983,100,100128,100,99977,100,100159,100,99974,100,100165,100,99973,100,100283,100,99963,100,100375,100,99956,100,100380,100,99940,100
2019-06-28 09:39:49.891629566,100089,264,100070,274,100093,100,100015,100,100102,100,99984,100,100128,100,99983,100,100159,100,99977,100,100165,100,99974,100,100283,100,99973,100,100375,100,99963,100,100380,100,99956,100,100389,100,99940,100
2019-06-28 09:39:50.000000000,100093,153,100070,63,100102,153,100015,153,100128,153,99984,153,100159,153,99983,153,100165,153,99977,153,100283,100,99974,100,100375,100,99973,100,100380,100,99963,100,100389,100,99956,100,100423,100,99940,100
2019-06-28 09:40:00.000000000,100093,153,100070,63,100102,153,100015,153,100128,153,99984,153,100159,153,99983,153,100165,153,99977,153,100283,100,99974,100,100375,100,99973,100,100380,100,99963,100,100389,100,99956,100,100423,100,99940,100
2019-06-28 09:40:10.000000000,100093,364,100070,274,100102,100,100015,100,100128,100,99984,100,100159,100,99983,100,100165,100,99977,100,100283,100,99974,100,100375,100,99973,100,100380,100,99963,100,100389,100,99956,100,100423,100,99940,100
2019-06-28 09:40:20.000000000,100093,364,100070,274,100102,100,100015,100,100128,100,99984,100,100159,100,99983,100,100165,100,99977,100,100283,100,99974,100,100375,100,99973,100,100380,100,99963,100,100389,100,99956,100,100423,100,99940,100
2019-06-28 09:40:20.536684055,100093,364,100070,274,100102,100,100015,100,100128,100,99984,100,100159,100,99983,100,100165,100,99977,100,100245,100,99974,100,100283,100,99973,100,100375,100,99963,100,100380,100,99956,100,100389,100,99940,100
2019-06-28 09:40:21.092162328,100093,264,100070,274,100102,100,100015,100,100128,100,99984,100,100159,100,99983,100,100165,100,99977,100,100245,100,99974,100,100283,100,99973,100,100375,100,99963,100,100389,100,99956,100,100423,100,99940,100
2019-06-28 09:40:30.000000000,100102,364,100070,274,100128,100,100015,100,100159,100,99984,100,100165,100,99983,100,100245,100,99977,100,100283,100,99974,100,100375,100,99973,100,100389,100,99963,100,100423,100,99956,100,100542,100,99940,100
2019-06-28 09:40:40.000000000,100102,153,100070,63,100128,153,100015,153,100159,153,99984,153,100165,153,99983,153,100245,153,99977,153,100283,100,99974,100,100375,100,99973,100,100389,100,99963,100,100423,100,99956,100,100542,100,99940,100
2019-06-28 09:40:49.317620861,100102,53,100070,63,100128,153,100015,153,100159,153,99984,153,100165,153,99983,153,100245,153,99977,153,100283,100,99974,100,100375,100,99973,100,100389,100,99963,100,100423,100,99956,100,100542,100,99940,100
2019-06-28 09:40:50.000000000,100128,190,100070,100,100159,187,100015,187,100165,187,99984,187,100245,100,99983,100,100283,100,99977,100,100375,100,99974,100,100389,100,99973,100,100423,100,99963,100,100542,100,99956,100,100589,100,99940,100
2019-06-28 09:41:00.000000000,100128,190,100070,100,100159,187,100015,187,100165,187,99984,187,100245,100,99983,100,100283,100,99977,100,100375,100,99974,100,100389,100,99973,100,100423,100,99963,100,100542,100,99956,100,100589,100,99940,100
2019-06-28 09:41:01.650089042,100128,190,100070,100,100159,187,100015,187,100165,187,99984,187,100245,100,99983,100,100283,100,99977,100,100375,100,99974,100,100389,100,99973,100,100423,100,99963,100,100542,100,99940,100,100589,100,99938,100
2019-06-28 09:41:08.938749503,100128,190,100070,100,100159,187,100015,187,100165,187,99984,87,100245,100,99983,100,100283,100,99977,100,100375,100,99974,100,100389,100,99973,100,100423,100,99963,100,100542,100,99940,100,100589,100,99938,100
2019-06-28 09:41:10.000000000,100128,364,100070,274,100159,100,100015,100,100165,100,99983,100,100245,100,99977,100,100283,100,99974,100,100375,100,99973,100,100389,100,99963,100,100423,100,99940,100,100542,100,99938,100,100589,100,99927,100
2019-06-28 09:41:15.596004574,100128,364,100070,274,100159,100,99983,100,100165,100,99977,100,100245,100,99974,100,100283,100,99973,100,100375,100,99963,100,100389,100,99940,100,100423,100,99938,100,100542,100,99927,100,100589,100,99912,100
2019-06-28 09:41:20.000000000,100128,364,100070,274,100159,100,99983,100,100165,100,99977,100,100245,100,99974,100,100283,100,99973,100,100375,100,99963,100,100389,100,99940,100,100423,100,99938,100,100542,100,99927,100,100589,100,99912,100
2019-06-28 09:41:30.000000000,100128,364,100070,274,100159,100,99983,100,100165,100,99977,100,100245,100,99974,100,100283,100,99973,100,100375,100,99963,100,100389,100,99940,100,100423,100,99938,100,100542,100,99927,100,100589,100,99912,100
2019-06-28 09:41:33.857750100,100128,264,100070,274,100159,100,99983,100,100165,100,99977,100,100245,100,99974,100,100283,100,99973,100,100375,100,99963,100,100389,100,99940,100,100423,100,99938,100,100542,100,99927,100,100589,100,99912,100
2019-06-28 09:41:40.000000000,100159,166,100070,76,100165,166,99983,166,100245,166,99977,166,100283,166,99974,166,100375,100,99973,100,100389,100,99963,100,100423,100,99940,100,100542,100,99938,100,100589,100,99927,100,100662,100,99912,100
2019-06-28 09:41:50.000000000,100159,190,100070,100,100165,187,99983,187,100245,187,99977,187,100283,100,99974,100,100375,100,99973,100,100389,100,99963,100,100423,100,99940,100,100542,100,99938,100,100589,100,99927,100,100662,100,99912,100
2019-06-28 09:41:50.974579143,100159,190,100070,100,100165,187,99983,187,100245,187,99977,187,100283,100,99974,100,100375,100,99973,100,100389,100,99963,100,100423,100,99940,100,100542,100,99938,100,100589,100,99927,100,100662,100,99912,100
2019-06-28 09:41:58.637637488,100159,90,100070,100,100165,187,99983,187,100245,187,99977,187,100283,100,99974,100,100375,100,99973,100,100389,100,99940,100,100423,100,99938,100,100542,100,99927,100,100589,100,99912,100,100662,100,99901,100
2019-06-28 09:42:00.000000000,100165,190,100070,100,100245,187,99983,187,100283,187,99977,187,100375,100,99974,100,100389,100,99973,100,100423,100,99940,100,100542,100,99938,100,100589,100,99927,100,100662,100,99912,100,100664,100,99901,100
2019-06-28 09:42:04.799596227,100165,190,100070,100,100245,187,99983,187,100283,187,99977,187,100375,100,99974,100,100389,100,99973,100,100423,100,99940,100,100542,100,99938,100,100589,100,99927,100,100662,100,99912,100,100664,100,99901,100
2019-06-28 09:42:10.000000000,100165,364,100070,274,100245,100,99983,100,100283,100,99977,100,100375,100,99974,100,100389,100,99973,100,100423,100,99940,100,100542,100,99938,100,100589,100,99927,100,100662,100,99912,100,100664,100,99901,100
2019-06-28 09:42:18.046196480,100165,364,100128,100,100245,100,100070,274,100283,100,99983,100,100375,100,99977,100,100389,100,99974,100,100423,100,99973,100,100542,100,99940,100,100589,100,99938,100,100662,100,99927,100,100664,100,99912,100
2019-06-28 09:42:20.000000000,100165,232,100128,232,100245,232,100070,142,100283,100,99983,100,100375,100,99977,100,100389,100,99974,100,100423,100,99973,100,100542,100,99940,100,100589,100,99938,100,100662,100,99927,100,100664,100,99912,100
2019-06-28 09:42:29.993612498,100165,132,100128,232,100245,232,100070,142,100283,100,99983,100,100375,100,99977,100,100389,100,99974,100,100423,100,99973,100,100542,100,99940,100,100589,100,99938,100,100662,100,99927,100,100664,100,99912,100
2019-06-28 09:42:30.000000000,100245,190,100128,190,100283,187,100070,97,100375,187,99983,187,100389,100,99977,100,100423,100,99974,100,100542,100,99973,100,100589,100,99940,100,100662,100,99938,100,100664,100,99927,100,100708,100,99912,100
2019-06-28 09:42:40.000000000,100245,166,100128,166,100283,166,100070,76,100375,166,99983,166,100389,166,99977,166,100423,100,99974,100,100542,100,99973,100,100589,100,99940,100,100662,100,99938,100,100664,100,99927,100,100708,100,99912,100
2019-06-28 09:42:42.400055665,100245,66,100128,166,100283,166,100070,76,100375,166,99983,166,100389,166,99977,166,100423,100,99974,100,100542,100,99973,100,100589,100,99940,100,100662,100,99938,100,100664,100,99927,100,100708,100,99912,100
2019-06-28 09:42:50.000000000,100283,153,100128,153,100375,153,100070,63,100389,153,99983,153,100423,153,99977,153,100542,153,99974,153,100589,100,99973,100,100662,100,99940,100,100664,100,99938,100,100708,100,99927,100,100719,100,99912,100
2019-06-28 09:42:57.509529179,100283,153,100128,153,100375,153,100070,63,100389,153,99983,153,100423,153,99977,153,100542,153,99974,153,100589,100,99973,100,100645,100,99940,100,100662,100,99938,100,100664,100,99927,100,100708,100,99912,100
2019-06-28 09:43:00.000000000,100283,153,100128,153,100375,153,100070,63,100389,153,99983,153,100423,153,99977,153,100542,153,99974,153,100589,100,99973,100,100645,100,99940,100,100662,100,99938,100,100664,100,99927,100,100708,100,99912,100
2019-06-28 09:43:03.157194537,100283,153,100165,100,100375,153,100128,153,100389,153,100070,63,100423,153,99983,153,100542,153,99977,153,100589,100,99974,153,100645,100,99973,100,100662,100,99940,100,100664,100,99938,100,100708,100,99927,100
2019-06-28 09:43:10.000000000,100283,190,100165,190,100375,187,100128,187,100389,187,100070,97,100423,100,99983,100,100542,100,99977,100,100589,100,99974,100,100645,100,99973,100,100662,100,99940,100,100664,100,99938,100,100708,100,99927,100
2019-06-28 09:43:13.888542114,100283,190,100165,290,100375,187,100128,187,100389,187,100070,97,100423,100,99983,100,100542,100,99977,100,100589,100,99974,100,100645,100,99973,100,100662,100,99940,100,100664,100,99938,100,100708,100,99927,100
2019-06-28 09:43:20.000000000,100283,166,100165,266,100375,166,100128,166,100389,166,100070,76,100423,166,99983,166,100542,100,99977,100,100589,100,99974,100,100645,100,99973,100,100662,100,99940,100,100664,100,99938,100,100708,100,99927,100
2019-06-28 09:43:23.729746609,100283,166,100165,366,100375,166,100128,166,100389,166,100070,76,100423,166,99983,166,100542,100,99977,100,100589,100,99974,100,100645,100,99973,100,100662,100,99940,100,100664,100,99938,100,100708,100,99927,100
2019-06-28 09:43:30.000000000,100283,153,100165,353,100375,153,100128,153,100389,153,100070,63,100423,153,99983,153,100542,153,99977,153,100589,100,99974,100,100645,100,99973,100,100662,100,99940,100,100664,100,99938,100,100708,100,99927,100
2019-06-28 09:43:40.000000000,100283,190,100165,390,100375,187,100128,187,100389,187,100070,97,100423,100,99983,100,100542,100,99977,100,100589,100,99974,100,100645,100,99973,100,100662,100,99940,100,100664,100,99938,100,100708,100,99927,100
2019-06-28 09:43:50.000000000,100283,364,100165,564,100375,100,100128,100,100389,100,100070,10,100423,100,99983,100,100542,100,99977,100,100589,100,99974,100,100645,100,99973,100,100662,100,99940,100,100664,100,99938,100,100708,100,99927,100
2019-06-28 09:43:55.587516476,100283,364,100165,564,100363,100,100128,100,100375,100,100070,10,100389,100,99983,100,100423,100,99977,100,100542,100,99974,100,100589,100,99940,100,100645,100,99938,100,100662,100,99927,100,100664,100,99901,100
2019-06-28 09:44:00.000000000,100283,153,100165,353,100363,153,100128,153,100375,153,100070,63,100389,153,99983,153,100423,153,99977,153,100542,100,99974,100,100589,100,99940,100,100645,100,99938,100,100662,100,99927,100,100664,100,99901,100
2019-06-28 09:44:05.834133302,100283,153,100165,453,100363,153,100128,153,100375,153,100070,63,100389,153,99983,153,100423,153,99977,153,100542,100,99974,100,100589,100,99940,100,100645,100,99938,100,100662,100,99927,100,100664,100,99901,100
2019-06-28 09:44:10.000000000,100283,190,100165,490,100363,187,100128,187,100375,187,100070,97,100389,100,99983,100,100423,100,99977,100,100542,100,99974,100,100589,100,99940,100,100645,100,99938,100,100662,100,99927,100,100664,100,99901,100
2019-06-28 09:44:20.000000000,100283,190,100165,490,100363,187,100128,187,100375,187,100070,97,100389,100,99983,100,100423,100,99977,100,100542,100,99974,100,100589,100,99940,100,100645,100,99938,100,100662,100,99927,100,100664,100,99901,100
2019-06-28 09:44:25.385779865,100283,190,100165,490,100363,187,100128,187,100375,187,100070,97,100389,100,99983,100,100423,100,99977,100,100542,100,99974,100,100589,100,99940,100,100645,100,99938,100,100662,100,99927,100,100664,100,99901,100
2019-06-28 09:44:30.000000000,100283,232,100165,532,100363,232,100128,232,100375,100,100070,10,100389,100,99983,100,100423,100,99977,100,100542,100,99974,100,100589,100,99940,100,100645,100,99938,100,100662,100,99927,100,100664,100,99901,100
2019-06-28 09:44:31.579313317,100283,232,100165,532,100363,232,100128,232,100375,100,100097,100,100389,100,100070,10,100423,100,99983,100,100542,100,99977,100,100589,100,99974,100,100645,100,99940,100,100662,100,99938,100,100664,100,99927,100
2019-06-28 09:44:35.557121834,100283,232,100165,432,100363,232,100128,232,100375,100,100097,100,100389,100,100070,10,100423,100,99983,100,100542,100,99977,100,100589,100,99974,100,100645,100,99940,100,100662,100,99938,100,100664,100,99927,100
2019-06-28 09:44:35.634230737,100244,100,100165,432,100283,232,100128,232,100363,232,100097,100,100375,100,100070,10,100389,100,99983,100,100423,100,99977,100,100542,100,99974,100,100589,100,99940,100,100645,100,99938,100,100662,100,99927,100
2019-06-28 09:44:38.417127868,100244,100,100165,332,100283,232,100128,232,100363,232,100097,100,100375,100,100070,10,100389,100,99983,100,100423,100,99977,100,100542,100,99974,100,100589,100,99940,100,100645,100,99938,100,100662,100,99927,100
2019-06-28 09:44:40.000000000,100244,364,100165,464,100283,100,100128,100,100363,100,100097,100,100375,100,100070,10,100389,100,99983,100,100423,100,99977,100,100542,100,99974,100,100589,100,99940,100,100645,100,99938,100,100662,100,99927,100
2019-06-28 09:44:50.000000000,100244,166,100165,266,100283,166,100128,166,100363,166,100097,166,100375,166,100070,76,100389,100,99983,100,100423,100,99977,100,100542,100,99974,100,100589,100,99940,100,100645,100,99938,100,100662,100,99927,100
2019-06-28 09:45:00.000000000,100244,166,100165,266,100283,166,100128,166,100363,166,100097,166,100375,166,100070,76,100389,100,99983,100,100423,100,99977,100,100542,100,99974,100,100589,100,99940,100,100645,100,99938,100,100662,100,99927,100
2019-06-28 09:45:07.919825069,100244,166,100165,266,100283,166,100128,166,100363,166,100097,166,100375,166,100070,66,100389,100,99983,100,100423,100,99977,100,100542,100,99974,100,100589,100,99940,100,100645,100,99938,100,100662,100,99927,100
2019-06-28 09:45:10.000000000,100244,364,100165,464,100283,100,100128,100,100363,100,100097,100,100375,100,99983,100,100389,100,99977,100,100423,100,99974,100,100542,100,99940,100,100589,100,99938,100,100645,100,99927,100,100662,100,99901,100
2019-06-28 09:45:20.000000000,100244,153,100165,253,100283,153,100128,153,100363,153,100097,153,100375,153,99983,153,100389,153,99977,153,100423,100,99974,100,100542,100,99940,100,100589,100,99938,100,100645,100,99927,100,100662,100,99901,100
2019-06-28 09:45:23.797541169,100244,153,100165,153,100283,153,100128,153,100363,153,100097,153,100375,153,99983,153,100389,153,99977,153,100423,100,99974,100,100542,100,99940,100,100589,100,99938,100,100645,100,99927,100,100662,100,99901,100
2019-06-28 09:45:30.000000000,100244,232,100165,232,100283,232,100128,232,100363,100,100097,100,100375,100,99983,100,100389,100,99977,100,100423,100,99974,100,100542,100,99940,100,100589,100,99938,100,100645,100,99927,100,100662,100,99901,100
2019-06-28 09:45:38.830499024,100244,232,100165,232,100283,232,100128,232,100363,100,100097,100,100375,100,99983,100,100389,100,99977,100,100423,100,99974,100,100542,100,99940,100,100589,100,99938,100,100645,100,99927,100,100662,100,99901,100
2019-06-28 09:45:40.000000000,100244,364,100165,364,100283,100,100128,100,100363,100,100097,100,100375,100,99983,100,100389,100,99977,100,100423,100,99974,100,100542,100,99940,100,100589,100,99938,100,100645,100,99927,100,100662,100,99901,100
2019-06-28 09:45:50.000000000,100244,166,100165,166,100283,166,100128,166,100363,166,100097,166,100375,166,99983,166,100389,100,99977,100,100423,100,99974,100,100542,100,99940,100,100589,100,99938,100,100645,100,99927,100,100662,100,99901,100
2019-06-28 09:45:52.650928983,100244,166,100165,66,100283,166,100128,166,100363,166,100097,166,100375,166,99983,166,100389,100,99977,100,100423,100,99974,100,100542,100,99940,100,100589,100,99938,100,100645,100,99927,100,100662,100,99901,100
2019-06-28 09:45:57.799804858,100165,34,100128,166,100244,166,100097,66,100283,166,99983,166,100363,166,99977,100,100375,166,99974,100,100389,100,99940,100,100423,100,99938,100,100542,100,99927,100,100589,100,99901,100,100645,100,99893,100
2019-06-28 09:46:00.000000000,100165,100,100128,166,100244,166,99983,166,100283,166,99977,166,100363,166,99974,166,100375,100,99940,100,100389,100,99938,100,100423,100,99927,100,100542,100,99901,100,100589,100,99893,100,100645,100,99877,200
2019-06-28 09:46:10.000000000,100165,87,100128,153,100244,153,99983,153,100283,153,99977,153,100363,153,99974,153,100375,153,99940,153,100389,100,99938,100,100423,100,99927,100,100542,100,99901,100,100589,100,99893,100,100645,100,99877,200
2019-06-28 09:46:11.188066775,100165,187,100128,153,100244,153,99983,153,100283,153,99977,153,100363,153,99974,153,100375,153,99940,153,100389,100,99938,100,100423,100,99927,100,100542,100,99901,100,100589,100,99893,100,100645,100,99877,200
2019-06-28 09:46:20.000000000,100165,266,100128,232,100244,232,99983,232,100283,100,99977,100,100363,100,99974,100,100375,100,99940,100,100389,100,99938,100,100423,100,99927,100,100542,100,99901,100,100589,100,99893,100,100645,100,99877,200
2019-06-28 09:46:22.201763237,100165,266,100128,132,100244,232,99983,232,100283,100,99977,100,100363,100,99974,100,100375,100,99940,100,100389,100,99938,100,100423,100,99927,100,100542,100,99901,100,100589,100,99893,100,100645,100,99877,200
2019-06-28 09:46:30.000000000,100165,224,99983,190,100244,187,99977,187,100283,187,99974,187,100363,100,99940,100,100375,100,99938,100,100389,100,99927,100,100423,100,99901,100,100542,100,99893,100,100589,100,99877,200,100645,100,99832,100
2019-06-28 09:46:36.172583360,100165,224,99983,190,100244,187,99977,187,100283,187,99974,187,100363,100,99940,100,100375,100,99938,100,100389,100,99927,100,100423,100,99901,100,100542,100,99877,200,100589,100,99832,100,100645,100,99824,100
2019-06-28 09:46:40.000000000,100165,187,99983,153,100244,153,99977,153,100283,153,99974,153,100363,153,99940,153,100375,153,99938,153,100389,100,99927,100,100423,100,99901,100,100542,100,99877,200,100589,100,99832,100,100645,100,99824,100
2019-06-28 09:46:45.096928187,100138,100,99983,153,100165,187,99977,153,100244,153,99974,153,100283,153,99940,53,100363,153,99938,153,100375,153,99927,100,100389,100,99901,100,100423,100,99877,200,100542,100,99832,100,100589,100,99824,100
2019-06-28 09:46:49.300843168,100138,100,100064,100,100165,187,99983,153,100244,153,99977,153,100283,153,99974,153,100363,153,99940,53,100375,153,99938,153,100389,100,99927,100,100423,100,99901,100,100542,100,99877,200,100589,100,99832,100
2019-06-28 09:46:50.000000000,100138,166,100064,166,100165,200,99983,166,100244,166,99977,166,100283,166,99974,166,100363,100,99938,100,100375,100,99927,100,100389,100,99901,100,100423,100,99877,200,100542,100,99832,100,100589,100,99824,100
2019-06-28 09:47:00.000000000,100138,166,100064,166,100165,200,99983,166,100244,166,99977,166,100283,166,99974,166,100363,100,99938,100,100375,100,99927,100,100389,100,99901,100,100423,100,99877,200,100542,100,99832,100,100589,100,99824,100
2019-06-28 09:47:07.568470492,100138,166,100064,166,100164,100,99983,166,100165,200,99977,166,100244,166,99974,166,100283,166,99938,100,100363,100,99927,100,100375,100,99901,100,100389,100,99877,200,100423,100,99832,100,100542,100,99824,100
2019-06-28 09:47:10.000000000,100138,232,100064,232,100164,232,99983,232,100165,134,99977,100,100244,100,99974,100,100283,100,99938,100,100363,100,99927,100,100375,100,99901,100,100389,100,99877,200,100423,100,99832,100,100542,100,99824,100
2019-06-28 09:47:17.496418078,100138,232,100064,232,100164,232,100030,100,100165,134,99983,232,100244,100,99977,100,100283,100,99974,100,100363,100,99938,100,100375,100,99927,100,100389,100,99901,100,100423,100,99877,200,100542,100,99832,100
2019-06-28 09:47:20.000000000,100138,364,100064,364,100164,100,100030,100,100165,134,99983,100,100244,100,99977,100,100283,100,99974,100,100363,100,99938,100,100375,100,99927,100,100389,100,99901,100,100423,100,99877,200,100542,100,99832,100
2019-06-28 09:47:24.855678868,100138,364,100064,364,100164,100,100030,100,100165,134,99983,100,100244,100,99977,100,100283,100,99974,100,100363,100,99938,100,100375,100,99927,100,100389,100,99901,100,100423,100,99877,200,100542,100,99832,100
2019-06-28 09:47:26.337422570,100138,364,100064,364,100164,100,100030,100,100165,134,99983,100,100244,100,99977,100,100283,100,99974,100,100363,100,99938,100,100375,100,99927,100,100389,100,99901,100,100423,100,99896,100,100542,100,99877,200
2019-06-28 09:47:30.000000000,100138,153,100064,153,100164,153,100030,153,100165,187,99983,153,100244,153,99977,153,100283,153,99974,153,100363,100,99938,100,100375,100,99927,100,100389,100,99901,100,100423,100,99896,100,100542,100,99877,200
2019-06-28 09:47:40.000000000,100138,190,100064,190,100164,187,100030,187,100165,221,99983,187,100244,100,99977,100,100283,100,99974,100,100363,100,99938,100,100375,100,99927,100,100389,100,99901,100,100423,100,99896,100,100542,100,99877,200
2019-06-28 09:47:46.418666844,100138,190,100067,100,100164,187,100064,190,100165,221,100030,187,100244,100,99983,187,100283,100,99977,100,100363,100,99974,100,100375,100,99938,100,100389,100,99927,100,100423,100,99901,100,100542,100,99896,100
2019-06-28 09:47:50.000000000,100138,232,100067,232,100164,232,100064,232,100165,134,100030,100,100244,100,99983,100,100283,100,99977,100,100363,100,99974,100,100375,100,99938,100,100389,100,99927,100,100423,100,99901,100,100542,100,99896,100
2019-06-28 09:48:00.000000000,100138,153,100067,153,100164,153,100064,153,100165,187,100030,153,100244,153,99983,153,100283,153,99977,153,100363,100,99974,100,100375,100,99938,100,100389,100,99927,100,100423,100,99901,100,100542,100,99896,100
2019-06-28 09:48:10.000000000,100138,232,100067,232,100164,232,100064,232,100165,134,100030,100,100244,100,99983,100,100283,100,99977,100,100363,100,99974,100,100375,100,99938,100,100389,100,99927,100,100423,100,99901,100,100542,100,99896,100
2019-06-28 09:48:20.000000000,100138,190,100067,190,100164,187,100064,187,100165,221,100030,187,100244,100,99983,100,100283,100,99977,100,100363,100,99974,100,100375,100,99938,100,100389,100,99927,100,100423,100,99901,100,100542,100,99896,100
2019-06-28 09:48:25.112636859,100138,90,100067,90,100164,187,100064,187,100165,221,100030,187,100244,100,99983,100,100283,100,99977,100,100363,100,99974,100,100375,100,99938,100,100389,100,99927,100,100423,100,99901,100,100542,100,99896,100
2019-06-28 09:48:30.000000000,100164,364,100064,364,100165,134,100030,100,100244,100,99983,100,100283,100,99977,100,100363,100,99974,100,100375,100,99938,100,100389,100,99927,100,100423,100,99901,100,100542,100,99896,100,100589,100,99877,200
2019-06-28 09:48:36.364534762,100128,100,100064,364,100164,364,100030,100,100165,134,99983,100,100244,100,99977,100,100283,100,99974,100,100363,100,99938,100,100375,100,99927,100,100389,100,99901,100,100423,100,99896,100,100542,100,99877,200
2019-06-28 09:48:40.000000000,100128,166,100064,166,100164,166,100030,166,100165,200,99983,166,100244,166,99977,166,100283,100,99974,100,100363,100,99938,100,100375,100,99927,100,100389,100,99901,100,100423,100,99896,100,100542,100,99877,200
2019-06-28 09:48:44.019418278,100128,166,100064,166,100164,166,100030,166,100165,200,99983,166,100244,166,99977,166,100283,100,99974,100,100363,100,99938,100,100375,100,99927,100,100389,100,99901,100,100423,100,99896,100,100542,100,99877,200
2019-06-28 09:48:50.000000000,100128,190,100064,190,100164,187,100030,187,100165,221,99983,187,100244,100,99977,100,100283,100,99974,100,100363,100,99938,100,100375,100,99927,100,100389,100,99901,100,100423,100,99896,100,100542,100,99877,200
2019-06-28 09:48:57.105680303,100128,190,100064,90,100164,187,100030,187,100165,221,99983,187,100244,100,99977,100,100283,100,99974,100,100363,100,99927,100,100375,100,99901,100,100389,100,99896,100,100423,100,99877,200,100542,100,99832,100
2019-06-28 09:49:00.000000000,100128,190,100030,190,100164,187,99983,187,100165,221,99977,187,100244,100,99974,100,100283,100,99927,100,100363,100,99901,100,100375,100,99896,100,100389,100,99877,200,100423,100,99832,100,100542,100,99824,100
2019-06-28 09:49:00.563877657,100067,100,100030,190,100128,190,99983,187,100164,187,99977,87,100165,221,99974,100,100244,100,99927,100,100283,100,99901,100,100363,100,99896,100,100375,100,99877,200,100389,100,99832,100,100423,100,99824,100
2019-06-28 09:49:10.000000000,100067,166,100030,166,100128,166,99983,166,100164,166,99974,166,100165,200,99927,166,100244,100,99901,100,100283,100,99896,100,100363,100,99877,200,100375,100,99832,100,100389,100,99824,100,100423,100,99801,100
2019-06-28 09:49:18.243592874,100067,166,100030,166,100128,166,99983,166,100164,166,99974,166,100165,200,99927,166,100244,100,99901,100,100283,100,99896,100,100363,100,99877,200,100375,100,99832,100,100389,100,99824,100,100423,100,99759,100
2019-06-28 09:49:20.000000000,100067,232,100030,232,100128,232,99983,232,100164,100,99974,100,100165,134,99927,100,100244,100,99901,100,100283,100,99896,100,100363,100,99877,200,100375,100,99832,100,100389,100,99824,100,100423,100,99759,100
2019-06-28 09:49:24.456702955,100067,232,100030,232,100128,232,99983,232,100164,100,99974,100,100165,134,99927,100,100244,100,99901,100,100283,100,99896,100,100363,100,99877,200,100375,100,99832,100,100389,100,99824,100,100423,100,99759,100
2019-06-28 09:49:30.000000000,100067,166,100030,166,100128,166,99983,166,100164,166,99974,166,100165,200,99927,166,100244,100,99901,100,100283,100,99896,100,100363,100,99877,200,100375,100,99832,100,100389,100,99824,100,100423,100,99759,100
2019-06-28 09:49:40.000000000,100067,166,100030,166,100128,166,99983,166,100164,166,99974,166,100165,200,99927,166,100244,100,99901,100,100283,100,99896,100,100363,100,99877,200,100375,100,99832,100,100389,100,99824,100,100423,100,99759,100
2019-06-28 09:49:50.000000000,100067,232,100030,232,100128,232,99983,232,100164,100,99974,100,100165,134,99927,100,100244,100,99901,100,100283,100,99896,100,100363,100,99877,200,100375,100,99832,100,100389,100,99824,100,100423,100,99759,100
2019-06-28 09:50:00.000000000,100067,190,100030,190,100128,187,99983,187,100164,187,99974,187,100165,134,99927,100,100244,100,99901,100,100283,100,99896,100,100363,100,99877,200,100375,100,99832,100,100389,100,99824,100,100423,100,99759,100
2019-06-28 09:50:07.312044667,100067,290,100030,190,100128,187,99983,187,100164,187,99974,187,100165,134,99927,100,100244,100,99901,100,100283,100,99896,100,100363,100,99877,200,100375,100,99832,100,100389,100,99824,100,100423,100,99759,100
2019-06-28 09:50:08.425284924,100067,290,100030,190,100128,187,99983,187,100164,187,99974,187,100165,134,99927,100,100244,100,99901,100,100283,100,99877,200,100363,100,99832,100,100375,100,99824,100,100389,100,99759,100,100423,100,99756,100
2019-06-28 09:50:10.000000000,100067,464,100030,364,100128,100,99983,100,100164,100,99974,100,100165,134,99927,100,100244,100,99901,100,100283,100,99877,200,100363,100,99832,100,100375,100,99824,100,100389,100,99759,100,100423,100,99756,100
2019-06-28 09:50:20.000000000,100067,464,100030,364,100128,100,99983,100,100164,100,99974,100,100165,134,99927,100,100244,100,99901,100,100283,100,99877,200,100363,100,99832,100,100375,100,99824,100,100389,100,99759,100,100423,100,99756,100
2019-06-28 09:50:30.000000000,100067,266,100030,166,100128,166,99983,166,100164,166,99974,166,100165,200,99927,166,100244,100,99901,100,100283,100,99877,200,100363,100,99832,100,100375,100,99824,100,100389,100,99759,100,100423,100,99756,100
2019-06-28 09:50:40.000000000,100067,266,100030,166,100128,166,99983,166,100164,166,99974,166,100165,200,99927,166,100244,100,99901,100,100283,100,99877,200,100363,100,99832,100,100375,100,99824,100,100389,100,99759,100,100423,100,99756,100
2019-06-28 09:50:50.000000000,100067,266,100030,166,100128,166,99983,166,100164,166,99974,166,100165,200,99927,166,100244,100,99901,100,100283,100,99877,200,100363,100,99832,100,100375,100,99824,100,100389,100,99759,100,100423,100,99756,100
2019-06-28 09:51:00.000000000,100067,464,100030,364,100128,100,99983,100,100164,100,99974,100,100165,134,99927,100,100244,100,99901,100,100283,100,99877,200,100363,100,99832,100,100375,100,99824,100,100389,100,99759,100,100423,100,99756,100
2019-06-28 09:51:10.000000000,100067,266,100030,166,100128,166,99983,166,100164,166,99974,166,100165,200,99927,166,100244,100,99901,100,100283,100,99877,200,100363,100,99832,100,100375,100,99824,100,100389,100,99759,100,100423,100,99756,100
2019-06-28 09:51:18.500321325,100067,166,100030,166,100128,166,99983,166,100164,166,99974,166,100165,200,99927,166,100244,100,99901,100,100283,100,99877,200,100363,100,99832,100,100375,100,99824,100,100389,100,99759,100,100423,100,99756,100
2019-06-28 09:51:20.000000000,100067,190,100030,190,100128,187,99983,187,100164,187,99974,187,100165,134,99927,100,100244,100,99901,100,100283,100,99877,200,100363,100,99832,100,100375,100,99824,100,100389,100,99759,100,100423,100,99756,100
2019-06-28 09:51:30.000000000,100067,166,100030,166,100128,166,99983,166,100164,166,99974,166,100165,200,99927,166,100244,100,99901,100,100283,100,99877,200,100363,100,99832,100,100375,100,99824,100,100389,100,99759,100,100423,100,99756,100
2019-06-28 09:51:40.000000000,100067,153,100030,153,100128,153,99983,153,100164,153,99974,153,100165,187,99927,153,100244,153,99901,153,100283,100,99877,200,100363,100,99832,100,100375,100,99824,100,100389,100,99759,100,100423,100,99756,100
2019-06-28 09:51:50.000000000,100067,232,100030,232,100128,232,99983,232,100164,100,99974,100,100165,134,99927,100,100244,100,99901,100,100283,100,99877,200,100363,100,99832,100,100375,100,99824,100,100389,100,99759,100,100423,100,99756,100
2019-06-28 09:51:56.092988603,100067,132,100030,232,100128,232,99983,232,100164,100,99974,100,100165,134,99927,100,100244,100,99901,100,100283,100,99877,200,100363,100,99832,100,100375,100,99824,100,100389,100,99759,100,100423,100,99756,100
2019-06-28 09:52:00.000000000,100128,190,100030,190,100164,187,99983,187,100165,221,99974,187,100244,100,99927,100,100283,100,99901,100,100363,100,99877,200,100375,100,99832,100,100389,100,99824,100,100423,100,99759,100,100542,100,99756,100
2019-06-28 09:52:00.878298629,100128,190,100030,190,100164,187,99983,187,100165,221,99974,187,100244,100,99927,100,100283,100,99901,100,100291,100,99877,200,100363,100,99832,100,100375,100,99824,100,100389,100,99759,100,100423,100,99756,100
2019-06-28 09:52:08.216900163,100128,190,100030,190,100164,187,99983,187,100165,221,99974,187,100170,100,99927,100,100244,100,99901,100,100283,100,99877,100,100291,100,99832,100,100363,100,99824,100,100375,100,99759,100,100389,100,99756,100
2019-06-28 09:52:10.000000000,100128,166,100030,166,100164,166,99983,166,100165,200,99974,166,100170,166,99927,166,100244,100,99901,100,100283,100,99877,100,100291,100,99832,100,100363,100,99824,100,100375,100,99759,100,100389,100,99756,100
2019-06-28 09:52:20.000000000,100128,153,100030,153,100164,153,99983,153,100165,187,99974,153,100170,153,99927,153,100244,153,99901,153,100283,100,99877,100,100291,100,99832,100,100363,100,99824,100,100375,100,99759,100,100389,100,99756,100
2019-06-28 09:52:30.000000000,100128,364,100030,364,100164,100,99983,100,100165,134,99974,100,100170,100,99927,100,100244,100,99901,100,100283,100,99877,100,100291,100,99832,100,100363,100,99824,100,100375,100,99759,100,100389,100,99756,100
2019-06-28 09:52:40.000000000,100128,166,100030,166,100164,166,99983,166,100165,200,99974,166,100170,166,99927,166,100244,100,99901,100,100283,100,99877,100,100291,100,99832,100,100363,100,99824,100,100375,100,99759,100,100389,100,99756,100
2019-06-28 09:52:50.000000000,100128,232,100030,232,100164,232,99983,232,100165,134,99974,100,100170,100,99927,100,100244,100,99901,100,100283,100,99877,100,100291,100,99832,100,100363,100,99824,100,100375,100,99759,100,100389,100,99756,100
2019-06-28 09:53:00.000000000,100128,364,100030,364,100164,100,99983,100,100165,134,99974,100,100170,100,99927,100,100244,100,99901,100,100283,100,99877,100,100291,100,99832,100,100363,100,99824,100,100375,100,99759,100,100389,100,99756,100
2019-06-28 09:53:03.545473802,100128,364,100030,264,100164,100,99983,100,100165,134,99974,100,100170,100,99927,100,100244,100,99901,100,100283,100,99877,100,100291,100,99832,100,100363,100,99824,100,100375,100,99759,100,100389,100,99756,100
2019-06-28 09:53:04.466705888,100128,364,100030,164,100164,100,99983,100,100165,134,99974,100,100170,100,99927,100,100244,100,99901,100,100283,100,99877,100,100291,100,99832,100,100363,100,99824,100,100375,100,99759,100,100389,100,99756,100
2019-06-28 09:53:07.216772667,100128,364,100030,164,100164,100,99983,100,100165,134,99974,100,100170,100,99927,100,100244,100,99901,100,100283,100,99877,100,100291,100,99824,100,100363,100,99759,100,100375,100,99756,100,100389,100,99745,100
2019-06-28 09:53:10.000000000,100128,166,99983,166,100164,166,99974,166,100165,200,99927,166,100170,166,99901,166,100244,100,99877,100,100283,100,99824,100,100291,100,99759,100,100363,100,99756,100,100375,100,99745,100,100389,100,99724,100
2019-06-28 09:53:17.372655268,100128,166,99983,66,100164,166,99974,166,100165,200,99927,166,100170,166,99901,166,100244,100,99877,100,100283,100,99824,100,100291,100,99759,100,100363,100,99756,100,100375,100,99745,100,100389,100,99724,100
2019-06-28 09:53:20.000000000,100128,364,99974,364,100164,100,99927,100,100165,134,99901,100,100170,100,99877,100,100244,100,99824,100,100283,100,99759,100,100291,100,99756,100,100363,100,99745,100,100375,100,99724,100,100389,100,99701,100
2019-06-28 09:53:30.000000000,100128,232,99974,232,100164,232,99927,232,100165,134,99901,100,100170,100,99877,100,100244,100,99824,100,100283,100,99759,100,100291,100,99756,100,100363,100,99745,100,100375,100,99724,100,100389,100,99701,100
2019-06-28 09:53:40.000000000,100128,232,99974,232,100164,232,99927,232,100165,134,99901,100,100170,100,99877,100,100244,100,99824,100,100283,100,99759,100,100291,100,99756,100,100363,100,99745,100,100375,100,99724,100,100389,100,99701,100
2019-06-28 09:53:44.263404718,100128,232,99974,232,100164,232,99927,232,100165,134,99901,100,100170,100,99877,100,100244,100,99824,100,100283,100,99759,100,100291,100,99756,100,100363,100,99745,100,100375,100,99724,100,100389,100,99701,100
2019-06-28 09:53:50.000000000,100128,364,99974,364,100164,100,99927,100,100165,134,99901,100,100170,100,99877,100,100244,100,99824,100,100283,100,99759,100,100291,100,99756,100,100363,100,99745,100,100375,100,99724,100,100389,100,99701,100
2019-06-28 09:53:58.982778517,100128,364,99974,364,100164,100,99927,100,100165,134,99877,100,100170,100,99824,100,100244,100,99759,100,100283,100,99756,100,100291,100,99745,100,100363,100,99724,100,100375,100,99701,100,100389,100,99578,100
2019-06-28 09:53:59.962887408,100128,364,99974,264,100164,100,99927,100,100165,134,99877,100,100170,100,99824,100,100244,100,99759,100,100283,100,99756,100,100291,100,99745,100,100363,100,99724,100,100375,100,99701,100,100389,100,99578,100
2019-06-28 09:54:00.000000000,100128,232,99927,232,100164,232,99877,232,100165,134,99824,100,100170,100,99759,100,100244,100,99756,100,100283,100,99745,100,100291,100,99724,100,100363,100,99701,100,100375,100,99578,100,100389,100,99551,100
2019-06-28 09:54:07.070213337,100128,232,99927,132,100164,232,99877,232,100165,134,99824,100,100170,100,99759,100,100244,100,99756,100,100283,100,99745,100,100291,100,99724,100,100363,100,99701,100,100375,100,99578,100,100389,100,99551,100
2019-06-28 09:54:10.000000000,100128,232,99877,232,100164,232,99824,232,100165,134,99759,100,100170,100,99756,100,100244,100,99745,100,100283,100,99724,100,100291,100,99701,100,100363,100,99578,100,100375,100,99551,100,100389,100,99384,100
2019-06-28 09:54:20.000000000,100128,232,99877,232,100164,232,99824,232,100165,134,99759,100,100170,100,99756,100,100244,100,99745,100,100283,100,99724,100,100291,100,99701,100,100363,100,99578,100,100375,100,99551,100,100389,100,99384,100
2019-06-28 09:54:23.223891967,100128,232,99877,132,100164,232,99824,232,100165,100,99759,100,100170,100,99756,100,100244,100,99745,100,100283,100,99724,100,100291,100,99701,100,100363,100,99578,100,100375,100,99551,100,100389,100,99384,100
2019-06-28 09:54:25.198641632,99927,100,99877,132,100128,232,99824,232,100164,232,99759,100,100165,100,99756,100,100170,100,99745,100,100244,100,99724,100,100283,100,99701,100,100291,100,99578,100,100363,100,99551,100,100375,100,99384,100
2019-06-28 09:54:27.667261152,99927,100,99877,132,100128,232,99824,232,100164,232,99759,100,100165,100,99756,100,100170,100,99745,100,100244,100,99724,100,100283,100,99701,100,100291,100,99578,100,100363,100,99551,100,100375,100,99461,100
2019-06-28 09:54:30.000000000,99927,190,99824,190,100128,187,99759,187,100164,187,99756,187,100165,100,99745,100,100170,100,99724,100,100244,100,99701,100,100283,100,99578,100,100291,100,99551,100,100363,100,99461,100,100375,100,,
2019-06-28 09:54:40.000000000,99927,166,99824,166,100128,166,99759,166,100164,166,99756,166,100165,166,99745,166,100170,100,99724,100,100244,100,99701,100,100283,100,99578,100,100291,100,99551,100,100363,100,99461,100,100375,100,,
2019-06-28 09:54:50.000000000,99927,232,99824,232,100128,232,99759,232,100164,100,99756,100,100165,100,99745,100,100170,100,99724,100,100244,100,99701,100,100283,100,99578,100,100291,100,99551,100,100363,100,99461,100,100375,100,,
2019-06-28 09:54:54.608166382,99927,232,99824,132,100128,232,99759,232,100164,100,99756,100,100165,100,99745,100,100170,100,99724,100,100244,100,99701,100,100283,100,99578,100,100291,100,99551,100,100363,100,99461,100,100375,100,,
2019-06-28 09:55:00.000000000,99927,166,99759,166,100128,166,99756,166,100164,166,99745,166,100165,166,99724,166,100170,100,99701,100,100244,100,99578,100,100283,100,99551,100,100291,100,99461,100,100363,100,,,100375,100,,
2019-06-28 09:55:03.149257490,99927,166,99759,66,100128,166,99756,166,100164,166,99745,166,100165,166,99724,166,100170,100,99701,100,100244,100,99578,100,100283,100,99551,100,100363,100,99461,100,100375,100,,,100389,100,,
2019-06-28 09:55:10.000000000,99927,364,99756,364,100128,100,99745,100,100164,100,99724,100,100165,100,99701,100,100170,100,99578,100,100244,100,99551,100,100283,100,99461,100,100363,100,,,100375,100,,,100389,100,,
2019-06-28 09:55:20.000000000,99927,232,99756,232,100128,232,99745,232,100164,100,99724,100,100165,100,99701,100,100170,100,99578,100,100244,100,99551,100,100283,100,99461,100,100363,100,,,100375,100,,,100389,100,,
2019-06-28 09:55:21.782709318,99927,232,99756,232,100128,232,99745,232,100164,100,99701,100,100165,100,99578,100,100170,100,99551,100,100244,100,99461,100,100283,100,99190,100,100363,100,,,100375,100,,,100389,100,,
2019-06-28 09:55:30.000000000,99927,190,99756,190,100128,187,99745,187,100164,187,99701,187,100165,100,99578,100,100170,100,99551,100,100244,100,99461,100,100283,100,99190,100,100363,100,,,100375,100,,,100389,100,,
2019-06-28 09:55:32.739932639,99927,190,99756,190,100128,187,99745,187,100164,187,99701,187,100165,100,99578,100,100170,100,99551,100,100244,100,99461,100,100283,100,99227,100,100363,100,99190,100,100375,100,,,100389,100,,
2019-06-28 09:55:40.000000000,99927,232,99756,232,100128,232,99745,232,100164,100,99701,100,100165,100,99578,100,100170,100,99551,100,100244,100,99461,100,100283,100,99227,100,100363,100,99190,100,100375,100,,,100389,100,,
2019-06-28 09:55:46.420827207,99824,100,99756,232,99927,232,99745,232,100128,232,99701,100,100164,100,99578,100,100165,100,99551,100,100170,100,99461,100,100244,100,99227,100,100283,100,99190,100,100363,100,,,100375,100,,
2019-06-28 09:55:50.000000000,99824,190,99756,190,99927,187,99745,187,100128,187,99701,187,100164,100,99578,100,100165,100,99551,100,100170,100,99461,100,100244,100,99227,100,100283,100,99190,100,100363,100,,,100375,100,,
2019-06-28 09:55:53.381607925,99824,290,99756,190,99927,187,99745,187,100128,187,99701,187,100164,100,99578,100,100165,100,99551,100,100170,100,99461,100,100244,100,99227,100,100283,100,99190,100,100363,100,,,100375,100,,
2019-06-28 09:56:00.000000000,99824,266,99756,166,99927,166,99745,166,100128,166,99701,166,100164,166,99578,166,100165,100,99551,100,100170,100,99461,100,100244,100,99227,100,100283,100,99190,100,100363,100,,,100375,100,,
2019-06-28 09:56:10.000000000,99824,253,99756,153,99927,153,99745,153,100128,153,99701,153,100164,153,99578,153,100165,153,99551,153,100170,100,99461,100,100244,100,99227,100,100283,100,99190,100,100363,100,,,100375,100,,
2019-06-28 09:56:13.513082158,99824,253,99756,53,99927,153,99745,153,100128,153,99701,153,100164,153,99578,153,100165,153,99551,153,100170,100,99461,100,100244,100,99227,100,100283,100,99190,100,100363,100,,,100375,100,,
2019-06-28 09:56:20.000000000,99824,332,99745,232,99927,232,99701,232,100128,100,99578,100,100164,100,99551,100,100165,100,99461,100,100170,100,99227,100,100244,100,99190,100,100283,100,,,100363,100,,,100375,100,,
2019-06-28 09:56:23.924880238,99759,100,99745,232,99824,332,99701,232,99927,232,99578,100,100128,100,99551,100,100164,100,99461,100,100165,100,99227,100,100170,100,99190,100,100244,100,,,100283,100,,,100363,100,,
2019-06-28 09:56:25.379208414,99759,200,99745,232,99824,332,99701,232,99927,232,99578,100,100128,100,99551,100,100164,100,99461,100,100165,100,99227,100,100170,100,99190,100,100244,100,,,100283,100,,,100363,100,,
2019-06-28 09:56:29.269711746,99759,300,99745,232,99824,332,99701,232,99927,232,99578,100,100128,100,99551,100,100164,100,99461,100,100165,100,99227,100,100170,100,99190,100,100244,100,,,100283,100,,,100363,100,,
2019-06-28 09:56:30.000000000,99759,353,99745,153,99824,253,99701,153,99927,153,99578,153,100128,153,99551,153,100164,153,99461,153,100165,100,99227,100,100170,100,99190,100,100244,100,,,100283,100,,,100363,100,,
2019-06-28 09:56:40.000000000,99759,353,99745,153,99824,253,99701,153,99927,153,99578,153,100128,153,99551,153,100164,153,99461,153,100165,100,99227,100,100170,100,99190,100,100244,100,,,100283,100,,,100363,100,,
2019-06-28 09:56:50.000000000,99759,390,99745,190,99824,287,99701,187,99927,187,99578,187,100128,100,99551,100,100164,100,99461,100,100165,100,99227,100,100170,100,99190,100,100244,100,,,100283,100,,,100363,100,,
2019-06-28 09:57:00.000000000,99759,366,99745,166,99824,266,99701,166,99927,166,99578,166,100128,166,99551,166,100164,100,99461,100,100165,100,99227,100,100170,100,99190,100,100244,100,,,100283,100,,,100363,100,,
2019-06-28 09:57:10.000000000,99759,390,99745,190,99824,287,99701,187,99927,187,99578,187,100128,100,99551,100,100164,100,99461,100,100165,100,99227,100,100170,100,99190,100,100244,100,,,100283,100,,,100363,100,,
2019-06-28 09:57:20.000000000,99759,353,99745,153,99824,253,99701,153,99927,153,99578,153,100128,153,99551,153,100164,153,99461,153,100165,100,99227,100,100170,100,99190,100,100244,100,,,100283,100,,,100363,100,,
2019-06-28 09:57:24.768683730,99759,353,99745,153,99817,100,99701,153,99824,253,99578,153,99927,153,99551,153,100128,153,99461,153,100164,153,99227,100,100165,100,99190,100,100170,100,,,100244,100,,,100283,100,,
2019-06-28 09:57:30.000000000,99759,432,99745,232,99817,232,99701,232,99824,200,99578,100,99927,100,99551,100,100128,100,99461,100,100164,100,99227,100,100165,100,99190,100,100170,100,,,100244,100,,,100283,100,,
2019-06-28 09:57:31.598580516,99759,432,99745,132,99817,232,99701,232,99824,200,99578,100,99927,100,99551,100,100128,100,99461,100,100164,100,99227,100,100165,100,99190,100,100170,100,,,100244,100,,,100283,100,,
2019-06-28 09:57:40.000000000,99759,432,99701,232,99817,232,99578,232,99824,200,99551,100,99927,100,99461,100,100128,100,99227,100,100164,100,99190,100,100165,100,,,100170,100,,,100244,100,,,100283,100,,
2019-06-28 09:57:46.398991032,99759,432,99701,132,99817,232,99578,232,99824,200,99551,100,99927,100,99461,100,100128,100,99227,100,100164,100,99190,100,100165,100,,,100170,100,,,100244,100,,,100283,100,,
2019-06-28 09:57:50.000000000,99759,564,99578,364,99817,100,99551,100,99824,200,99461,100,99927,100,99227,100,100128,100,99190,100,100164,100,,,100165,100,,,100170,100,,,100244,100,,,100283,100,,
2019-06-28 09:57:56.019826302,99759,564,99578,264,99817,100,99551,100,99824,200,99461,100,99927,100,99227,100,100128,100,99190,100,100164,100,,,100165,100,,,100170,100,,,100244,100,,,100283,100,,
2019-06-28 09:58:00.000000000,99759,353,99551,153,99817,153,99461,153,99824,253,99227,153,99927,153,99190,153,100128,153,99189,53,100164,100,,,100165,100,,,100170,100,,,100244,100,,,100283,100,,
2019-06-28 09:58:05.387825581,99759,353,99551,53,99817,153,99461,153,99824,253,99227,153,99927,153,99190,153,100128,153,99189,53,100164,100,,,100165,100,,,100170,100,,,100244,100,,,100283,100,,
2019-06-28 09:58:10.000000000,99759,432,99461,232,99817,232,99227,232,99824,200,99190,100,99927,100,,,100128,100,,,100164,100,,,100165,100,,,100170,100,,,100244,100,,,100283,100,,
2019-06-28 09:58:11.855953640,99759,432,99461,232,99817,232,99332,100,99824,200,99227,232,99927,100,99190,100,100128,100,,,100164,100,,,100165,100,,,100170,100,,,100244,100,,,100283,100,,
2019-06-28 09:58:20.000000000,99759,564,99461,364,99817,100,99332,100,99824,200,99227,100,99927,100,99190,100,100128,100,,,100164,100,,,100165,100,,,100170,100,,,100244,100,,,100283,100,,
2019-06-28 09:58:22.394785753,99759,564,99461,364,99817,100,99405,100,99824,200,99332,100,99927,100,99227,100,100128,100,99190,100,100164,100,,,100165,100,,,100170,100,,,100244,100,,,100283,100,,
2019-06-28 09:58:28.177289778,99759,564,99461,264,99817,100,99405,100,99824,200,99332,100,99927,100,99227,100,100128,100,99190,100,100164,100,,,100165,100,,,100170,100,,,100244,100,,,100283,100,,
2019-06-28 09:58:30.000000000,99759,353,99405,153,99817,153,99332,153,99824,253,99227,153,99927,153,99190,153,100128,153,99189,53,100164,100,,,100165,100,,,100170,100,,,100244,100,,,100283,100,,
2019-06-28 09:58:34.117540028,99759,353,99539,100,99817,153,99405,153,99824,253,99332,153,99927,153,99227,153,100128,153,99190,153,100164,100,99189,53,100165,100,,,100170,100,,,100244,100,,,100283,100,,
2019-06-28 09:58:35.235151867,99759,353,99618,100,99817,153,99539,100,99824,253,99405,153,99927,153,99332,153,100128,153,99227,153,100164,100,99190,153,100165,100,99189,53,100170,100,,,100244,100,,,100283,100,,
2019-06-28 09:58:35.528909510,99759,353,99618,100,99817,153,99539,100,99824,253,99462,100,99927,153,99405,153,100128,153,99332,153,100164,100,99227,153,100165,100,99190,153,100170,100,99189,53,100244,100,,,100283,100,,
2019-06-28 09:58:40.000000000,99759,390,99618,190,99817,187,99539,187,99824,287,99462,187,99927,100,99405,100,100128,100,99332,100,100164,100,99227,100,100165,100,99190,100,100170,100,,,100244,100,,,100283,100,,
2019-06-28 09:58:50.000000000,99759,564,99618,364,99817,100,99539,100,99824,200,99462,100,99927,100,99405,100,100128,100,99332,100,100164,100,99227,100,100165,100,99190,100,100170,100,,,100244,100,,,100283,100,,
2019-06-28 09:58:51.542426198,99759,464,99618,364,99817,100,99539,100,99824,200,99462,100,99927,100,99405,100,100128,100,99332,100,100164,100,99227,100,100165,100,99190,100,100170,100,,,100244,100,,,100283,100,,
2019-06-28 09:58:58.132770516,99759,364,99618,364,99817,100,99539,100,99824,200,99462,100,99927,100,99405,100,100128,100,99227,100,100164,100,99190,100,100165,100,,,100170,100,,,100244,100,,,100283,100,,
2019-06-28 09:59:00.000000000,99759,166,99618,166,99817,166,99539,166,99824,266,99462,166,99927,166,99405,166,100128,100,99227,100,100164,100,99190,100,100165,100,,,100170,100,,,100244,100,,,100283,100,,
2019-06-28 09:59:01.354018072,99759,166,99618,166,99817,166,99539,166,99824,266,99462,166,99900,100,99405,166,99927,166,99227,100,100128,100,99190,100,100164,100,,,100165,100,,,100170,100,,,100244,100,,
2019-06-28 09:59:10.000000000,99759,166,99618,166,99817,166,99539,166,99824,266,99462,166,99900,166,99405,166,99927,100,99227,100,100128,100,99190,100,100164,100,,,100165,100,,,100170,100,,,100244,100,,
2019-06-28 09:59:20.000000000,99759,190,99618,190,99817,187,99539,187,99824,287,99462,187,99900,100,99405,100,99927,100,99227,100,100128,100,99190,100,100164,100,,,100165,100,,,100170,100,,,100244,100,,
2019-06-28 09:59:30.000000000,99759,190,99618,190,99817,187,99539,187,99824,287,99462,187,99900,100,99405,100,99927,100,99227,100,100128,100,99190,100,100164,100,,,100165,100,,,100170,100,,,100244,100,,
2019-06-28 09:59:40.000000000,99759,232,99618,232,99817,232,99539,232,99824,200,99462,100,99900,100,99405,100,99927,100,99227,100,100128,100,99190,100,100164,100,,,100165,100,,,100170,100,,,100244,100,,
2019-06-28 09:59:42.412396111,99759,232,99618,232,99817,232,99539,232,99824,200,99462,100,99900,100,99405,100,99927,100,99227,100,100128,100,99190,100,100164,100,,,100165,100,,,100170,100,,,100227,100,,
2019-06-28 09:59:50.000000000,99759,190,99618,190,99817,187,99539,187,99824,287,99462,187,99900,100,99405,100,99927,100,99227,100,100128,100,99190,100,100164,100,,,100165,100,,,100170,100,,,100227,100,,
2019-06-28 09:59:51.982704401,99759,190,99618,190,99817,187,99539,187,99824,287,99462,187,99900,100,99405,100,99927,100,99227,100,100038,100,99190,100,100128,100,,,100164,100,,,100165,100,,,100170,100,,
2019-06-28 09:59:52.129920940,99759,90,99618,190,99817,187,99539,187,99824,287,99462,187,99900,100,99405,100,99927,100,99227,100,100038,100,99190,100,100128,100,,,100164,100,,,100165,100,,,100170,100,,
2019-06-28 09:59:54.926308672,99759,90,99618,190,99817,187,99539,187,99824,287,99462,187,99898,100,99405,100,99900,100,99227,100,99927,100,99190,100,100038,100,,,100128,100,,,100164,100,,,100165,100,,
2019-06-28 10:00:00.000000000,99817,232,99618,232,99824,332,99539,232,99898,100,99462,100,99900,100,99405,100,99927,100,99227,100,100038,100,99190,100,100128,100,,,100164,100,,,100165,100,,,100170,100,,
2019-06-28 10:00:08.885388204,99817,132,99618,232,99824,332,99539,232,99898,100,99462,100,99900,100,99405,100,99927,100,99227,100,100038,100,,,100128,100,,,100164,100,,,100165,100,,,100170,100,,
2019-06-28 10:00:10.000000000,99824,464,99618,364,99898,100,99539,100,99900,100,99462,100,99927,100,99405,100,100038,100,99227,100,100128,100,,,100164,100,,,100165,100,,,100170,100,,,100227,100,,
2019-06-28 10:00:11.786140247,99824,364,99618,364,99898,100,99539,100,99900,100,99462,100,99927,100,99405,100,100038,100,99227,100,100128,100,,,100164,100,,,100165,100,,,100170,100,,,100227,100,,
2019-06-28 10:00:16.019413770,99824,364,99817,100,99898,100,99618,364,99900,100,99539,100,99927,100,99462,100,100038,100,99405,100,100128,100,99227,100,100164,100,,,100165,100,,,100170,100,,,100227,100,,
2019-06-28 10:00:20.000000000,99824,153,99817,153,99898,153,99618,153,99900,153,99539,153,99927,153,99462,153,100038,153,99405,153,100128,100,99227,100,100164,100,,,100165,100,,,100170,100,,,100227,100,,
2019-06-28 10:00:26.115218028,99824,153,99817,153,99898,153,99618,53,99900,153,99539,153,99927,153,99462,153,100038,153,99405,153,100128,100,99227,100,100164,100,,,100165,100,,,100170,100,,,100227,100,,
2019-06-28 10:00:30.000000000,99824,190,99817,190,99898,187,99539,187,99900,187,99462,187,99927,100,99405,100,100038,100,99227,100,100128,100,,,100164,100,,,100165,100,,,100170,100,,,100227,100,,
2019-06-28 10:00:40.000000000,99824,153,99817,153,99898,153,99539,153,99900,153,99462,153,99927,153,99405,153,100038,153,99227,153,100128,100,,,100164,100,,,100165,100,,,100170,100,,,100227,100,,
2019-06-28 10:00:50.000000000,99824,166,99817,166,99898,166,99539,166,99900,166,99462,166,99927,166,99405,166,100038,100,99227,100,100128,100,,,100164,100,,,100165,100,,,100170,100,,,100227,100,,
2019-06-28 10:01:00.000000000,99824,153,99817,153,99898,153,99539,153,99900,153,99462,153,99927,153,99405,153,100038,153,99227,153,100128,100,,,100164,100,,,100165,100,,,100170,100,,,100227,100,,
2019-06-28 10:01:10.000000000,99824,153,99817,153,99898,153,99539,153,99900,153,99462,153,99927,153,99405,153,100038,153,99227,153,100128,100,,,100164,100,,,100165,100,,,100170,100,,,100227,100,,
2019-06-28 10:01:20.000000000,99824,153,99817,153,99898,153,99539,153,99900,153,99462,153,99927,153,99405,153,100038,153,99227,153,100128,100,,,100164,100,,,100165,100,,,100170,100,,,100227,100,,
2019-06-28 10:01:30.000000000,99824,232,99817,232,99898,232,99539,232,99900,100,99462,100,99927,100,99405,100,100038,100,99227,100,100128,100,,,100164,100,,,100165,100,,,100170,100,,,100227,100,,
2019-06-28 10:01:40.000000000,99824,232,99817,232,99898,232,99539,232,99900,100,99462,100,99927,100,99405,100,100038,100,99227,100,100128,100,,,100164,100,,,100165,100,,,100170,100,,,100227,100,,
2019-06-28 10:01:41.388408228,99824,232,99817,232,99898,232,99539,232,99900,100,99462,100,99927,100,99405,100,100021,100,99227,100,100038,100,,,100128,100,,,100164,100,,,100165,100,,,100170,100,,
2019-06-28 10:01:50.000000000,99824,232,99817,232,99898,232,99539,232,99900,100,99462,100,99927,100,99405,100,100021,100,99227,100,100038,100,,,100128,100,,,100164,100,,,100165,100,,,100170,100,,
2019-06-28 10:02:00.000000000,99824,166,99817,166,99898,166,99539,166,99900,166,99462,166,99927,166,99405,166,100021,100,99227,100,100038,100,,,100128,100,,,100164,100,,,100165,100,,,100170,100,,
2019-06-28 10:02:10.000000000,99824,190,99817,190,99898,187,99539,187,99900,187,99462,187,99927,100,99405,100,100021,100,99227,100,100038,100,,,100128,100,,,100164,100,,,100165,100,,,100170,100,,
2019-06-28 10:02:20.000000000,99824,166,99817,166,99898,166,99539,166,99900,166,99462,166,99927,166,99405,166,100021,100,99227,100,100038,100,,,100128,100,,,100164,100,,,100165,100,,,100170,100,,
2019-06-28 10:02:23.755354656,99824,166,99817,166,99898,166,99539,166,99900,166,99462,166,99927,166,99453,100,100021,100,99405,166,100038,100,99227,100,100128,100,,,100164,100,,,100165,100,,,100170,100,,
2019-06-28 10:02:26.775678133,99824,166,99817,66,99898,166,99539,166,99900,166,99462,166,99927,166,99453,100,100021,100,99405,166,100038,100,99227,100,100128,100,,,100164,100,,,100165,100,,,100170,100,,
2019-06-28 10:02:30.000000000,99824,153,99539,153,99898,153,99462,153,99900,153,99453,153,99927,153,99405,153,100021,153,99227,153,100038,100,,,100128,100,,,100164,100,,,100165,100,,,100170,100,,
2019-06-28 10:02:36.442245361,99824,153,99539,53,99898,153,99462,153,99900,153,99453,153,99927,153,99405,153,100021,53,99227,153,100038,100,,,100128,100,,,100164,100,,,100165,100,,,100170,100,,
2019-06-28 10:02:40.000000000,99824,232,99462,232,99898,232,99453,232,99900,100,99405,100,99927,100,99227,100,100038,100,,,100128,100,,,100164,100,,,100165,100,,,100170,100,,,100227,100,,
2019-06-28 10:02:43.648447279,99824,232,99462,232,99898,232,99453,232,99900,100,99405,100,99927,100,99227,100,100038,100,99071,100,100128,100,,,100164,100,,,100165,100,,,100170,100,,,100227,100,,
2019-06-28 10:02:50.000000000,99824,364,99462,364,99898,100,99453,100,99900,100,99405,100,99927,100,99227,100,100038,100,99071,100,100128,100,,,100164,100,,,100165,100,,,100170,100,,,100227,100,,
2019-06-28 10:03:00.000000000,99824,190,99462,190,99898,187,99453,187,99900,187,99405,187,99927,100,99227,100,100038,100,99071,100,100128,100,,,100164,100,,,100165,100,,,100170,100,,,100227,100,,
2019-06-28 10:03:08.385147980,99824,190,99462,90,99898,187,99453,187,99900,187,99405,187,99927,100,99227,100,100038,100,99071,100,100128,100,,,100164,100,,,100165,100,,,100170,100,,,100227,100,,
2019-06-28 10:03:09.417577900,99462,10,99453,187,99824,190,99405,187,99898,187,99227,100,99900,187,99071,100,99927,100,,,100038,100,,,100128,100,,,100164,100,,,100165,100,,,100170,100,,
2019-06-28 10:03:10.000000000,99462,274,99453,364,99824,100,99405,100,99898,100,99227,100,99900,100,99071,100,99927,100,,,100038,100,,,100128,100,,,100164,100,,,100165,100,,,100170,100,,
2019-06-28 10:03:20.000000000,99462,63,99453,153,99824,153,99405,153,99898,153,99227,153,99900,153,99071,153,99927,153,99070,53,100038,100,,,100128,100,,,100164,100,,,100165,100,,,100170,100,,
2019-06-28 10:03:30.000000000,99462,274,99453,364,99824,100,99405,100,99898,100,99227,100,99900,100,99071,100,99927,100,,,100038,100,,,100128,100,,,100164,100,,,100165,100,,,100170,100,,
2019-06-28 10:03:31.596109597,99462,174,99453,364,99824,100,99405,100,99898,100,99227,100,99900,100,99071,100,99927,100,,,100038,100,,,100128,100,,,100164,100,,,100165,100,,,100170,100,,
2019-06-28 10:03:40.000000000,99824,190,99453,190,99898,187,99405,187,99900,187,99227,187,99927,100,99071,100,100038,100,,,100128,100,,,100164,100,,,100165,100,,,100170,100,,,100227,100,,
2019-06-28 10:03:47.472840783,99738,100,99453,190,99824,190,99405,187,99898,187,99227,187,99900,187,99071,100,99927,100,,,100038,100,,,100128,100,,,100164,100,,,100165,100,,,100170,100,,
2019-06-28 10:03:50.000000000,99738,364,99453,364,99824,100,99405,100,99898,100,99227,100,99900,100,99071,100,99927,100,,,100038,100,,,100128,100,,,100164,100,,,100165,100,,,100170,100,,
2019-06-28 10:03:56.666344131,99738,264,99453,264,99824,100,99405,100,99898,100,99227,100,99900,100,99071,100,99927,100,,,100038,100,,,100128,100,,,100164,100,,,100165,100,,,100170,100,,
2019-06-28 10:04:00.000000000,99824,232,99405,232,99898,232,99227,232,99900,100,99071,100,99927,100,,,100038,100,,,100128,100,,,100164,100,,,100165,100,,,100170,100,,,100227,100,,
2019-06-28 10:04:10.000000000,99824,232,99405,232,99898,232,99227,232,99900,100,99071,100,99927,100,,,100038,100,,,100128,100,,,100164,100,,,100165,100,,,100170,100,,,100227,100,,
2019-06-28 10:04:20.000000000,99824,232,99405,232,99898,232,99227,232,99900,100,99071,100,99927,100,,,100038,100,,,100128,100,,,100164,100,,,100165,100,,,100170,100,,,100227,100,,
2019-06-28 10:04:30.000000000,99824,166,99405,166,99898,166,99227,166,99900,166,99071,166,99927,166,99070,66,100038,100,,,100128,100,,,100164,100,,,100165,100,,,100170,100,,,100227,100,,
2019-06-28 10:04:34.745309148,99824,166,99405,166,99898,166,99227,166,99900,166,99071,166,99927,166,99070,66,100038,100,,,100128,100,,,100164,100,,,100165,100,,,100170,100,,,100227,100,,
2019-06-28 10:04:40.000000000,99824,153,99405,153,99898,153,99227,153,99900,153,99071,153,99927,153,99070,53,100038,153,,,100128,100,,,100164,100,,,100165,100,,,100170,100,,,100227,100,,
2019-06-28 10:04:50.000000000,99824,364,99405,364,99898,100,99227,100,99900,100,99071,100,99927,100,,,100038,100,,,100128,100,,,100164,100,,,100165,100,,,100170,100,,,100227,100,,
2019-06-28 10:05:00.000000000,99824,166,99405,166,99898,166,99227,166,99900,166,99071,166,99927,166,99070,66,100038,100,,,100128,100,,,100164,100,,,100165,100,,,100170,100,,,100227,100,,
2019-06-28 10:05:02.431139452,99824,166,99462,100,99898,166,99405,166,99900,166,99227,166,99927,166,99071,166,100038,100,99070,66,100128,100,,,100164,100,,,100165,100,,,100170,100,,,100227,100,,
2019-06-28 10:05:10.000000000,99824,364,99462,364,99898,100,99405,100,99900,100,99227,100,99927,100,99071,100,100038,100,,,100128,100,,,100164,100,,,100165,100,,,100170,100,,,100227,100,,
2019-06-28 10:05:14.457404457,99824,364,99462,364,99898,100,99405,100,99900,100,99227,100,99927,100,99071,100,100038,100,,,100128,100,,,100164,100,,,100165,100,,,100170,100,,,100227,100,,
2019-06-28 10:05:20.000000000,99824,232,99462,232,99898,232,99405,232,99900,100,99227,100,99927,100,99071,100,100038,100,,,100128,100,,,100164,100,,,100165,100,,,100170,100,,,100227,100,,
2019-06-28 10:05:28.592555076,99824,232,99814,100,99898,232,99462,232,99900,100,99405,232,99927,100,99227,100,100038,100,99071,100,100128,100,,,100164,100,,,100165,100,,,100170,100,,,100227,100,,
2019-06-28 10:05:30.000000000,99824,153,99814,153,99898,153,99462,153,99900,153,99405,153,99927,153,99227,153,100038,153,99071,153,100128,100,,,100164,100,,,100165,100,,,100170,100,,,100227,100,,
2019-06-28 10:05:40.000000000,99824,364,99814,364,99898,100,99462,100,99900,100,99405,100,99927,100,99227,100,100038,100,99071,100,100128,100,,,100164,100,,,100165,100,,,100170,100,,,100227,100,,
2019-06-28 10:05:50.000000000,99824,166,99814,166,99898,166,99462,166,99900,166,99405,166,99927,166,99227,166,100038,100,99071,100,100128,100,,,100164,100,,,100165,100,,,100170,100,,,100227,100,,
2019-06-28 10:05:58.929407791,99824,66,99814,66,99898,166,99462,166,99900,166,99405,166,99927,166,99227,166,100038,100,99071,100,100128,100,,,100164,100,,,100165,100,,,100170,100,,,100227,100,,
2019-06-28 10:06:00.000000000,99898,190,99462,190,99900,187,99405,187,99927,187,99227,187,100038,100,99071,100,100128,100,,,100164,100,,,100165,100,,,100170,100,,,100227,100,,,100244,100,,
2019-06-28 10:06:10.000000000,99898,232,99462,232,99900,232,99405,232,99927,100,99227,100,100038,100,99071,100,100128,100,,,100164,100,,,100165,100,,,100170,100,,,100227,100,,,100244,100,,
2019-06-28 10:06:15.760602949,99898,232,99815,100,99900,232,99462,232,100038,100,99405,232,100128,100,99227,100,100164,100,99071,100,100165,100,,,100170,100,,,100227,100,,,100244,100,,,100282,100,,
2019-06-28 10:06:17.137096004,99898,232,99815,100,99900,232,99462,232,100038,100,99405,232,100128,100,99227,100,100164,100,99071,100,100165,100,,,100170,100,,,100227,100,,,100244,100,,,100282,100,,
2019-06-28 10:06:20.000000000,99898,153,99815,153,99900,153,99462,153,100038,153,99405,153,100128,153,99227,153,100164,153,99071,153,100165,100,,,100170,100,,,100227,100,,,100244,100,,,100282,100,,
2019-06-28 10:06:20.707789359,99898,153,99815,153,99900,153,99462,153,100038,153,99405,153,100128,153,99227,153,100164,153,99071,153,100165,100,,,100170,100,,,100227,100,,,100244,100,,,100282,100,,
2019-06-28 10:06:27.832690674,99898,153,99815,153,99900,153,99462,153,100038,153,99405,153,100128,153,99227,153,100164,153,99071,153,100165,100,,,100170,100,,,100227,100,,,100244,100,,,100282,100,,
2019-06-28 10:06:30.000000000,99898,153,99815,153,99900,153,99462,153,100038,153,99405,153,100128,153,99227,153,100164,153,99071,153,100165,100,,,100170,100,,,100227,100,,,100244,100,,,100282,100,,
2019-06-28 10:06:40.000000000,99898,153,99815,153,99900,153,99462,153,100038,153,99405,153,100128,153,99227,153,100164,153,99071,153,100165,100,,,100170,100,,,100227,100,,,100244,100,,,100282,100,,
2019-06-28 10:06:50.000000000,99898,153,99815,153,99900,153,99462,153,100038,153,99405,153,100128,153,99227,153,100164,153,99071,153,100165,100,,,100170,100,,,100227,100,,,100244,100,,,100282,100,,
2019-06-28 10:06:53.206466734,99898,153,99815,153,99900,153,99462,153,100038,153,99405,153,100128,153,99227,153,100164,153,99071,153,100165,100,,,100170,100,,,100227,100,,,100244,100,,,100282,100,,
2019-06-28 10:07:00.000000000,99898,364,99815,364,99900,100,99462,100,100038,100,99405,100,100128,100,99227,100,100164,100,99071,100,100165,100,,,100170,100,,,100227,100,,,100244,100,,,100282,100,,
2019-06-28 10:07:08.302102380,99898,264,99815,364,99900,100,99462,100,100038,100,99405,100,100128,100,99227,100,100164,100,99071,100,100165,100,,,100170,100,,,100227,100,,,100244,100,,,100282,100,,
2019-06-28 10:07:10.000000000,99900,153,99815,153,100038,153,99462,153,100128,153,99405,153,100164,153,99227,153,100165,153,99071,153,100170,100,,,100227,100,,,100244,100,,,100282,100,,,100288,100,,
2019-06-28 10:07:20.000000000,99900,232,99815,232,100038,232,99462,232,100128,100,99405,100,100164,100,99227,100,100165,100,99071,100,100170,100,,,100227,100,,,100244,100,,,100282,100,,,100288,100,,
2019-06-28 10:07:30.000000000,99900,364,99815,364,100038,100,99462,100,100128,100,99405,100,100164,100,99227,100,100165,100,99071,100,100170,100,,,100227,100,,,100244,100,,,100282,100,,,100288,100,,
2019-06-28 10:07:40.000000000,99900,364,99815,364,100038,100,99462,100,100128,100,99405,100,100164,100,99227,100,100165,100,99071,100,100170,100,,,100227,100,,,100244,100,,,100282,100,,,100288,100,,
2019-06-28 10:07:50.000000000,99900,166,99815,166,100038,166,99462,166,100128,166,99405,166,100164,166,99227,166,100165,100,99071,100,100170,100,,,100227,100,,,100244,100,,,100282,100,,,100288,100,,
2019-06-28 10:08:00.000000000,99900,232,99815,232,100038,232,99462,232,100128,100,99405,100,100164,100,99227,100,100165,100,99071,100,100170,100,,,100227,100,,,100244,100,,,100282,100,,,100288,100,,
2019-06-28 10:08:10.000000000,99900,153,99815,153,100038,153,99462,153,100128,153,99405,153,100164,153,99227,153,100165,153,99071,153,100170,100,,,100227,100,,,100244,100,,,100282,100,,,100288,100,,
2019-06-28 10:08:20.000000000,99900,232,99815,232,100038,232,99462,232,100128,100,99405,100,100164,100,99227,100,100165,100,99071,100,100170,100,,,100227,100,,,100244,100,,,100282,100,,,100288,100,,
2019-06-28 10:08:30.000000000,99900,364,99815,364,100038,100,99462,100,100128,100,99405,100,100164,100,99227,100,100165,100,99071,100,100170,100,,,100227,100,,,100244,100,,,100282,100,,,100288,100,,
2019-06-28 10:08:37.952635647,99900,264,99815,364,100038,100,99462,100,100128,100,99405,100,100164,100,99227,100,100165,100,99071,100,100170,100,,,100227,100,,,100244,100,,,100282,100,,,100344,100,,
2019-06-28 10:08:40.000000000,100038,166,99815,166,100128,166,99462,166,100164,166,99405,166,100165,166,99227,166,100170,100,99071,100,100227,100,,,100244,100,,,100282,100,,,100344,100,,,100363,100,,
2019-06-28 10:08:46.140435423,100038,166,99815,166,100128,166,99462,166,100164,166,99405,166,100165,166,99227,166,100170,100,99071,100,100227,100,,,100244,100,,,100282,100,,,100344,100,,,100363,100,,
2019-06-28 10:08:50.000000000,100038,166,99815,166,100128,166,99462,166,100164,166,99405,166,100165,166,99227,166,100170,100,99071,100,100227,100,,,100244,100,,,100282,100,,,100344,100,,,100363,100,,
2019-06-28 10:09:00.000000000,100038,166,99815,166,100128,166,99462,166,100164,166,99405,166,100165,166,99227,166,100170,100,99071,100,100227,100,,,100244,100,,,100282,100,,,100344,100,,,100363,100,,
2019-06-28 10:09:10.000000000,100038,153,99815,153,100128,153,99462,153,100164,153,99405,153,100165,153,99227,153,100170,153,99071,153,100227,100,,,100244,100,,,100282,100,,,100344,100,,,100363,100,,
2019-06-28 10:09:20.000000000,100038,364,99815,364,100128,100,99462,100,100164,100,99405,100,100165,100,99227,100,100170,100,99071,100,100227,100,,,100244,100,,,100282,100,,,100344,100,,,100363,100,,
2019-06-28 10:09:29.803522990,100038,364,99898,100,100128,100,99815,364,100164,100,99462,100,100165,100,99405,100,100170,100,99227,100,100227,100,99071,100,100244,100,,,100282,100,,,100344,100,,,100363,100,,
2019-06-28 10:09:30.000000000,100038,166,99898,166,100128,166,99815,166,100164,166,99462,166,100165,166,99405,166,100170,100,99227,100,100227,100,99071,100,100244,100,,,100282,100,,,100344,100,,,100363,100,,
2019-06-28 10:09:37.730057715,100038,66,99898,166,100128,166,99815,166,100164,166,99462,166,100165,166,99405,166,100170,100,99227,100,100227,100,99071,100,100244,100,,,100282,100,,,100344,100,,,100363,100,,
2019-06-28 10:09:40.000000000,100128,153,99898,153,100164,153,99815,153,100165,153,99462,153,100170,153,99405,153,100227,153,99227,153,100244,100,99071,100,100282,100,,,100344,100,,,100363,100,,,100375,100,,
2019-06-28 10:09:50.000000000,100128,166,99898,166,100164,166,99815,166,100165,166,99462,166,100170,166,99405,166,100227,100,99227,100,100244,100,99071,100,100282,100,,,100344,100,,,100363,100,,,100375,100,,
2019-06-28 10:10:00.000000000,100128,153,99898,153,100164,153,99815,153,100165,153,99462,153,100170,153,99405,153,100227,153,99227,153,100244,100,99071,100,100282,100,,,100344,100,,,100363,100,,,100375,100,,
