,ask_price_1,ask_size_1,bid_price_1,bid_size_1,ask_price_2,ask_size_2,bid_price_2,bid_size_2,ask_price_3,ask_size_3,bid_price_3,bid_size_3,ask_price_4,ask_size_4,bid_price_4,bid_size_4,ask_price_5,ask_size_5,bid_price_5,bid_size_5,ask_price_6,ask_size_6,bid_price_6,bid_size_6,ask_price_7,ask_size_7,bid_price_7,bid_size_7,ask_price_8,ask_size_8,bid_price_8,bid_size_8,ask_price_9,ask_size_9,bid_price_9,bid_size_9,ask_price_10,ask_size_10,bid_price_10,bid_size_10
2019-06-28 09:30:00.000000001,,,99856,100,,,,,,,,,,,,,,,,,,,,,,,,,,,,,,,,,,,,
2019-06-28 09:30:00.000000002,100040,100,99942,100,,,99856,100,,,,,,,,,,,,,,,,,,,,,,,,,,,,,,,,
2019-06-28 09:30:00.000000004,100040,100,99996,100,,,99942,100,,,99856,100,,,,,,,,,,,,,,,,,,,,,,,,,,,,
2019-06-28 09:30:00.000000005,100040,100,99942,100,100063,100,99857,100,100132,100,99856,100,,,,,,,,,,,,,,,,,,,,,,,,,,,,
2019-06-28 09:30:00.000000006,100040,100,99942,100,100061,100,99857,100,100063,100,99856,100,100132,100,,,,,,,,,,,,,,,,,,,,,,,,,,
2019-06-28 09:30:00.000000007,100040,100,99950,100,100061,100,99942,100,100063,100,99926,100,100132,100,99857,100,,,99856,100,,,,,,,,,,,,,,,,,,,,
2019-06-28 09:30:00.000000008,100030,200,99950,100,100040,100,99942,100,100061,100,99926,100,100063,100,99857,100,100132,100,99856,100,,,,,,,,,,,,,,,,,,,,
2019-06-28 09:30:00.000000010,100030,200,99950,100,100036,100,99942,100,100040,100,99926,100,100061,100,99857,100,100063,100,99856,100,100132,100,,,,,,,,,,,,,,,,,,
2019-06-28 09:30:00.000000011,99974,100,99950,100,100030,200,99942,100,100036,100,99926,100,100040,100,99857,100,100054,100,99856,100,100061,100,,,100063,100,,,100132,100,,,,,,,,,,
2019-06-28 09:30:00.000000012,99974,100,99950,100,100030,200,99942,100,100036,100,99926,100,100040,100,99857,100,100054,100,99856,100,100061,100,99812,100,100063,100,,,100132,100,,,,,,,,,,
2019-06-28 09:30:00.000000015,99974,100,99950,100,100030,200,99942,100,100036,100,99926,100,100040,100,99896,100,100054,100,99890,100,100061,100,99857,100,100063,100,99856,100,100123,100,99812,100,100132,100,,,,,,
2019-06-28 09:30:00.000000017,99974,100,99950,100,100030,200,99942,100,100036,100,99926,100,100040,100,99896,100,100054,100,99890,100,100061,100,99857,100,100063,100,99856,100,100084,100,99812,100,100123,100,,,100132,100,,
2019-06-28 09:30:00.000000018,100030,200,99950,100,100036,100,99942,100,100040,100,99926,100,100044,100,99896,100,100054,100,99890,100,100061,100,99857,100,100063,100,99856,100,100084,100,99812,100,100123,100,,,100132,100,,
2019-06-28 09:30:00.000000026,100030,200,99991,100,100036,100,99974,100,100040,100,99950,100,100044,100,99942,100,100054,100,99926,100,100061,100,99903,100,100063,100,99896,100,100084,100,99890,100,100123,100,99857,100,100132,100,99856,100
2019-06-28 09:30:00.000000029,100030,200,99991,100,100036,100,99974,100,100040,100,99950,100,100044,100,99942,100,100054,100,99926,100,100061,100,99903,100,100063,100,99901,100,100084,100,99896,100,100123,100,99890,100,100132,100,99857,100
2019-06-28 09:30:00.000000033,100030,200,99991,100,100036,100,99974,100,100040,100,99953,100,100044,100,99950,100,100054,100,99942,100,100061,100,99926,100,100063,100,99903,100,100084,100,99901,100,100123,100,99896,100,100132,100,99890,100
2019-06-28 09:30:00.000000036,100030,200,99991,100,100036,100,99974,200,100040,100,99953,100,100044,100,99950,100,100054,100,99942,100,100061,100,99926,100,100063,100,99903,100,100084,100,99901,100,100123,100,99896,100,100132,100,99890,100
2019-06-28 09:30:00.000000039,100030,200,99991,100,100036,100,99974,200,100040,100,99953,100,100044,100,99950,100,100049,100,99942,100,100054,100,99926,100,100061,100,99903,100,100063,100,99901,100,100084,100,99896,100,100110,100,99890,100
2019-06-28 09:30:00.000000042,100030,100,99991,100,100036,100,99974,200,100040,100,99953,100,100044,100,99950,100,100049,100,99942,100,100054,100,99926,100,100061,100,99903,100,100063,100,99901,100,100084,100,99896,100,100110,100,99890,100
2019-06-28 09:30:00.000000043,100030,100,99991,100,100036,100,99974,200,100040,100,99953,100,100044,100,99950,100,100049,100,99942,100,100054,100,99926,100,100061,100,99903,100,100063,100,99901,100,100084,200,99896,100,100110,100,99890,100
2019-06-28 09:30:00.000000044,100030,100,99992,100,100036,100,99991,100,100040,100,99974,200,100044,100,99953,100,100049,100,99950,100,100054,100,99942,100,100061,100,99926,100,100063,100,99903,100,100084,200,99901,100,100110,100,99896,100
2019-06-28 09:30:00.000000047,100030,100,99992,100,100036,100,99991,100,100040,100,99974,200,100044,100,99953,100,100049,100,99950,100,100054,100,99942,100,100061,100,99926,100,100063,100,99903,100,100084,200,99901,100,100103,100,99896,100
2019-06-28 09:30:00.000000048,100029,100,99992,100,100030,100,99991,100,100036,100,99974,200,100040,100,99953,100,100044,100,99950,100,100049,100,99942,100,100054,100,99926,100,100061,100,99903,100,100063,100,99901,100,100084,200,99896,100
2019-06-28 09:30:00.000000050,100029,100,99991,100,100030,100,99974,200,100036,100,99953,100,100040,100,99950,100,100044,100,99942,100,100049,100,99926,100,100054,100,99903,100,100061,100,99901,100,100063,100,99896,100,100084,200,99890,100
2019-06-28 09:30:00.000000051,100030,100,99991,100,100036,100,99974,200,100040,100,99953,100,100044,100,99950,100,100049,100,99942,100,100054,100,99926,100,100061,100,99903,100,100063,100,99901,100,100084,200,99896,100,100103,100,99890,100
2019-06-28 09:30:00.000000054,100030,100,99991,100,100036,100,99974,200,100040,100,99953,100,100044,100,99950,100,100049,100,99942,100,100054,100,99926,100,100061,100,99903,100,100063,100,99901,100,100084,200,99896,100,100103,100,99890,100
2019-06-28 09:30:00.000000055,100030,100,99991,100,100036,100,99974,200,100040,100,99953,100,100044,100,99950,100,100049,100,99942,100,100054,100,99926,100,100060,100,99903,100,100061,100,99901,100,100063,100,99896,100,100084,200,99890,100
2019-06-28 09:30:00.000000058,100030,100,99991,100,100036,100,99974,200,100040,100,99953,100,100044,100,99950,100,100049,100,99942,100,100054,100,99926,100,100060,100,99903,100,100061,100,99901,100,100063,100,99896,100,100084,200,99890,100
2019-06-28 09:30:00.000000059,100030,100,99974,200,100036,100,99953,100,100040,100,99950,100,100044,100,99942,100,100049,100,99926,100,100054,100,99903,100,100060,100,99901,100,100061,100,99896,100,100063,100,99890,100,100084,200,99870,100
2019-06-28 09:30:00.000000061,100030,100,99974,200,100036,100,99953,100,100040,100,99950,100,100044,100,99942,100,100049,100,99926,100,100054,100,99903,100,100060,100,99901,100,100061,100,99896,100,100063,100,99890,100,100084,200,99870,100
2019-06-28 09:30:00.000000063,100025,100,99974,200,100030,100,99953,100,100036,100,99950,100,100040,100,99942,100,100044,100,99926,100,100049,100,99903,100,100054,100,99901,100,100060,100,99896,100,100061,100,99890,100,100063,100,99870,100
2019-06-28 09:30:00.000000064,100025,100,99974,200,100030,100,99953,100,100036,100,99950,100,100040,100,99942,100,100044,100,99926,100,100049,100,99903,100,100054,100,99901,100,100060,100,99896,100,100061,100,99890,100,100063,100,99870,100
2019-06-28 09:30:00.000000065,100025,100,99974,200,100030,100,99953,100,100036,100,99950,100,100040,100,99942,100,100044,100,99933,100,100049,100,99926,100,100054,100,99903,100,100060,100,99901,100,100061,100,99896,100,100063,100,99890,100
2019-06-28 09:30:00.000000067,100025,100,99974,200,100030,100,99953,100,100036,100,99950,100,100040,100,99942,100,100044,100,99933,100,100049,100,99926,100,100054,100,99903,100,100060,100,99901,100,100061,100,99896,100,100062,100,99890,100
2019-06-28 09:30:00.000000068,100025,100,99974,200,100030,100,99953,100,100036,100,99950,100,100040,100,99942,100,100044,100,99933,100,100049,100,99926,100,100054,100,99903,100,100060,100,99901,100,100061,100,99896,100,100062,100,99890,100
2019-06-28 09:30:00.000000070,100025,100,99974,200,100030,100,99953,100,100036,100,99950,100,100040,100,99942,100,100044,100,99933,200,100049,100,99926,100,100054,100,99903,100,100060,100,99901,100,100061,100,99896,100,100062,100,99890,100
2019-06-28 09:30:00.000000072,100004,100,99974,200,100025,100,99953,100,100030,100,99950,100,100036,100,99942,100,100040,100,99933,200,100044,100,99926,100,100049,100,99903,100,100054,100,99901,100,100060,100,99896,100,100061,100,99890,100
2019-06-28 09:30:00.000000075,100004,100,99974,200,100025,100,99953,100,100030,100,99950,100,100036,100,99942,100,100040,100,99933,200,100044,100,99926,100,100049,100,99903,100,100054,100,99901,100,100060,100,99896,100,100061,100,99890,100
2019-06-28 09:30:00.000000077,100004,100,99974,200,100025,100,99953,100,100029,100,99950,100,100030,100,99942,100,100036,100,99933,200,100040,100,99926,100,100044,100,99903,100,100049,100,99901,100,100054,100,99896,100,100060,100,99890,100
2019-06-28 09:30:00.000000079,100004,100,99974,200,100025,100,99953,100,100029,100,99950,100,100030,100,99942,100,100036,100,99933,200,100040,100,99926,100,100044,100,99903,100,100049,100,99901,100,100054,100,99896,100,100060,100,99890,100
2019-06-28 09:30:00.000000080,100004,100,99991,100,100025,100,99974,200,100029,100,99953,100,100030,100,99950,100,100036,100,99942,100,100040,100,99933,200,100044,100,99926,100,100049,100,99903,100,100054,100,99901,100,100060,100,99896,100
2019-06-28 09:30:00.000000081,100004,100,99991,100,100025,100,99974,300,100029,100,99953,100,100030,100,99950,100,100036,100,99942,100,100040,100,99933,200,100043,100,99926,100,100044,100,99903,100,100049,100,99901,100,100054,100,99896,100
2019-06-28 09:30:00.000000089,100025,100,99991,100,100029,100,99974,300,100030,100,99953,100,100036,100,99950,100,100040,100,99942,100,100043,100,99933,200,100044,100,99926,100,100049,100,99903,100,100054,100,99901,100,100060,100,99896,100
2019-06-28 09:30:00.000000092,100025,100,99992,100,100029,100,99991,100,100030,100,99974,300,100036,100,99953,100,100040,100,99950,100,100043,100,99942,100,100044,100,99933,200,100049,100,99926,100,100054,100,99903,100,100060,100,99901,100
2019-06-28 09:30:00.000000093,100025,100,99992,100,100029,100,99991,100,100030,100,99974,300,100036,100,99953,100,100040,100,99950,100,100043,100,99942,100,100044,100,99933,200,100049,100,99926,100,100054,100,99914,100,100060,100,99903,100
2019-06-28 09:30:00.000000094,100025,100,99992,100,100029,100,99991,100,100030,100,99980,100,100036,100,99974,300,100040,100,99953,100,100043,100,99950,100,100044,100,99942,100,100049,100,99933,200,100054,100,99926,100,100060,100,99914,100
2019-06-28 09:30:10.000000000,100025,218,99992,218,100029,218,99991,218,100030,218,99980,218,100036,218,99974,418,100040,100,99953,100,100043,100,99950,100,100044,100,99942,100,100049,100,99933,200,100054,100,99926,100,100060,100,99914,100
2019-06-28 09:30:19.962332518,100025,218,99992,118,100029,218,99991,218,100030,218,99980,218,100036,218,99974,418,100040,100,99953,100,100043,100,99950,100,100044,100,99942,100,100049,100,99933,200,100054,100,99926,100,100061,100,99914,100
2019-06-28 09:30:20.000000000,100025,335,99991,335,100029,335,99980,335,100030,100,99974,300,100036,100,99953,100,100040,100,99950,100,100043,100,99942,100,100044,100,99933,200,100049,100,99926,100,100054,100,99914,100,100061,100,99903,100
2019-06-28 09:30:30.000000000,100025,335,99991,335,100029,335,99980,335,100030,100,99974,300,100036,100,99953,100,100040,100,99950,100,100043,100,99942,100,100044,100,99933,200,100049,100,99926,100,100054,100,99914,100,100061,100,99903,100
2019-06-28 09:30:40.000000000,100025,335,99991,335,100029,335,99980,335,100030,100,99974,300,100036,100,99953,100,100040,100,99950,100,100043,100,99942,100,100044,100,99933,200,100049,100,99926,100,100054,100,99914,100,100061,100,99903,100
2019-06-28 09:30:50.000000000,100025,260,99991,260,100029,255,99980,255,100030,255,99974,455,100036,100,99953,100,100040,100,99950,100,100043,100,99942,100,100044,100,99933,200,100049,100,99926,100,100054,100,99914,100,100061,100,99903,100
2019-06-28 09:31:00.000000000,100025,260,99991,260,100029,255,99980,255,100030,255,99974,455,100036,100,99953,100,100040,100,99950,100,100043,100,99942,100,100044,100,99933,200,100049,100,99926,100,100054,100,99914,100,100061,100,99903,100
2019-06-28 09:31:10.000000000,100025,570,99991,570,100029,100,99980,100,100030,100,99974,300,100036,100,99953,100,100040,100,99950,100,100043,100,99942,100,100044,100,99933,200,100049,100,99926,100,100054,100,99914,100,100061,100,99903,100
2019-06-28 09:31:20.000000000,100025,570,99991,570,100029,100,99980,100,100030,100,99974,300,100036,100,99953,100,100040,100,99950,100,100043,100,99942,100,100044,100,99933,200,100049,100,99926,100,100054,100,99914,100,100061,100,99903,100
2019-06-28 09:31:22.510979597,100025,570,99991,470,100029,100,99980,100,100030,100,99974,300,100036,100,99953,100,100040,100,99950,100,100043,100,99942,100,100044,100,99933,200,100049,100,99926,100,100054,100,99914,100,100061,100,99903,100
2019-06-28 09:31:30.000000000,100025,335,99980,335,100029,335,99974,535,100030,100,99953,100,100036,100,99950,100,100040,100,99942,100,100043,100,99933,200,100044,100,99926,100,100049,100,99914,100,100054,100,99903,100,100061,100,99901,100
2019-06-28 09:31:36.742688972,100025,335,99980,335,100029,335,99974,535,100030,100,99953,100,100036,100,99950,100,100040,100,99942,100,100043,100,99933,100,100044,100,99926,100,100049,100,99914,100,100054,100,99903,100,100061,100,99901,100
2019-06-28 09:31:40.000000000,100025,570,99980,570,100029,100,99974,300,100030,100,99953,100,100036,100,99950,100,100040,100,99942,100,100043,100,99933,100,100044,100,99926,100,100049,100,99914,100,100054,100,99903,100,100061,100,99901,100
2019-06-28 09:31:48.753429825,100025,570,99980,570,100029,100,99974,300,100030,100,99953,100,100036,100,99950,100,100040,100,99942,100,100043,100,99933,100,100044,100,99926,100,100049,100,99914,100,100054,100,99903,100,100061,100,99901,100
2019-06-28 09:31:50.000000000,100025,335,99980,335,100029,335,99974,535,100030,100,99953,100,100036,100,99950,100,100040,100,99942,100,100043,100,99933,100,100044,100,99926,100,100049,100,99914,100,100054,100,99903,100,100061,100,99901,100
2019-06-28 09:31:53.493298711,100025,235,99980,335,100029,335,99974,535,100030,100,99953,100,100036,100,99950,100,100040,100,99942,100,100043,100,99933,100,100044,100,99926,100,100049,100,99914,100,100054,100,99903,100,100061,100,99901,100
2019-06-28 09:32:00.000000000,100029,218,99980,218,100030,218,99974,418,100036,218,99953,218,100040,218,99950,218,100043,100,99942,100,100044,100,99933,100,100049,100,99926,100,100054,100,99914,100,100061,100,99903,100,100062,100,99901,100
2019-06-28 09:32:10.000000000,100029,570,99980,570,100030,100,99974,300,100036,100,99953,100,100040,100,99950,100,100043,100,99942,100,100044,100,99933,100,100049,100,99926,100,100054,100,99914,100,100061,100,99903,100,100062,100,99901,100
2019-06-28 09:32:14.710891065,100029,570,99980,570,100030,100,99974,300,100036,100,99953,100,100040,100,99950,100,100043,100,99942,100,100044,100,99933,100,100049,100,99926,100,100054,100,99914,100,100061,100,99903,100,100062,100,99901,100
2019-06-28 09:32:20.000000000,100029,335,99980,335,100030,335,99974,535,100036,100,99953,100,100040,100,99950,100,100043,100,99942,100,100044,100,99933,100,100049,100,99926,100,100054,100,99914,100,100061,100,99903,100,100062,100,99901,100
2019-06-28 09:32:30.000000000,100029,335,99980,335,100030,335,99974,535,100036,100,99953,100,100040,100,99950,100,100043,100,99942,100,100044,100,99933,100,100049,100,99926,100,100054,100,99914,100,100061,100,99903,100,100062,100,99901,100
2019-06-28 09:32:38.202089031,100029,335,99980,335,100030,335,99974,535,100036,100,99953,100,100040,100,99950,100,100043,100,99942,100,100044,100,99933,100,100049,100,99926,100,100054,100,99903,100,100061,100,99901,100,100062,100,99896,100
2019-06-28 09:32:39.765437494,100029,335,99980,235,100030,335,99974,535,100036,100,99953,100,100040,100,99950,100,100043,100,99942,100,100044,100,99933,100,100054,100,99926,100,100061,100,99903,100,100062,100,99901,100,100063,200,99896,100
2019-06-28 09:32:40.000000000,100029,218,99974,418,100030,218,99953,218,100036,218,99950,218,100040,218,99942,218,100043,100,99933,100,100044,100,99926,100,100054,100,99903,100,100061,100,99901,100,100062,100,99896,100,100063,200,99890,100
2019-06-28 09:32:40.986476544,100029,218,99974,318,100030,218,99953,218,100036,218,99950,218,100040,218,99942,218,100043,100,99933,100,100044,100,99926,100,100054,100,99903,100,100061,100,99901,100,100062,100,99896,100,100063,200,99890,100
2019-06-28 09:32:50.000000000,100029,335,99974,435,100030,335,99953,335,100036,100,99950,100,100040,100,99942,100,100043,100,99933,100,100044,100,99926,100,100054,100,99903,100,100061,100,99901,100,100062,100,99896,100,100063,200,99890,100
2019-06-28 09:33:00.000000000,100029,260,99974,360,100030,255,99953,255,100036,255,99950,255,100040,100,99942,100,100043,100,99933,100,100044,100,99926,100,100054,100,99903,100,100061,100,99901,100,100062,100,99896,100,100063,200,99890,100
2019-06-28 09:33:01.550996748,100029,260,99974,360,100030,255,99953,255,100036,255,99950,155,100040,100,99942,100,100043,100,99933,100,100044,100,99926,100,100054,100,99903,100,100061,100,99901,100,100062,100,99896,100,100063,200,99890,100
2019-06-28 09:33:10.000000000,100029,570,99974,670,100030,100,99953,100,100036,100,99942,100,100040,100,99933,100,100043,100,99926,100,100044,100,99903,100,100054,100,99901,100,100061,100,99896,100,100062,100,99890,100,100063,200,99878,100
2019-06-28 09:33:20.000000000,100029,260,99974,360,100030,255,99953,255,100036,255,99942,255,100040,100,99933,100,100043,100,99926,100,100044,100,99903,100,100054,100,99901,100,100061,100,99896,100,100062,100,99890,100,100063,200,99878,100
2019-06-28 09:33:30.000000000,100029,260,99974,360,100030,255,99953,255,100036,255,99942,255,100040,100,99933,100,100043,100,99926,100,100044,100,99903,100,100054,100,99901,100,100061,100,99896,100,100062,100,99890,100,100063,200,99878,100
2019-06-28 09:33:40.000000000,100029,570,99974,670,100030,100,99953,100,100036,100,99942,100,100040,100,99933,100,100043,100,99926,100,100044,100,99903,100,100054,100,99901,100,100061,100,99896,100,100062,100,99890,100,100063,200,99878,100
2019-06-28 09:33:40.537742533,100029,470,99974,670,100030,100,99953,100,100036,100,99942,100,100040,100,99933,100,100043,100,99926,100,100044,100,99903,100,100054,100,99901,100,100061,100,99896,100,100062,100,99890,100,100063,200,99878,100
2019-06-28 09:33:50.000000000,100030,570,99974,670,100036,100,99953,100,100040,100,99942,100,100043,100,99933,100,100044,100,99926,100,100054,100,99903,100,100061,100,99901,100,100062,100,99896,100,100063,200,99890,100,100077,100,99878,100
2019-06-28 09:33:52.916374019,100030,570,99975,100,100036,100,99974,670,100040,100,99953,100,100043,100,99942,100,100044,100,99933,100,100054,100,99926,100,100061,100,99903,100,100062,100,99901,100,100063,200,99896,100,100077,100,99890,100
2019-06-28 09:34:00.000000000,100030,260,99975,260,100036,255,99974,355,100040,255,99953,255,100043,100,99942,100,100044,100,99933,100,100054,100,99926,100,100061,100,99903,100,100062,100,99901,100,100063,200,99896,100,100077,100,99890,100
2019-06-28 09:34:05.999906705,100030,160,99975,260,100036,255,99974,355,100040,255,99953,255,100043,100,99942,100,100044,100,99926,100,100054,100,99903,100,100061,100,99901,100,100062,100,99896,100,100063,200,99890,100,100077,100,99878,100
2019-06-28 09:34:10.000000000,100036,260,99975,260,100040,255,99974,355,100043,255,99953,255,100044,100,99942,100,100054,100,99926,100,100061,100,99903,100,100062,100,99901,100,100063,200,99896,100,100077,100,99890,100,100099,100,99878,100
2019-06-28 09:34:20.000000000,100036,335,99975,335,100040,335,99974,435,100043,100,99953,100,100044,100,99942,100,100054,100,99926,100,100061,100,99903,100,100062,100,99901,100,100063,200,99896,100,100077,100,99890,100,100099,100,99878,100
2019-06-28 09:34:30.000000000,100036,194,99975,194,100040,194,99974,294,100043,194,99953,194,100044,194,99942,194,100054,194,99926,194,100061,100,99903,100,100062,100,99901,100,100063,200,99896,100,100077,100,99890,100,100099,100,99878,100
2019-06-28 09:34:34.020961146,100036,194,99975,194,100040,194,99974,294,100043,194,99953,194,100044,194,99942,194,100054,194,99926,194,100061,100,99903,100,100062,100,99901,100,100063,200,99896,100,100077,100,99890,100,100099,100,99878,100
2019-06-28 09:34:40.000000000,100036,218,99975,218,100040,218,99974,318,100043,218,99953,218,100044,218,99942,218,100054,100,99926,100,100061,100,99903,100,100062,100,99901,100,100063,200,99896,100,100077,100,99890,100,100099,100,99878,100
2019-06-28 09:34:50.000000000,100036,570,99975,570,100040,100,99974,200,100043,100,99953,100,100044,100,99942,100,100054,100,99926,100,100061,100,99903,100,100062,100,99901,100,100063,200,99896,100,100077,100,99890,100,100099,100,99878,100
2019-06-28 09:35:00.000000000,100036,570,99975,570,100040,100,99974,200,100043,100,99953,100,100044,100,99942,100,100054,100,99926,100,100061,100,99903,100,100062,100,99901,100,100063,200,99896,100,100077,100,99890,100,100099,100,99878,100
2019-06-28 09:35:08.377635838,100036,570,100029,100,100040,100,99975,570,100043,100,99974,200,100044,100,99953,100,100054,100,99942,100,100061,100,99926,100,100062,100,99903,100,100063,200,99901,100,100077,100,99896,100,100099,100,99890,100
2019-06-28 09:35:10.000000000,100036,194,100029,194,100040,194,99975,194,100043,194,99974,294,100044,194,99953,194,100054,194,99942,194,100061,100,99926,100,100062,100,99903,100,100063,200,99901,100,100077,100,99896,100,100099,100,99890,100
2019-06-28 09:35:15.270505447,100036,194,100029,194,100040,194,99975,194,100043,194,99974,294,100044,194,99953,194,100054,194,99942,194,100061,100,99926,100,100062,100,99903,100,100063,200,99901,100,100077,100,99890,100,100099,100,99878,100
2019-06-28 09:35:20.000000000,100036,570,100029,570,100040,100,99975,100,100043,100,99974,200,100044,100,99953,100,100054,100,99942,100,100061,100,99926,100,100062,100,99903,100,100063,200,99901,100,100077,100,99890,100,100099,100,99878,100
2019-06-28 09:35:30.000000000,100036,570,100029,570,100040,100,99975,100,100043,100,99974,200,100044,100,99953,100,100054,100,99942,100,100061,100,99926,100,100062,100,99903,100,100063,200,99901,100,100077,100,99890,100,100099,100,99878,100
2019-06-28 09:35:40.000000000,100036,260,100029,260,100040,255,99975,255,100043,255,99974,355,100044,100,99953,100,100054,100,99942,100,100061,100,99926,100,100062,100,99903,100,100063,200,99901,100,100077,100,99890,100,100099,100,99878,100
2019-06-28 09:35:50.000000000,100036,260,100029,260,100040,255,99975,255,100043,255,99974,355,100044,100,99953,100,100054,100,99942,100,100061,100,99926,100,100062,100,99903,100,100063,200,99901,100,100077,100,99890,100,100099,100,99878,100
2019-06-28 09:36:00.000000000,100036,260,100029,260,100040,255,99975,255,100043,255,99974,355,100044,100,99953,100,100054,100,99942,100,100061,100,99926,100,100062,100,99903,100,100063,200,99901,100,100077,100,99890,100,100099,100,99878,100
2019-06-28 09:36:10.000000000,100036,260,100029,260,100040,255,99975,255,100043,255,99974,355,100044,100,99953,100,100054,100,99942,100,100061,100,99926,100,100062,100,99903,100,100063,200,99901,100,100077,100,99890,100,100099,100,99878,100
2019-06-28 09:36:20.000000000,100036,260,100029,260,100040,255,99975,255,100043,255,99974,355,100044,100,99953,100,100054,100,99942,100,100061,100,99926,100,100062,100,99903,100,100063,200,99901,100,100077,100,99890,100,100099,100,99878,100
2019-06-28 09:36:30.000000000,100036,335,100029,335,100040,335,99975,335,100043,100,99974,200,100044,100,99953,100,100054,100,99942,100,100061,100,99926,100,100062,100,99903,100,100063,200,99901,100,100077,100,99890,100,100099,100,99878,100
2019-06-28 09:36:38.223411074,100036,335,100029,435,100040,335,99975,335,100043,100,99974,200,100044,100,99953,100,100054,100,99942,100,100061,100,99926,100,100062,100,99903,100,100063,200,99901,100,100077,100,99890,100,100099,100,99878,100
2019-06-28 09:36:40.000000000,100036,570,100029,670,100040,100,99975,100,100043,100,99974,200,100044,100,99953,100,100054,100,99942,100,100061,100,99926,100,100062,100,99903,100,100063,200,99901,100,100077,100,99890,100,100099,100,99878,100
2019-06-28 09:36:50.000000000,100036,194,100029,294,100040,194,99975,194,100043,194,99974,294,100044,194,99953,194,100054,194,99942,194,100061,100,99926,100,100062,100,99903,100,100063,200,99901,100,100077,100,99890,100,100099,100,99878,100
2019-06-28 09:36:58.651262808,100036,194,100029,194,100040,194,99975,194,100043,194,99974,294,100044,194,99953,194,100054,194,99942,194,100061,100,99926,100,100062,100,99903,100,100063,200,99901,100,100077,100,99890,100,100099,100,99878,100
2019-06-28 09:37:00.000000000,100036,260,100029,260,100040,255,99975,255,100043,255,99974,355,100044,100,99953,100,100054,100,99942,100,100061,100,99926,100,100062,100,99903,100,100063,200,99901,100,100077,100,99890,100,100099,100,99878,100
2019-06-28 09:37:10.000000000,100036,570,100029,570,100040,100,99975,100,100043,100,99974,200,100044,100,99953,100,100054,100,99942,100,100061,100,99926,100,100062,100,99903,100,100063,200,99901,100,100077,100,99890,100,100099,100,99878,100
2019-06-28 09:37:12.445225965,100036,570,100029,570,100040,100,99975,100,100043,100,99974,200,100044,100,99953,100,100054,100,99942,100,100061,100,99926,100,100062,100,99903,100,100063,200,99901,100,100077,100,99890,100,100099,100,99878,100
2019-06-28 09:37:20.000000000,100036,335,100029,335,100040,335,99975,335,100043,100,99974,200,100044,100,99953,100,100054,100,99942,100,100061,100,99926,100,100062,100,99903,100,100063,200,99901,100,100077,100,99890,100,100099,100,99878,100
2019-06-28 09:37:30.000000000,100036,570,100029,570,100040,100,99975,100,100043,100,99974,200,100044,100,99953,100,100054,100,99942,100,100061,100,99926,100,100062,100,99903,100,100063,200,99901,100,100077,100,99890,100,100099,100,99878,100
2019-06-28 09:37:40.000000000,100036,260,100029,260,100040,255,99975,255,100043,255,99974,355,100044,100,99953,100,100054,100,99942,100,100061,100,99926,100,100062,100,99903,100,100063,200,99901,100,100077,100,99890,100,100099,100,99878,100
2019-06-28 09:37:49.347967488,100036,260,100029,260,100040,255,99975,255,100043,255,99974,355,100044,100,99953,100,100054,100,99942,100,100061,100,99926,100,100062,100,99903,100,100063,200,99901,100,100077,100,99890,100,100099,100,99878,100
2019-06-28 09:37:50.000000000,100036,335,100029,335,100040,335,99975,335,100043,100,99974,200,100044,100,99953,100,100054,100,99942,100,100061,100,99926,100,100062,100,99903,100,100063,200,99901,100,100077,100,99890,100,100099,100,99878,100
2019-06-28 09:38:00.000000000,100036,260,100029,260,100040,255,99975,255,100043,255,99974,355,100044,100,99953,100,100054,100,99942,100,100061,100,99926,100,100062,100,99903,100,100063,200,99901,100,100077,100,99890,100,100099,100,99878,100
2019-06-28 09:38:00.287506242,100036,160,100029,260,100040,255,99975,255,100043,255,99974,355,100044,100,99953,100,100054,100,99942,100,100061,100,99926,100,100062,100,99903,100,100063,200,99901,100,100077,100,99890,100,100099,100,99870,100
2019-06-28 09:38:10.000000000,100040,570,100029,570,100043,100,99975,100,100044,100,99974,200,100054,100,99953,100,100061,100,99942,100,100062,100,99926,100,100063,200,99903,100,100077,100,99901,100,100099,100,99890,100,100103,100,99870,100
2019-06-28 09:38:15.452945823,100040,470,100029,570,100043,100,99975,100,100044,100,99974,200,100054,100,99953,100,100061,100,99942,100,100062,100,99926,100,100063,200,99903,100,100077,100,99901,100,100099,100,99890,100,100103,100,99870,100
2019-06-28 09:38:20.000000000,100043,194,100029,194,100044,194,99975,194,100054,194,99974,294,100061,194,99953,194,100062,194,99942,194,100063,200,99926,100,100077,100,99903,100,100099,100,99901,100,100103,100,99890,100,100110,100,99870,100
2019-06-28 09:38:21.067671952,100043,194,100036,100,100044,194,100029,194,100054,194,99975,194,100061,194,99974,294,100062,194,99953,194,100063,200,99942,194,100077,100,99926,100,100099,100,99903,100,100103,100,99901,100,100110,100,99890,100
2019-06-28 09:38:30.000000000,100043,570,100036,570,100044,100,100029,100,100054,100,99975,100,100061,100,99974,200,100062,100,99953,100,100063,200,99942,100,100077,100,99926,100,100099,100,99903,100,100103,100,99901,100,100110,100,99890,100
2019-06-28 09:38:40.000000000,100043,194,100036,194,100044,194,100029,194,100054,194,99975,194,100061,194,99974,294,100062,194,99953,194,100063,200,99942,100,100077,100,99926,100,100099,100,99903,100,100103,100,99901,100,100110,100,99890,100
2019-06-28 09:38:42.256506466,100043,94,100036,194,100044,194,100029,194,100054,194,99975,194,100061,194,99974,294,100062,194,99953,194,100063,200,99942,100,100077,100,99926,100,100099,100,99903,100,100103,100,99901,100,100110,100,99890,100
2019-06-28 09:38:50.000000000,100044,194,100036,194,100054,194,100029,194,100061,194,99975,194,100062,194,99974,294,100063,294,99953,194,100077,100,99942,100,100099,100,99926,100,100103,100,99903,100,100110,100,99901,100,100123,100,99890,100
2019-06-28 09:38:57.597269359,100044,94,100036,194,100054,194,100029,194,100061,194,99975,194,100062,194,99974,294,100063,294,99953,194,100077,100,99942,100,100099,100,99926,100,100103,100,99903,100,100110,100,99901,100,100123,100,99890,100
2019-06-28 09:39:00.000000000,100054,194,100036,194,100061,194,100029,194,100062,194,99975,194,100063,294,99974,294,100077,194,99953,194,100099,100,99942,100,100103,100,99926,100,100110,100,99903,100,100123,100,99901,100,100132,100,99890,100
2019-06-28 09:39:01.311905931,100054,194,100043,100,100061,194,100036,194,100062,194,100029,194,100063,294,99975,194,100077,194,99974,194,100099,100,99953,194,100103,100,99942,100,100110,100,99926,100,100123,100,99903,100,100132,100,99901,100
2019-06-28 09:39:10.000000000,100054,218,100043,218,100061,218,100036,218,100062,218,100029,218,100063,318,99975,218,100077,100,99974,100,100099,100,99953,100,100103,100,99942,100,100110,100,99926,100,100123,100,99903,100,100132,100,99901,100
2019-06-28 09:39:13.572138062,100054,118,100043,218,100061,218,100036,218,100062,218,100029,218,100063,318,99975,218,100077,100,99974,100,100099,100,99953,100,100103,100,99942,100,100110,100,99926,100,100123,100,99903,100,100132,100,99901,100
2019-06-28 09:39:15.385387034,100054,18,100043,218,100061,218,100036,218,100062,218,100029,218,100063,318,99975,218,100077,100,99974,100,100099,100,99953,100,100103,100,99942,100,100110,100,99926,100,100123,100,99903,100,100132,100,99901,100
2019-06-28 09:39:16.039447260,100061,218,100054,82,100062,218,100043,218,100063,318,100036,218,100077,100,100029,218,100099,100,99975,218,100103,100,99974,100,100110,100,99953,100,100123,100,99942,100,100132,100,99926,100,100164,100,99903,100
2019-06-28 09:39:20.000000000,100061,194,100054,176,100062,194,100043,194,100063,294,100036,194,100077,194,100029,194,100099,194,99975,194,100103,100,99974,100,100110,100,99953,100,100123,100,99942,100,100132,100,99926,100,100164,100,99903,100
2019-06-28 09:39:30.000000000,100061,570,100054,552,100062,100,100043,100,100063,200,100036,100,100077,100,100029,100,100099,100,99975,100,100103,100,99974,100,100110,100,99953,100,100123,100,99942,100,100132,100,99926,100,100164,100,99903,100
2019-06-28 09:39:35.096241560,100061,570,100054,552,100062,100,100043,100,100063,200,100036,100,100077,100,100029,100,100099,100,99975,100,100103,100,99974,100,100110,100,99953,100,100123,100,99942,100,100132,100,99926,100,100164,100,99903,100
2019-06-28 09:39:40.000000000,100061,335,100054,317,100062,335,100043,335,100063,200,100036,100,100077,100,100029,100,100099,100,99975,100,100103,100,99974,100,100110,100,99953,100,100123,100,99942,100,100132,100,99926,100,100164,100,99903,100
2019-06-28 09:39:50.000000000,100061,335,100054,317,100062,335,100043,335,100063,200,100036,100,100077,100,100029,100,100099,100,99975,100,100103,100,99974,100,100110,100,99953,100,100123,100,99942,100,100132,100,99926,100,100164,100,99903,100
2019-06-28 09:39:57.714410201,100061,335,100054,317,100062,335,100043,335,100063,200,100036,100,100099,100,100029,100,100103,100,99975,100,100110,100,99974,100,100123,100,99953,100,100132,100,99942,100,100164,100,99926,100,100171,100,99903,100
2019-06-28 09:40:00.000000000,100061,570,100054,552,100062,100,100043,100,100063,200,100036,100,100099,100,100029,100,100103,100,99975,100,100110,100,99974,100,100123,100,99953,100,100132,100,99942,100,100164,100,99926,100,100171,100,99903,100
2019-06-28 09:40:10.000000000,100061,570,100054,552,100062,100,100043,100,100063,200,100036,100,100099,100,100029,100,100103,100,99975,100,100110,100,99974,100,100123,100,99953,100,100132,100,99942,100,100164,100,99926,100,100171,100,99903,100
2019-06-28 09:40:20.000000000,100061,335,100054,317,100062,335,100043,335,100063,200,100036,100,100099,100,100029,100,100103,100,99975,100,100110,100,99974,100,100123,100,99953,100,100132,100,99942,100,100164,100,99926,100,100171,100,99903,100
2019-06-28 09:40:29.250790957,100061,235,100054,317,100062,335,100043,335,100063,200,100036,100,100099,100,100029,100,100103,100,99975,100,100110,100,99974,100,100123,100,99953,100,100132,100,99942,100,100164,100,99926,100,100171,100,99903,100
2019-06-28 09:40:30.000000000,100062,570,100054,552,100063,200,100043,100,100099,100,100036,100,100103,100,100029,100,100110,100,99975,100,100123,100,99974,100,100132,100,99953,100,100164,100,99942,100,100171,100,99926,100,101173,100,99903,100
2019-06-28 09:40:40.000000000,100062,194,100054,176,100063,294,100043,194,100099,194,100036,194,100103,194,100029,194,100110,194,99975,194,100123,100,99974,100,100132,100,99953,100,100164,100,99942,100,100171,100,99926,100,101173,100,99903,100
2019-06-28 09:40:43.029205423,100062,94,100054,176,100063,294,100043,194,100099,194,100036,194,100103,194,100029,194,100110,194,99975,194,100123,100,99974,100,100132,100,99953,100,100164,100,99942,100,100171,100,99926,100,101173,100,99903,100
2019-06-28 09:40:50.000000000,100063,360,100054,242,100099,255,100043,255,100103,255,100036,255,100110,100,100029,100,100123,100,99975,100,100132,100,99974,100,100164,100,99953,100,100171,100,99942,100,101173,100,99926,100,101263,100,99903,100
2019-06-28 09:41:00.000000000,100063,360,100054,242,100099,255,100043,255,100103,255,100036,255,100110,100,100029,100,100123,100,99975,100,100132,100,99974,100,100164,100,99953,100,100171,100,99942,100,101173,100,99926,100,101263,100,99903,100
2019-06-28 09:41:10.000000000,100063,360,100054,242,100099,255,100043,255,100103,255,100036,255,100110,100,100029,100,100123,100,99975,100,100132,100,99974,100,100164,100,99953,100,100171,100,99942,100,101173,100,99926,100,101263,100,99903,100
2019-06-28 09:41:20.000000000,100063,360,100054,242,100099,255,100043,255,100103,255,100036,255,100110,100,100029,100,100123,100,99975,100,100132,100,99974,100,100164,100,99953,100,100171,100,99942,100,101173,100,99926,100,101263,100,99903,100
2019-06-28 09:41:30.000000000,100063,360,100054,242,100099,255,100043,255,100103,255,100036,255,100110,100,100029,100,100123,100,99975,100,100132,100,99974,100,100164,100,99953,100,100171,100,99942,100,101173,100,99926,100,101263,100,99903,100
2019-06-28 09:41:40.000000000,100063,294,100054,176,100099,194,100043,194,100103,194,100036,194,100110,194,100029,194,100123,194,99975,194,100132,100,99974,100,100164,100,99953,100,100171,100,99942,100,101173,100,99926,100,101263,100,99903,100
2019-06-28 09:41:50.000000000,100063,318,100054,200,100099,218,100043,218,100103,218,100036,218,100110,218,100029,218,100123,100,99975,100,100132,100,99974,100,100164,100,99953,100,100171,100,99942,100,101173,100,99926,100,101263,100,99903,100
2019-06-28 09:41:55.707088441,100063,318,100061,100,100099,218,100054,200,100103,218,100043,118,100110,218,100036,218,100123,100,100029,218,100132,100,99975,100,100164,100,99974,100,100171,100,99953,100,101173,100,99942,100,101263,100,99926,100
2019-06-28 09:42:00.000000000,100063,360,100061,260,100099,255,100054,237,100103,255,100036,255,100110,100,100029,100,100123,100,99975,100,100132,100,99974,100,100164,100,99953,100,100171,100,99942,100,101173,100,99926,100,101263,100,99903,100
2019-06-28 09:42:04.442052417,100063,260,100061,260,100099,255,100054,237,100103,255,100036,255,100110,100,100029,100,100123,100,99975,100,100132,100,99974,100,100164,100,99953,100,100171,100,99942,100,101173,100,99926,100,101263,100,99903,100
2019-06-28 09:42:10.000000000,100063,570,100061,570,100099,100,100054,82,100103,100,100036,100,100110,100,100029,100,100123,100,99975,100,100132,100,99974,100,100164,100,99953,100,100171,100,99942,100,101173,100,99926,100,101263,100,99903,100
2019-06-28 09:42:20.000000000,100063,335,100061,335,100099,335,100054,317,100103,100,100036,100,100110,100,100029,100,100123,100,99975,100,100132,100,99974,100,100164,100,99953,100,100171,100,99942,100,101173,100,99926,100,101263,100,99903,100
2019-06-28 09:42:27.946274910,100063,335,100061,235,100099,335,100054,317,100103,100,100036,100,100110,100,100029,100,100123,100,99975,100,100132,100,99974,100,100164,100,99953,100,100171,100,99942,100,101173,100,99926,100,101263,100,99903,100
2019-06-28 09:42:30.000000000,100063,570,100054,552,100099,100,100036,100,100103,100,100029,100,100110,100,99975,100,100123,100,99974,100,100132,100,99953,100,100164,100,99942,100,100171,100,99926,100,101173,100,99903,100,101263,100,99890,100
2019-06-28 09:42:34.465294914,100063,570,100054,452,100099,100,100036,100,100103,100,100029,100,100110,100,99975,100,100123,100,99974,100,100132,100,99953,100,100164,100,99926,100,100171,100,99903,100,101173,100,99890,100,101263,100,99870,100
2019-06-28 09:42:40.000000000,100063,194,100036,194,100099,194,100029,194,100103,194,99975,194,100110,194,99974,194,100123,194,99953,194,100132,100,99926,100,100164,100,99903,100,100171,100,99890,100,101173,100,99870,100,101263,100,99857,100
2019-06-28 09:42:50.000000000,100063,570,100036,570,100099,100,100029,100,100103,100,99975,100,100110,100,99974,100,100123,100,99953,100,100132,100,99926,100,100164,100,99903,100,100171,100,99890,100,101173,100,99870,100,101263,100,99857,100
2019-06-28 09:43:00.000000000,100063,194,100036,194,100099,194,100029,194,100103,194,99975,194,100110,194,99974,194,100123,194,99953,194,100132,100,99926,100,100164,100,99903,100,100171,100,99890,100,101173,100,99870,100,101263,100,99857,100
2019-06-28 09:43:04.687986231,100063,194,100036,194,100099,194,100029,194,100103,194,99975,194,100110,194,99974,194,100123,194,99953,194,100132,100,99926,100,100164,100,99903,100,100171,100,99890,100,101173,100,99870,100,101263,100,99857,100
2019-06-28 09:43:10.000000000,100063,260,100036,260,100099,255,100029,255,100103,255,99975,255,100110,100,99974,100,100123,100,99953,100,100132,100,99926,100,100164,100,99903,100,100171,100,99890,100,101173,100,99870,100,101263,100,99857,100
2019-06-28 09:43:12.149945962,100061,100,100036,260,100063,260,100029,155,100099,255,99975,255,100103,255,99974,100,100110,100,99953,100,100123,100,99926,100,100132,100,99903,100,100164,100,99890,100,100171,100,99870,100,101173,100,99857,100
2019-06-28 09:43:20.000000000,100061,194,100036,194,100063,194,99975,194,100099,194,99974,194,100103,194,99953,194,100110,194,99926,194,100123,100,99903,100,100132,100,99890,100,100164,100,99870,100,100171,100,99857,100,101173,100,99856,100
2019-06-28 09:43:30.000000000,100061,335,100036,335,100063,335,99975,335,100099,100,99974,100,100103,100,99953,100,100110,100,99926,100,100123,100,99903,100,100132,100,99890,100,100164,100,99870,100,100171,100,99857,100,101173,100,99856,100
2019-06-28 09:43:40.000000000,100061,335,100036,335,100063,335,99975,335,100099,100,99974,100,100103,100,99953,100,100110,100,99926,100,100123,100,99903,100,100132,100,99890,100,100164,100,99870,100,100171,100,99857,100,101173,100,99856,100
2019-06-28 09:43:50.000000000,100061,260,100036,260,100063,255,99975,255,100099,255,99974,255,100103,100,99953,100,100110,100,99926,100,100123,100,99903,100,100132,100,99890,100,100164,100,99870,100,100171,100,99857,100,101173,100,99856,100
2019-06-28 09:43:52.808233726,100061,360,100036,260,100063,255,99975,255,100099,255,99974,255,100103,100,99953,100,100110,100,99926,100,100123,100,99903,100,100132,100,99890,100,100164,100,99870,100,100171,100,99857,100,101173,100,99856,100
2019-06-28 09:43:52.810138621,100061,260,100036,260,100063,255,99975,255,100099,255,99974,255,100103,100,99953,100,100110,100,99926,100,100123,100,99903,100,100132,100,99890,100,100164,100,99870,100,100171,100,99857,100,101173,100,99856,100
2019-06-28 09:43:55.059306803,100061,260,100036,160,100063,255,99975,255,100099,255,99974,255,100103,100,99953,100,100110,100,99926,100,100123,100,99903,100,100132,100,99890,100,100164,100,99870,100,100171,100,99857,100,101173,100,99856,100
2019-06-28 09:44:00.000000000,100061,570,99975,570,100063,100,99974,100,100099,100,99953,100,100103,100,99926,100,100110,100,99903,100,100123,100,99890,100,100132,100,99870,100,100164,100,99857,100,100171,100,99856,100,101173,100,99830,100
2019-06-28 09:44:01.087151900,100054,100,99975,570,100061,570,99974,100,100063,100,99953,100,100099,100,99926,100,100103,100,99903,100,100110,100,99890,100,100123,100,99870,100,100132,100,99857,100,100164,100,99856,100,100171,100,99830,100
2019-06-28 09:44:07.912653191,100054,100,99975,470,100061,570,99974,100,100063,100,99953,100,100099,100,99926,100,100103,100,99903,100,100110,100,99890,100,100123,100,99870,100,100132,100,99857,100,100164,100,99856,100,100171,100,99830,100
2019-06-28 09:44:10.000000000,100054,260,99974,260,100061,255,99953,255,100063,255,99926,255,100099,100,99903,100,100103,100,99890,100,100110,100,99870,100,100123,100,99857,100,100132,100,99856,100,100164,100,99830,100,100171,100,99828,100
2019-06-28 09:44:20.000000000,100054,218,99974,218,100061,218,99953,218,100063,218,99926,218,100099,218,99903,218,100103,100,99890,100,100110,100,99870,100,100123,100,99857,100,100132,100,99856,100,100164,100,99830,100,100171,100,99828,100
2019-06-28 09:44:22.623587180,100054,218,99974,118,100061,218,99953,218,100063,218,99926,218,100099,218,99903,218,100103,100,99890,100,100110,100,99870,100,100123,100,99857,100,100132,100,99856,100,100164,100,99830,100,100171,100,99828,100
2019-06-28 09:44:30.000000000,100054,218,99953,218,100061,218,99926,218,100063,218,99903,218,100099,218,99890,218,100103,100,99870,100,100110,100,99857,100,100123,100,99856,100,100132,100,99830,100,100164,100,99828,100,100171,100,99812,100
2019-06-28 09:44:31.547030549,100054,218,99953,118,100061,218,99926,218,100063,218,99903,218,100099,218,99890,218,100103,100,99870,100,100110,100,99857,100,100123,100,99856,100,100132,100,99830,100,100164,100,99828,100,100171,100,99812,100
2019-06-28 09:44:40.000000000,100054,570,99926,570,100061,100,99903,100,100063,100,99890,100,100099,100,99870,100,100103,100,99857,100,100110,100,99856,100,100123,100,99830,100,100132,100,99828,100,100164,100,99812,100,100171,100,99806,100
2019-06-28 09:44:47.967466601,100054,570,99926,470,100061,100,99903,100,100063,100,99890,100,100099,100,99870,100,100103,100,99857,100,100110,100,99856,100,100123,100,99830,100,100132,100,99828,100,100164,100,99812,100,100171,100,99806,100
2019-06-28 09:44:49.732484938,100054,570,99926,470,100061,100,99903,100,100063,100,99890,100,100099,100,99870,100,100103,100,99857,100,100110,100,99856,100,100123,100,99830,100,100132,100,99828,100,100164,100,99812,100,100171,100,99806,100
2019-06-28 09:44:50.000000000,100054,570,99903,570,100061,100,99890,100,100063,100,99870,100,100099,100,99857,100,100103,100,99856,100,100110,100,99830,100,100123,100,99828,100,100132,100,99812,100,100164,100,99806,100,100171,100,99720,100
2019-06-28 09:44:58.435375642,100054,570,99903,470,100061,100,99890,100,100063,100,99870,100,100099,100,99857,100,100103,100,99856,100,100110,100,99830,100,100123,100,99828,100,100132,100,99812,100,100164,100,99806,100,100171,100,99720,100
2019-06-28 09:45:00.000000000,100054,335,99890,335,100061,335,99870,335,100063,100,99857,100,100099,100,99856,100,100103,100,99830,100,100110,100,99828,100,100123,100,99812,100,100132,100,99806,100,100164,100,99720,100,100171,100,99578,100
2019-06-28 09:45:00.278735737,99927,100,99890,335,100054,335,99870,335,100061,335,99857,100,100063,100,99856,100,100099,100,99830,100,100103,100,99828,100,100110,100,99812,100,100123,100,99806,100,100164,100,99720,100,100171,100,99578,100
2019-06-28 09:45:06.945339732,99927,100,99890,335,100054,235,99870,335,100061,335,99857,100,100063,100,99856,100,100099,100,99830,100,100103,100,99828,100,100110,100,99812,100,100123,100,99806,100,100164,100,99720,100,100171,100,99578,100
2019-06-28 09:45:10.000000000,99927,335,99890,335,100061,335,99870,335,100063,100,99857,100,100099,100,99856,100,100103,100,99830,100,100110,100,99828,100,100123,100,99812,100,100164,100,99806,100,100171,100,99720,100,101737,100,99578,100
2019-06-28 09:45:20.000000000,99927,194,99890,194,100061,194,99870,194,100063,194,99857,194,100099,194,99856,194,100103,194,99830,194,100110,100,99828,100,100123,100,99812,100,100164,100,99806,100,100171,100,99720,100,101737,100,99578,100
2019-06-28 09:45:30.000000000,99927,570,99890,570,100061,100,99870,100,100063,100,99857,100,100099,100,99856,100,100103,100,99830,100,100110,100,99828,100,100123,100,99812,100,100164,100,99806,100,100171,100,99720,100,101737,100,99578,100
2019-06-28 09:45:40.000000000,99927,570,99890,570,100061,100,99870,100,100063,100,99857,100,100099,100,99856,100,100103,100,99830,100,100110,100,99828,100,100123,100,99812,100,100164,100,99806,100,100171,100,99720,100,101737,100,99578,100
2019-06-28 09:45:40.709415416,99927,570,99890,570,100061,100,99870,100,100063,100,99857,100,100099,100,99856,100,100103,100,99830,100,100110,100,99828,100,100123,100,99812,100,100164,100,99806,100,100171,100,99720,100,101737,100,99650,100
2019-06-28 09:45:45.731671332,99927,570,99890,570,100061,100,99870,100,100063,100,99857,100,100099,100,99856,100,100103,100,99830,100,100110,100,99828,100,100123,100,99812,100,100164,100,99806,100,100171,100,99720,100,101737,100,99661,100
2019-06-28 09:45:50.000000000,99927,260,99890,260,100061,255,99870,255,100063,255,99857,255,100099,100,99856,100,100103,100,99830,100,100110,100,99828,100,100123,100,99812,100,100164,100,99806,100,100171,100,99720,100,101737,100,99661,100
2019-06-28 09:46:00.000000000,99927,570,99890,570,100061,100,99870,100,100063,100,99857,100,100099,100,99856,100,100103,100,99830,100,100110,100,99828,100,100123,100,99812,100,100164,100,99806,100,100171,100,99720,100,101737,100,99661,100
2019-06-28 09:46:10.000000000,99927,570,99890,570,100061,100,99870,100,100063,100,99857,100,100099,100,99856,100,100103,100,99830,100,100110,100,99828,100,100123,100,99812,100,100164,100,99806,100,100171,100,99720,100,101737,100,99661,100
2019-06-28 09:46:20.000000000,99927,218,99890,218,100061,218,99870,218,100063,218,99857,218,100099,218,99856,218,100103,100,99830,100,100110,100,99828,100,100123,100,99812,100,100164,100,99806,100,100171,100,99720,100,101737,100,99661,100
2019-06-28 09:46:30.000000000,99927,218,99890,218,100061,218,99870,218,100063,218,99857,218,100099,218,99856,218,100103,100,99830,100,100110,100,99828,100,100123,100,99812,100,100164,100,99806,100,100171,100,99720,100,101737,100,99661,100
2019-06-28 09:46:40.000000000,99927,218,99890,218,100061,218,99870,218,100063,218,99857,218,100099,218,99856,218,100103,100,99830,100,100110,100,99828,100,100123,100,99812,100,100164,100,99806,100,100171,100,99720,100,101737,100,99661,100
2019-06-28 09:46:50.000000000,99927,194,99890,194,100061,194,99870,194,100063,194,99857,194,100099,194,99856,194,100103,194,99830,194,100110,100,99828,100,100123,100,99812,100,100164,100,99806,100,100171,100,99720,100,101737,100,99661,100
2019-06-28 09:47:00.000000000,99927,335,99890,335,100061,335,99870,335,100063,100,99857,100,100099,100,99856,100,100103,100,99830,100,100110,100,99828,100,100123,100,99812,100,100164,100,99806,100,100171,100,99720,100,101737,100,99661,100
2019-06-28 09:47:07.322806530,99927,235,99890,335,100061,335,99870,335,100063,100,99857,100,100099,100,99856,100,100103,100,99830,100,100110,100,99828,100,100123,100,99812,100,100164,100,99806,100,100171,100,99720,100,101737,100,99661,100
2019-06-28 09:47:10.000000000,100061,260,99890,260,100063,255,99870,255,100099,255,99857,255,100103,100,99856,100,100110,100,99830,100,100123,100,99828,100,100164,100,99812,100,100171,100,99806,100,101737,100,99720,100,,,99661,100
2019-06-28 09:47:19.067992867,100061,260,99890,260,100063,255,99870,255,100092,100,99857,255,100099,255,99856,100,100103,100,99830,100,100110,100,99828,100,100123,100,99812,100,100164,100,99806,100,100171,100,99720,100,101737,100,99661,100
2019-06-28 09:47:20.000000000,100061,570,99890,570,100063,100,99870,100,100092,100,99857,100,100099,100,99856,100,100103,100,99830,100,100110,100,99828,100,100123,100,99812,100,100164,100,99806,100,100171,100,99720,100,101737,100,99661,100
2019-06-28 09:47:30.000000000,100061,335,99890,335,100063,335,99870,335,100092,100,99857,100,100099,100,99856,100,100103,100,99830,100,100110,100,99828,100,100123,100,99812,100,100164,100,99806,100,100171,100,99720,100,101737,100,99661,100
2019-06-28 09:47:40.000000000,100061,194,99890,194,100063,194,99870,194,100092,194,99857,194,100099,194,99856,194,100103,194,99830,194,100110,100,99828,100,100123,100,99812,100,100164,100,99806,100,100171,100,99720,100,101737,100,99661,100
2019-06-28 09:47:40.169389703,100060,100,99890,194,100061,194,99870,194,100063,194,99857,194,100092,194,99856,194,100099,194,99830,194,100103,194,99828,100,100110,100,99812,100,100123,100,99806,100,100164,100,99720,100,100171,100,99661,100
2019-06-28 09:47:42.536182395,99959,100,99890,194,100060,100,99870,194,100061,194,99857,194,100063,194,99856,194,100092,194,99830,194,100099,194,99828,100,100103,194,99812,100,100110,100,99806,100,100123,100,99720,100,100164,100,99661,100
2019-06-28 09:47:49.360561311,99959,100,99890,194,100014,100,99870,194,100060,100,99857,194,100061,194,99856,194,100063,194,99830,194,100092,194,99828,100,100099,194,99812,100,100103,94,99806,100,100110,100,99720,100,100123,100,99661,100
2019-06-28 09:47:50.000000000,99959,194,99890,194,100014,194,99870,194,100060,194,99857,194,100061,194,99856,194,100063,194,99830,194,100092,100,99828,100,100099,100,99812,100,100110,100,99806,100,100123,100,99720,100,100164,100,99661,100
2019-06-28 09:47:57.474657031,99959,194,99890,194,100014,194,99876,100,100060,194,99870,194,100061,194,99857,194,100063,194,99856,194,100092,100,99830,194,100099,100,99828,100,100110,100,99812,100,100123,100,99806,100,100164,100,99661,100
2019-06-28 09:48:00.000000000,99959,335,99890,335,100014,335,99876,335,100060,100,99870,100,100061,100,99857,100,100063,100,99856,100,100092,100,99830,100,100099,100,99828,100,100110,100,99812,100,100123,100,99806,100,100164,100,99661,100
2019-06-28 09:48:10.000000000,99959,218,99890,218,100014,218,99876,218,100060,218,99870,218,100061,218,99857,218,100063,100,99856,100,100092,100,99830,100,100099,100,99828,100,100110,100,99812,100,100123,100,99806,100,100164,100,99661,100
2019-06-28 09:48:20.000000000,99959,218,99890,218,100014,218,99876,218,100060,218,99870,218,100061,218,99857,218,100063,100,99856,100,100092,100,99830,100,100099,100,99828,100,100110,100,99812,100,100123,100,99806,100,100164,100,99661,100
2019-06-28 09:48:29.043810597,99959,218,99890,218,100014,218,99876,218,100060,218,99870,218,100061,218,99857,218,100063,100,99856,100,100081,100,99830,100,100092,100,99828,100,100099,100,99812,100,100110,100,99806,100,100123,100,99661,100
2019-06-28 09:48:30.000000000,99959,260,99890,260,100014,255,99876,255,100060,255,99870,255,100061,100,99857,100,100063,100,99856,100,100081,100,99830,100,100092,100,99828,100,100099,100,99812,100,100110,100,99806,100,100123,100,99661,100
2019-06-28 09:48:38.319040223,99959,260,99890,260,100014,255,99876,255,100060,255,99870,155,100061,100,99857,100,100063,100,99856,100,100081,100,99852,100,100092,100,99830,100,100099,100,99828,100,100110,100,99812,100,100123,100,99806,100
2019-06-28 09:48:40.000000000,99959,218,99890,218,100014,218,99876,218,100060,218,99857,218,100061,218,99856,218,100063,100,99852,100,100081,100,99830,100,100092,100,99828,100,100099,100,99812,100,100110,100,99806,100,100123,100,99661,100
2019-06-28 09:48:50.000000000,99959,570,99890,570,100014,100,99876,100,100060,100,99857,100,100061,100,99856,100,100063,100,99852,100,100081,100,99830,100,100092,100,99828,100,100099,100,99812,100,100110,100,99806,100,100123,100,99661,100
2019-06-28 09:49:00.000000000,99959,260,99890,260,100014,255,99876,255,100060,255,99857,255,100061,100,99856,100,100063,100,99852,100,100081,100,99830,100,100092,100,99828,100,100099,100,99812,100,100110,100,99806,100,100123,100,99661,100
2019-06-28 09:49:10.000000000,99959,218,99890,218,100014,218,99876,218,100060,218,99857,218,100061,218,99856,218,100063,100,99852,100,100081,100,99830,100,100092,100,99828,100,100099,100,99812,100,100110,100,99806,100,100123,100,99661,100
2019-06-28 09:49:20.000000000,99959,335,99890,335,100014,335,99876,335,100060,100,99857,100,100061,100,99856,100,100063,100,99852,100,100081,100,99830,100,100092,100,99828,100,100099,100,99812,100,100110,100,99806,100,100123,100,99661,100
2019-06-28 09:49:22.560452741,99926,100,99890,335,99959,335,99876,335,100014,335,99857,100,100060,100,99856,100,100061,100,99852,100,100063,100,99830,100,100081,100,99828,100,100092,100,99812,100,100099,100,99806,100,100110,100,99661,100
2019-06-28 09:49:26.352757882,99926,100,99890,335,99959,335,99876,335,100014,335,99857,100,100060,100,99856,100,100061,100,99852,100,100063,100,99830,100,100081,100,99828,100,100092,100,99812,100,100099,100,99806,100,100110,100,99661,100
2019-06-28 09:49:30.000000000,99926,218,99890,218,99959,218,99876,218,100014,218,99857,218,100060,218,99856,218,100061,100,99852,100,100063,100,99830,100,100081,100,99828,100,100092,100,99812,100,100099,100,99806,100,100110,100,99661,100
2019-06-28 09:49:31.162270868,99926,318,99890,218,99959,218,99876,218,100014,218,99857,218,100060,218,99856,118,100061,100,99852,100,100063,100,99830,100,100081,100,99828,100,100092,100,99812,100,100099,100,99806,100,100110,100,99661,100
2019-06-28 09:49:40.000000000,99926,670,99890,570,99959,100,99876,100,100014,100,99857,100,100060,100,99852,100,100061,100,99830,100,100063,100,99828,100,100081,100,99812,100,100092,100,99806,100,100099,100,99661,100,100110,100,99650,100
2019-06-28 09:49:42.179000858,99926,670,99890,570,99959,100,99876,100,100014,100,99857,100,100060,100,99852,100,100061,100,99830,100,100063,100,99828,100,100081,100,99812,100,100092,100,99806,100,100099,100,99661,100,100110,100,99650,100
2019-06-28 09:49:43.012986065,99926,770,99890,570,99959,100,99876,100,100014,100,99857,100,100060,100,99852,100,100061,100,99830,100,100063,100,99828,100,100081,100,99812,100,100092,100,99806,100,100099,100,99661,100,100110,100,99650,100
2019-06-28 09:49:50.000000000,99926,418,99890,218,99959,218,99876,218,100014,218,99857,218,100060,218,99852,218,100061,100,99830,100,100063,100,99828,100,100081,100,99812,100,100092,100,99806,100,100099,100,99661,100,100110,100,99650,100
2019-06-28 09:49:58.219314765,99926,418,99890,118,99959,218,99876,218,100014,218,99857,218,100060,218,99852,218,100061,100,99830,100,100081,100,99828,100,100092,100,99812,100,100099,100,99806,100,100110,100,99661,100,100123,100,99650,100
2019-06-28 09:50:00.000000000,99926,460,99876,260,99959,255,99857,255,100014,255,99852,255,100060,100,99830,100,100061,100,99828,100,100081,100,99812,100,100092,100,99806,100,100099,100,99661,100,100110,100,99650,100,100123,100,99645,100
2019-06-28 09:50:01.491848757,99925,100,99876,260,99926,460,99857,255,99959,255,99852,255,100014,255,99830,100,100060,100,99828,100,100061,100,99812,100,100081,100,99806,100,100092,100,99661,100,100099,100,99650,100,100110,100,99645,100
2019-06-28 09:50:10.000000000,99925,260,99876,260,99926,455,99857,255,99959,255,99852,255,100014,100,99830,100,100060,100,99828,100,100061,100,99812,100,100081,100,99806,100,100092,100,99661,100,100099,100,99650,100,100110,100,99645,100
2019-06-28 09:50:20.000000000,99925,218,99876,218,99926,418,99857,218,99959,218,99852,218,100014,218,99830,218,100060,100,99828,100,100061,100,99812,100,100081,100,99806,100,100092,100,99661,100,100099,100,99650,100,100110,100,99645,100
2019-06-28 09:50:29.364314489,99925,218,99876,118,99926,418,99857,218,99959,218,99852,218,100014,218,99830,218,100060,100,99828,100,100061,100,99812,100,100081,100,99806,100,100092,100,99661,100,100099,100,99650,100,100110,100,99645,100
2019-06-28 09:50:30.000000000,99925,194,99857,194,99926,394,99852,194,99959,194,99830,194,100014,194,99828,194,100060,194,99812,194,100061,100,99806,100,100081,100,99661,100,100092,100,99650,100,100099,100,99645,100,100110,100,99578,100
2019-06-28 09:50:40.000000000,99925,335,99857,335,99926,535,99852,335,99959,100,99830,100,100014,100,99828,100,100060,100,99812,100,100061,100,99806,100,100081,100,99661,100,100092,100,99650,100,100099,100,99645,100,100110,100,99578,100
2019-06-28 09:50:50.000000000,99925,218,99857,218,99926,418,99852,218,99959,218,99830,218,100014,218,99828,218,100060,100,99812,100,100061,100,99806,100,100081,100,99661,100,100092,100,99650,100,100099,100,99645,100,100110,100,99578,100
2019-06-28 09:51:00.000000000,99925,194,99857,194,99926,394,99852,194,99959,194,99830,194,100014,194,99828,194,100060,194,99812,194,100061,100,99806,100,100081,100,99661,100,100092,100,99650,100,100099,100,99645,100,100110,100,99578,100
2019-06-28 09:51:03.754879855,99890,100,99857,194,99925,194,99852,194,99926,394,99830,194,99959,194,99828,194,100014,194,99812,194,100060,194,99806,100,100061,100,99661,100,100081,100,99650,100,100092,100,99645,100,100099,100,99578,100
2019-06-28 09:51:10.000000000,99890,570,99857,570,99925,100,99852,100,99926,300,99830,100,99959,100,99828,100,100014,100,99812,100,100060,100,99806,100,100061,100,99661,100,100081,100,99650,100,100092,100,99645,100,100099,100,99578,100
2019-06-28 09:51:20.000000000,99890,194,99857,194,99925,194,99852,194,99926,394,99830,194,99959,194,99828,194,100014,194,99812,194,100060,100,99806,100,100061,100,99661,100,100081,100,99650,100,100092,100,99645,100,100099,100,99578,100
2019-06-28 09:51:30.000000000,99890,218,99857,218,99925,218,99852,218,99926,418,99830,218,99959,218,99828,218,100014,100,99812,100,100060,100,99806,100,100061,100,99661,100,100081,100,99650,100,100092,100,99645,100,100099,100,99578,100
2019-06-28 09:51:40.000000000,99890,335,99857,335,99925,335,99852,335,99926,300,99830,100,99959,100,99828,100,100014,100,99812,100,100060,100,99806,100,100061,100,99661,100,100081,100,99650,100,100092,100,99645,100,100099,100,99578,100
2019-06-28 09:51:50.000000000,99890,218,99857,218,99925,218,99852,218,99926,418,99830,218,99959,218,99828,218,100014,100,99812,100,100060,100,99806,100,100061,100,99661,100,100081,100,99650,100,100092,100,99645,100,100099,100,99578,100
2019-06-28 09:52:00.000000000,99890,218,99857,218,99925,218,99852,218,99926,418,99830,218,99959,218,99828,218,100014,100,99812,100,100060,100,99806,100,100061,100,99661,100,100081,100,99650,100,100092,100,99645,100,100099,100,99578,100
2019-06-28 09:52:04.041668448,99890,318,99857,218,99925,218,99852,218,99926,418,99830,218,99959,218,99828,218,100014,100,99806,100,100060,100,99661,100,100061,100,99650,100,100081,100,99645,100,100092,100,99578,100,100099,100,99276,100
2019-06-28 09:52:10.000000000,99890,360,99857,260,99925,255,99852,255,99926,455,99830,255,99959,100,99828,100,100014,100,99806,100,100060,100,99661,100,100061,100,99650,100,100081,100,99645,100,100092,100,99578,100,100099,100,99276,100
2019-06-28 09:52:20.000000000,99890,318,99857,218,99925,218,99852,218,99926,418,99830,218,99959,218,99828,218,100014,100,99806,100,100060,100,99661,100,100061,100,99650,100,100081,100,99645,100,100092,100,99578,100,100099,100,99276,100
2019-06-28 09:52:30.000000000,99890,360,99857,260,99925,255,99852,255,99926,455,99830,255,99959,100,99828,100,100014,100,99806,100,100060,100,99661,100,100061,100,99650,100,100081,100,99645,100,100092,100,99578,100,100099,100,99276,100
2019-06-28 09:52:31.568785523,99890,360,99857,260,99925,255,99852,255,99926,455,99830,255,99959,100,99828,100,100014,100,99806,100,100060,100,99661,100,100061,100,99650,100,100081,100,99645,100,100092,100,99578,100,100099,100,99345,100
2019-06-28 09:52:32.300999305,99890,360,99857,160,99925,255,99852,255,99926,455,99830,255,99959,100,99828,100,100014,100,99806,100,100060,100,99661,100,100061,100,99650,100,100081,100,99645,100,100092,100,99578,100,100099,100,99345,100
2019-06-28 09:52:40.000000000,99890,435,99852,335,99925,335,99830,335,99926,300,99828,100,99959,100,99806,100,100014,100,99661,100,100060,100,99650,100,100061,100,99645,100,100081,100,99578,100,100092,100,99345,100,100099,100,99276,100
2019-06-28 09:52:46.165128295,99876,100,99852,335,99890,435,99830,335,99925,335,99828,100,99926,300,99806,100,99959,100,99661,100,100014,100,99650,100,100060,100,99645,100,100081,100,99578,100,100092,100,99345,100,100099,100,99276,100
2019-06-28 09:52:50.000000000,99876,570,99852,570,99890,200,99830,100,99925,100,99828,100,99926,300,99806,100,99959,100,99661,100,100014,100,99650,100,100060,100,99645,100,100081,100,99578,100,100092,100,99345,100,100099,100,99276,100
2019-06-28 09:52:50.374645184,99876,570,99852,570,99890,200,99830,100,99925,100,99828,100,99926,300,99806,100,99959,100,99661,100,100014,100,99650,100,100060,100,99645,100,100081,100,99587,100,100092,100,99578,100,100099,100,99345,100
2019-06-28 09:53:00.000000000,99876,335,99852,335,99890,435,99830,335,99925,100,99828,100,99926,300,99806,100,99959,100,99661,100,100014,100,99650,100,100060,100,99645,100,100081,100,99587,100,100092,100,99578,100,100099,100,99345,100
2019-06-28 09:53:01.308074541,99876,335,99852,335,99890,435,99830,335,99925,100,99828,100,99926,300,99806,100,99959,100,99661,100,100014,100,99650,100,100060,100,99645,100,100081,100,99587,100,100092,100,99578,100,100099,100,99484,100
2019-06-28 09:53:10.000000000,99876,570,99852,570,99890,200,99830,100,99925,100,99828,100,99926,300,99806,100,99959,100,99661,100,100014,100,99650,100,100060,100,99645,100,100081,100,99587,100,100092,100,99578,100,100099,100,99484,100
2019-06-28 09:53:20.000000000,99876,570,99852,570,99890,200,99830,100,99925,100,99828,100,99926,300,99806,100,99959,100,99661,100,100014,100,99650,100,100060,100,99645,100,100081,100,99587,100,100092,100,99578,100,100099,100,99484,100
2019-06-28 09:53:30.000000000,99876,194,99852,194,99890,294,99830,194,99925,194,99828,194,99926,394,99806,194,99959,194,99661,194,100014,100,99650,100,100060,100,99645,100,100081,100,99587,100,100092,100,99578,100,100099,100,99484,100
2019-06-28 09:53:40.000000000,99876,260,99852,260,99890,355,99830,255,99925,255,99828,255,99926,300,99806,100,99959,100,99661,100,100014,100,99650,100,100060,100,99645,100,100081,100,99587,100,100092,100,99578,100,100099,100,99484,100
2019-06-28 09:53:50.000000000,99876,194,99852,194,99890,294,99830,194,99925,194,99828,194,99926,394,99806,194,99959,194,99661,194,100014,100,99650,100,100060,100,99645,100,100081,100,99587,100,100092,100,99578,100,100099,100,99484,100
2019-06-28 09:53:55.854084789,99876,194,99852,94,99890,294,99830,194,99925,194,99828,94,99926,394,99806,194,99959,194,99661,194,100014,100,99650,100,100060,100,99645,100,100081,100,99587,100,100092,100,99578,100,100099,100,99484,100
2019-06-28 09:53:56.259821157,99876,194,99852,94,99890,294,99830,194,99925,194,99828,94,99926,394,99806,194,99959,194,99661,194,100014,100,99645,100,100060,100,99587,100,100081,100,99581,100,100092,100,99578,100,100099,100,99484,100
2019-06-28 09:54:00.000000000,99876,194,99830,194,99890,294,99806,194,99925,194,99661,194,99926,394,99645,194,99959,194,99587,194,100014,100,99581,100,100060,100,99578,100,100081,100,99484,100,100092,100,99345,100,100099,100,99276,100
2019-06-28 09:54:00.418086694,99876,194,99830,94,99890,294,99806,194,99925,194,99661,194,99926,394,99645,194,99959,194,99587,194,100014,100,99581,100,100060,100,99578,100,100081,100,99484,100,100092,100,99345,100,100099,100,99276,100
2019-06-28 09:54:10.000000000,99876,570,99806,570,99890,200,99661,100,99925,100,99645,100,99926,300,99587,100,99959,100,99581,100,100014,100,99578,100,100060,100,99484,100,100081,100,99345,100,100092,100,99276,100,100099,100,,
2019-06-28 09:54:14.759965132,99852,100,99806,570,99876,570,99661,100,99890,200,99645,100,99925,100,99587,100,99926,300,99581,100,99959,100,99578,100,100014,100,99484,100,100060,100,99345,100,100081,100,99276,100,100092,100,,
2019-06-28 09:54:20.000000000,99852,260,99806,260,99876,255,99661,255,99890,355,99645,255,99925,100,99587,100,99926,300,99581,100,99959,100,99578,100,100014,100,99484,100,100060,100,99345,100,100081,100,99276,100,100092,100,,
2019-06-28 09:54:23.724855790,99852,260,99806,260,99876,255,99661,255,99890,355,99645,255,99925,100,99587,100,99926,300,99581,100,99959,100,99578,100,100014,100,99484,100,100060,100,99362,100,100081,100,99345,100,100092,100,99276,100
2019-06-28 09:54:30.000000000,99852,194,99806,194,99876,194,99661,194,99890,294,99645,194,99925,194,99587,194,99926,394,99581,194,99959,100,99578,100,100014,100,99484,100,100060,100,99362,100,100081,100,99345,100,100092,100,99276,100
2019-06-28 09:54:38.205753562,99852,294,99806,194,99876,194,99661,194,99890,294,99645,194,99925,194,99587,194,99926,394,99581,194,99959,100,99578,100,100014,100,99484,100,100060,100,99362,100,100081,100,99345,100,100092,100,99276,100
2019-06-28 09:54:40.000000000,99852,670,99806,570,99876,100,99661,100,99890,200,99645,100,99925,100,99587,100,99926,300,99581,100,99959,100,99578,100,100014,100,99484,100,100060,100,99362,100,100081,100,99345,100,100092,100,99276,100
2019-06-28 09:54:46.115252972,99852,670,99806,570,99876,100,99661,100,99890,100,99645,100,99925,100,99587,100,99926,300,99581,100,99959,100,99578,100,100014,100,99484,100,100060,100,99362,100,100081,100,99345,100,100092,100,99276,100
2019-06-28 09:54:50.000000000,99852,435,99806,335,99876,335,99661,335,99890,100,99645,100,99925,100,99587,100,99926,300,99581,100,99959,100,99578,100,100014,100,99484,100,100060,100,99362,100,100081,100,99345,100,100092,100,99276,100
2019-06-28 09:55:00.000000000,99852,318,99806,218,99876,218,99661,218,99890,218,99645,218,99925,218,99587,218,99926,300,99581,100,99959,100,99578,100,100014,100,99484,100,100060,100,99362,100,100081,100,99345,100,100092,100,99276,100
2019-06-28 09:55:00.292532295,99852,318,99806,218,99876,218,99661,218,99890,218,99645,218,99925,218,99587,218,99926,300,99581,100,99959,100,99578,100,100014,100,99484,100,100060,100,99430,100,100081,100,99362,100,100092,100,99345,100
2019-06-28 09:55:10.000000000,99852,360,99806,260,99876,255,99661,255,99890,255,99645,255,99925,100,99587,100,99926,300,99581,100,99959,100,99578,100,100014,100,99484,100,100060,100,99430,100,100081,100,99362,100,100092,100,99345,100
2019-06-28 09:55:11.347463213,99852,360,99806,160,99876,255,99661,255,99890,255,99645,255,99925,100,99587,100,99926,300,99578,100,99959,100,99484,100,100014,100,99430,100,100060,100,99362,100,100081,100,99345,100,100092,100,99276,100
2019-06-28 09:55:20.000000000,99852,318,99661,218,99876,218,99645,218,99890,218,99587,218,99925,218,99578,218,99926,300,99484,100,99959,100,99430,100,100014,100,99362,100,100060,100,99345,100,100081,100,99276,100,100092,100,,
2019-06-28 09:55:24.105435107,99852,318,99661,218,99876,218,99645,218,99890,218,99587,218,99925,218,99578,218,99926,300,99576,100,99959,100,99484,100,100014,100,99430,100,100060,100,99362,100,100081,100,99345,100,100092,100,99276,100
2019-06-28 09:55:30.000000000,99852,360,99661,260,99876,255,99645,255,99890,255,99587,255,99925,100,99578,100,99926,300,99576,100,99959,100,99484,100,100014,100,99430,100,100060,100,99362,100,100081,100,99345,100,100092,100,99276,100
2019-06-28 09:55:40.000000000,99852,360,99661,260,99876,255,99645,255,99890,255,99587,255,99925,100,99578,100,99926,300,99576,100,99959,100,99484,100,100014,100,99430,100,100060,100,99362,100,100081,100,99345,100,100092,100,99276,100
2019-06-28 09:55:43.434545703,99852,360,99661,260,99876,255,99645,255,99890,255,99587,255,99925,100,99578,100,99926,300,99576,100,99959,100,99493,100,100014,100,99484,100,100060,100,99430,100,100081,100,99362,100,100092,100,99345,100
2019-06-28 09:55:50.000000000,99852,294,99661,194,99876,194,99645,194,99890,194,99587,194,99925,194,99578,194,99926,394,99576,194,99959,100,99493,100,100014,100,99484,100,100060,100,99430,100,100081,100,99362,100,100092,100,99345,100
2019-06-28 09:55:56.194166399,99852,294,99661,194,99876,194,99645,194,99890,194,99587,194,99925,194,99578,194,99926,394,99576,194,99959,100,99493,100,100014,100,99484,100,100060,100,99467,100,100081,100,99430,100,100092,100,99362,100
2019-06-28 09:56:00.000000000,99852,360,99661,260,99876,255,99645,255,99890,255,99587,255,99925,100,99578,100,99926,300,99576,100,99959,100,99493,100,100014,100,99484,100,100060,100,99467,100,100081,100,99430,100,100092,100,99362,100
2019-06-28 09:56:08.479752918,99830,100,99661,260,99852,360,99645,255,99876,155,99587,255,99890,255,99578,100,99925,100,99576,100,99926,300,99493,100,99959,100,99484,100,100014,100,99467,100,100060,100,99430,100,100081,100,99362,100
2019-06-28 09:56:10.000000000,99830,260,99661,260,99852,355,99645,255,99890,255,99587,255,99925,100,99578,100,99926,300,99576,100,99959,100,99493,100,100014,100,99484,100,100060,100,99467,100,100081,100,99430,100,100092,100,99362,100
2019-06-28 09:56:10.178613351,99830,360,99661,260,99852,355,99645,255,99890,255,99587,255,99925,100,99578,100,99926,300,99576,100,99959,100,99493,100,100014,100,99484,100,100060,100,99467,100,100081,100,99430,100,100092,100,99362,100
2019-06-28 09:56:12.204597589,99830,260,99661,260,99852,355,99645,255,99890,255,99587,255,99925,100,99578,100,99926,300,99576,100,99959,100,99493,100,100014,100,99484,100,100060,100,99467,100,100081,100,99430,100,100092,100,99362,100
2019-06-28 09:56:20.000000000,99830,260,99661,260,99852,355,99645,255,99890,255,99587,255,99925,100,99578,100,99926,300,99576,100,99959,100,99493,100,100014,100,99484,100,100060,100,99467,100,100081,100,99430,100,100092,100,99362,100
2019-06-28 09:56:30.000000000,99830,570,99661,570,99852,200,99645,100,99890,100,99587,100,99925,100,99578,100,99926,300,99576,100,99959,100,99493,100,100014,100,99484,100,100060,100,99467,100,100081,100,99430,100,100092,100,99362,100
2019-06-28 09:56:40.000000000,99830,218,99661,218,99852,318,99645,218,99890,218,99587,218,99925,218,99578,218,99926,300,99576,100,99959,100,99493,100,100014,100,99484,100,100060,100,99467,100,100081,100,99430,100,100092,100,99362,100
2019-06-28 09:56:40.299713652,99830,218,99740,100,99852,318,99661,218,99890,218,99645,218,99925,218,99587,218,99926,300,99578,218,99959,100,99576,100,100014,100,99493,100,100060,100,99484,100,100081,100,99467,100,100092,100,99430,100
2019-06-28 09:56:50.000000000,99830,218,99740,218,99852,318,99661,218,99890,218,99645,218,99925,218,99587,218,99926,300,99578,100,99959,100,99576,100,100014,100,99493,100,100060,100,99484,100,100081,100,99467,100,100092,100,99430,100
2019-06-28 09:57:00.000000000,99830,260,99740,260,99852,355,99661,255,99890,255,99645,255,99925,100,99587,100,99926,300,99578,100,99959,100,99576,100,100014,100,99493,100,100060,100,99484,100,100081,100,99467,100,100092,100,99430,100
2019-06-28 09:57:10.000000000,99830,194,99740,194,99852,294,99661,194,99890,194,99645,194,99925,194,99587,194,99926,394,99578,194,99959,100,99576,100,100014,100,99493,100,100060,100,99484,100,100081,100,99467,100,100092,100,99430,100
2019-06-28 09:57:18.583485361,99830,94,99740,194,99852,294,99661,194,99890,194,99645,194,99925,194,99587,194,99926,394,99578,194,99959,100,99576,100,100014,100,99493,100,100060,100,99484,100,100081,100,99467,100,100092,100,99430,100
2019-06-28 09:57:20.000000000,99852,435,99740,335,99890,335,99661,335,99925,100,99645,100,99926,300,99587,100,99959,100,99578,100,100014,100,99576,100,100060,100,99493,100,100081,100,99484,100,100092,100,99467,100,100099,100,99430,100
2019-06-28 09:57:22.032080131,99852,335,99740,335,99890,335,99661,335,99925,100,99645,100,99926,300,99587,100,99959,100,99578,100,100014,100,99576,100,100060,100,99493,100,100081,100,99484,100,100092,100,99467,100,100099,100,99430,100
2019-06-28 09:57:30.000000000,99852,570,99740,570,99890,100,99661,100,99925,100,99645,100,99926,300,99587,100,99959,100,99578,100,100014,100,99576,100,100060,100,99493,100,100081,100,99484,100,100092,100,99467,100,100099,100,99430,100
2019-06-28 09:57:30.094262347,99852,470,99740,570,99890,100,99661,100,99925,100,99645,100,99926,300,99587,100,99959,100,99578,100,100014,100,99576,100,100060,100,99493,100,100081,100,99484,100,100092,100,99467,100,100099,100,99430,100
2019-06-28 09:57:34.215110921,99852,470,99740,570,99890,100,99661,100,99925,100,99645,100,99926,300,99587,100,99959,100,99578,100,100014,100,99576,100,100060,100,99493,100,100081,100,99484,100,100092,100,99467,100,100099,100,99430,100
2019-06-28 09:57:40.000000000,99890,218,99740,218,99925,218,99661,218,99926,418,99645,218,99959,218,99587,218,100014,100,99578,100,100060,100,99576,100,100081,100,99493,100,100092,100,99484,100,100099,100,99467,100,100110,100,99430,100
2019-06-28 09:57:50.000000000,99890,335,99740,335,99925,335,99661,335,99926,300,99645,100,99959,100,99587,100,100014,100,99578,100,100060,100,99576,100,100081,100,99493,100,100092,100,99484,100,100099,100,99467,100,100110,100,99430,100
2019-06-28 09:58:00.000000000,99890,194,99740,194,99925,194,99661,194,99926,394,99645,194,99959,194,99587,194,100014,194,99578,194,100060,100,99576,100,100081,100,99493,100,100092,100,99484,100,100099,100,99467,100,100110,100,99430,100
2019-06-28 09:58:01.090347836,99890,194,99740,194,99925,194,99697,100,99926,394,99661,194,99959,194,99645,194,100014,194,99587,194,100060,100,99578,194,100081,100,99576,100,100092,100,99493,100,100099,100,99484,100,100110,100,99467,100
2019-06-28 09:58:07.997183109,99890,194,99875,100,99925,194,99740,194,99926,394,99697,100,99959,194,99661,194,100014,194,99645,194,100060,100,99587,194,100081,100,99578,194,100092,100,99576,100,100099,100,99493,100,100110,100,99484,100
2019-06-28 09:58:08.048199461,99890,194,99875,100,99925,194,99740,194,99926,394,99697,100,99959,194,99661,194,100014,194,99645,194,100060,100,99587,194,100081,100,99578,194,100092,100,99576,100,100099,100,99493,100,100110,100,99484,100
2019-06-28 09:58:10.000000000,99890,260,99875,260,99925,255,99740,255,99926,455,99697,255,99959,100,99661,100,100014,100,99645,100,100060,100,99587,100,100081,100,99578,100,100092,100,99576,100,100099,100,99493,100,100110,100,99484,100
2019-06-28 09:58:20.000000000,99890,335,99875,335,99925,335,99740,335,99926,300,99697,100,99959,100,99661,100,100014,100,99645,100,100060,100,99587,100,100081,100,99578,100,100092,100,99576,100,100099,100,99493,100,100110,100,99484,100
2019-06-28 09:58:27.761173982,99890,335,99875,335,99925,235,99852,100,99926,300,99740,335,99959,100,99697,100,100014,100,99661,100,100060,100,99645,100,100081,100,99587,100,100092,100,99578,100,100099,100,99576,100,100110,100,99493,100
2019-06-28 09:58:30.000000000,99890,260,99875,260,99926,455,99852,255,99959,255,99740,255,100014,100,99697,100,100060,100,99661,100,100081,100,99645,100,100092,100,99587,100,100099,100,99578,100,100110,100,99576,100,100123,100,99493,100
2019-06-28 09:58:39.322584962,99890,160,99875,260,99926,455,99852,255,99959,255,99740,255,100014,100,99697,100,100060,100,99661,100,100081,100,99645,100,100092,100,99587,100,100099,100,99578,100,100110,100,99576,100,100123,100,99493,100
2019-06-28 09:58:40.000000000,99926,460,99875,260,99959,255,99852,255,100014,255,99740,255,100060,100,99697,100,100081,100,99661,100,100092,100,99645,100,100099,100,99587,100,100110,100,99578,100,100123,100,99576,100,100229,100,99493,100
2019-06-28 09:58:50.000000000,99926,418,99875,218,99959,218,99852,218,100014,218,99740,218,100060,218,99697,218,100081,100,99661,100,100092,100,99645,100,100099,100,99587,100,100110,100,99578,100,100123,100,99576,100,100229,100,99493,100
2019-06-28 09:59:00.000000000,99926,535,99875,335,99959,335,99852,335,100014,100,99740,100,100060,100,99697,100,100081,100,99661,100,100092,100,99645,100,100099,100,99587,100,100110,100,99578,100,100123,100,99576,100,100229,100,99493,100
2019-06-28 09:59:10.000000000,99926,770,99875,570,99959,100,99852,100,100014,100,99740,100,100060,100,99697,100,100081,100,99661,100,100092,100,99645,100,100099,100,99587,100,100110,100,99578,100,100123,100,99576,100,100229,100,99493,100
2019-06-28 09:59:13.376266928,99926,770,99875,470,99959,100,99852,100,100014,100,99740,100,100060,100,99697,100,100081,100,99661,100,100092,100,99645,100,100099,100,99587,100,100110,100,99578,100,100123,100,99576,100,100229,100,99493,100
2019-06-28 09:59:20.000000000,99926,535,99852,335,99959,335,99740,335,100014,100,99697,100,100060,100,99661,100,100081,100,99645,100,100092,100,99587,100,100099,100,99578,100,100110,100,99576,100,100123,100,99493,100,100229,100,99484,100
2019-06-28 09:59:30.000000000,99926,535,99852,335,99959,335,99740,335,100014,100,99697,100,100060,100,99661,100,100081,100,99645,100,100092,100,99587,100,100099,100,99578,100,100110,100,99576,100,100123,100,99493,100,100229,100,99484,100
2019-06-28 09:59:40.000000000,99926,770,99852,570,99959,100,99740,100,100014,100,99697,100,100060,100,99661,100,100081,100,99645,100,100092,100,99587,100,100099,100,99578,100,100110,100,99576,100,100123,100,99493,100,100229,100,99484,100
2019-06-28 09:59:48.918546458,99889,100,99852,570,99926,770,99740,100,99959,100,99697,100,100014,100,99661,100,100060,100,99645,100,100081,100,99587,100,100092,100,99578,100,100099,100,99576,100,100110,100,99493,100,100123,100,99484,100
2019-06-28 09:59:50.000000000,99889,570,99852,570,99926,300,99740,100,99959,100,99697,100,100014,100,99661,100,100060,100,99645,100,100081,100,99587,100,100092,100,99578,100,100099,100,99576,100,100110,100,99493,100,100123,100,99484,100
2019-06-28 10:00:00.000000000,99889,260,99852,260,99926,455,99740,255,99959,255,99697,255,100014,100,99661,100,100060,100,99645,100,100081,100,99587,100,100092,100,99578,100,100099,100,99576,100,100110,100,99493,100,100123,100,99484,100
2019-06-28 10:00:06.242727080,99889,260,99852,260,99926,455,99740,255,99959,255,99697,255,100014,100,99662,100,100060,100,99661,100,100081,100,99645,100,100092,100,99587,100,100099,100,99578,100,100110,100,99576,100,100123,100,99493,100
2019-06-28 10:00:09.295817823,99889,260,99852,260,99926,455,99740,255,99959,255,99697,255,100014,100,99662,100,100060,100,99661,100,100081,100,99645,100,100092,100,99587,100,100099,100,99578,100,100110,100,99576,100,100123,100,99541,100
2019-06-28 10:00:10.000000000,99889,218,99852,218,99926,418,99740,218,99959,218,99697,218,100014,218,99662,218,100060,100,99661,100,100081,100,99645,100,100092,100,99587,100,100099,100,99578,100,100110,100,99576,100,100123,100,99541,100
2019-06-28 10:00:20.000000000,99889,218,99852,218,99926,418,99740,218,99959,218,99697,218,100014,218,99662,218,100060,100,99661,100,100081,100,99645,100,100092,100,99587,100,100099,100,99578,100,100110,100,99576,100,100123,100,99541,100
2019-06-28 10:00:30.000000000,99889,335,99852,335,99926,535,99740,335,99959,100,99697,100,100014,100,99662,100,100060,100,99661,100,100081,100,99645,100,100092,100,99587,100,100099,100,99578,100,100110,100,99576,100,100123,100,99541,100
2019-06-28 10:00:40.000000000,99889,218,99852,218,99926,418,99740,218,99959,218,99697,218,100014,218,99662,218,100060,100,99661,100,100081,100,99645,100,100092,100,99587,100,100099,100,99578,100,100110,100,99576,100,100123,100,99541,100
2019-06-28 10:00:50.000000000,99889,335,99852,335,99926,535,99740,335,99959,100,99697,100,100014,100,99662,100,100060,100,99661,100,100081,100,99645,100,100092,100,99587,100,100099,100,99578,100,100110,100,99576,100,100123,100,99541,100
2019-06-28 10:01:00.000000000,99889,260,99852,260,99926,455,99740,255,99959,255,99697,255,100014,100,99662,100,100060,100,99661,100,100081,100,99645,100,100092,100,99587,100,100099,100,99578,100,100110,100,99576,100,100123,100,99541,100
2019-06-28 10:01:10.000000000,99889,194,99852,194,99926,394,99740,194,99959,194,99697,194,100014,194,99662,194,100060,194,99661,194,100081,100,99645,100,100092,100,99587,100,100099,100,99578,100,100110,100,99576,100,100123,100,99541,100
2019-06-28 10:01:20.000000000,99889,335,99852,335,99926,535,99740,335,99959,100,99697,100,100014,100,99662,100,100060,100,99661,100,100081,100,99645,100,100092,100,99587,100,100099,100,99578,100,100110,100,99576,100,100123,100,99541,100
2019-06-28 10:01:30.000000000,99889,218,99852,218,99926,418,99740,218,99959,218,99697,218,100014,218,99662,218,100060,100,99661,100,100081,100,99645,100,100092,100,99587,100,100099,100,99578,100,100110,100,99576,100,100123,100,99541,100
2019-06-28 10:01:30.796017993,99889,218,99852,118,99926,418,99740,218,99959,218,99697,218,100014,218,99662,218,100060,100,99661,100,100081,100,99645,100,100092,100,99587,100,100099,100,99578,100,100110,100,99576,100,100123,100,99541,100
2019-06-28 10:01:40.000000000,99889,570,99740,570,99926,300,99697,100,99959,100,99662,100,100014,100,99661,100,100060,100,99645,100,100081,100,99587,100,100092,100,99578,100,100099,100,99576,100,100110,100,99541,100,100123,100,99467,100
2019-06-28 10:01:41.045118561,99889,570,99740,470,99926,300,99697,100,99959,100,99662,100,100014,100,99661,100,100060,100,99645,100,100081,100,99587,100,100092,100,99578,100,100099,100,99576,100,100110,100,99541,100,100123,100,99467,100
2019-06-28 10:01:41.133510841,99889,570,99740,370,99926,300,99697,100,99959,100,99662,100,100014,100,99661,100,100060,100,99587,100,100081,100,99578,100,100092,100,99576,100,100099,100,99541,100,100110,100,99467,100,100123,100,99362,100
2019-06-28 10:01:50.000000000,99889,335,99697,335,99926,535,99662,335,99959,100,99661,100,100014,100,99587,100,100060,100,99578,100,100081,100,99576,100,100092,100,99541,100,100099,100,99467,100,100110,100,99362,100,100123,100,99345,100
2019-06-28 10:02:00.000000000,99889,335,99697,335,99926,535,99662,335,99959,100,99661,100,100014,100,99587,100,100060,100,99578,100,100081,100,99576,100,100092,100,99541,100,100099,100,99467,100,100110,100,99362,100,100123,100,99345,100
2019-06-28 10:02:03.932697124,99889,335,99697,235,99926,535,99662,335,99959,100,99661,100,100014,100,99587,100,100060,100,99578,100,100081,100,99576,100,100092,100,99541,100,100099,100,99467,100,100123,100,99362,100,100229,100,99345,100
2019-06-28 10:02:09.447547715,99889,335,99697,235,99926,535,99662,335,99959,100,99661,100,100014,100,99587,100,100081,100,99578,100,100092,100,99576,100,100099,100,99541,100,100123,100,99467,100,100229,100,99362,100,100350,100,99345,100
2019-06-28 10:02:09.656535704,99889,335,99697,235,99926,535,99662,335,99959,100,99661,100,100014,100,99587,100,100081,100,99578,100,100092,100,99576,100,100099,100,99541,100,100123,100,99467,100,100229,100,99362,100,100350,100,99345,100
2019-06-28 10:02:10.000000000,99889,335,99662,335,99926,535,99661,335,99959,100,99587,100,100014,100,99578,100,100081,100,99576,100,100092,100,99541,100,100099,100,99467,100,100123,100,99362,100,100229,100,99345,100,100350,100,99113,100
2019-06-28 10:02:19.996434081,99889,335,99662,335,99926,535,99661,335,99959,100,99587,100,100014,100,99578,100,100081,100,99576,100,100092,100,99541,100,100099,100,99467,100,100123,100,99362,100,100229,100,99345,100,100350,100,99113,100
2019-06-28 10:02:20.000000000,99889,260,99662,260,99926,455,99661,255,99959,255,99587,255,100014,100,99578,100,100081,100,99576,100,100092,100,99541,100,100099,100,99467,100,100123,100,99362,100,100229,100,99345,100,100350,100,99113,100
2019-06-28 10:02:23.229609635,99740,100,99662,260,99889,260,99661,255,99926,455,99587,255,99959,255,99578,100,100014,100,99576,100,100081,100,99541,100,100092,100,99467,100,100099,100,99362,100,100123,100,99345,100,100229,100,99113,100
2019-06-28 10:02:25.471936201,99740,100,99662,260,99889,260,99661,255,99926,455,99587,255,99959,255,99578,100,100014,100,99576,100,100081,100,99541,100,100092,100,99467,100,100099,100,99362,100,100123,100,99345,100,100229,100,99181,100
2019-06-28 10:02:28.107996044,99740,100,99662,260,99889,260,99661,255,99926,455,99587,255,99959,255,99578,100,100014,100,99576,100,100081,100,99541,100,100092,100,99467,100,100099,100,99362,100,100123,100,99345,100,100229,100,99181,100
2019-06-28 10:02:30.000000000,99740,335,99662,335,99889,335,99661,335,99926,300,99587,100,99959,100,99578,100,100014,100,99576,100,100081,100,99541,100,100092,100,99467,100,100099,100,99362,100,100123,100,99345,100,100229,100,99181,100
2019-06-28 10:02:32.560010128,99740,335,99662,335,99889,335,99661,335,99926,300,99587,100,99959,100,99578,100,100014,100,99576,100,100092,100,99541,100,100099,100,99467,100,100123,100,99362,100,100229,100,99345,100,100350,100,99181,100
2019-06-28 10:02:40.000000000,99740,335,99662,335,99889,335,99661,335,99926,300,99587,100,99959,100,99578,100,100014,100,99576,100,100092,100,99541,100,100099,100,99467,100,100123,100,99362,100,100229,100,99345,100,100350,100,99181,100
2019-06-28 10:02:50.000000000,99740,570,99662,570,99889,100,99661,100,99926,300,99587,100,99959,100,99578,100,100014,100,99576,100,100092,100,99541,100,100099,100,99467,100,100123,100,99362,100,100229,100,99345,100,100350,100,99181,100
2019-06-28 10:02:58.069855772,99740,570,99662,470,99889,100,99661,100,99926,300,99587,100,99959,100,99578,100,100014,100,99576,100,100092,100,99541,100,100099,100,99467,100,100123,100,99362,100,100229,100,99345,100,100350,100,99181,100
2019-06-28 10:03:00.000000000,99740,570,99661,570,99889,100,99587,100,99926,300,99578,100,99959,100,99576,100,100014,100,99541,100,100092,100,99467,100,100099,100,99362,100,100123,100,99345,100,100229,100,99181,100,100350,100,99113,100
2019-06-28 10:03:10.000000000,99740,570,99661,570,99889,100,99587,100,99926,300,99578,100,99959,100,99576,100,100014,100,99541,100,100092,100,99467,100,100099,100,99362,100,100123,100,99345,100,100229,100,99181,100,100350,100,99113,100
2019-06-28 10:03:12.952815822,99740,570,99661,470,99889,100,99587,100,99926,300,99578,100,99959,100,99576,100,100014,100,99541,100,100092,100,99467,100,100099,100,99362,100,100123,100,99345,100,100229,100,99181,100,100350,100,99113,100
2019-06-28 10:03:14.343565667,99740,570,99661,370,99889,100,99587,100,99926,300,99576,100,99959,100,99541,100,100014,100,99467,100,100092,100,99362,100,100099,100,99345,100,100123,100,99181,100,100229,100,99113,100,100350,100,99009,100
2019-06-28 10:03:20.000000000,99740,218,99587,218,99889,218,99576,218,99926,418,99541,218,99959,218,99467,218,100014,100,99362,100,100092,100,99345,100,100099,100,99181,100,100123,100,99113,100,100229,100,99009,100,100350,100,98997,100
2019-06-28 10:03:22.804270046,99661,100,99587,218,99740,218,99576,218,99889,218,99541,218,99926,418,99467,218,99959,218,99362,100,100014,100,99345,100,100092,100,99181,100,100099,100,99113,100,100123,100,99009,100,100229,100,98997,100
2019-06-28 10:03:30.000000000,99661,570,99587,570,99740,100,99576,100,99889,100,99541,100,99926,300,99467,100,99959,100,99362,100,100014,100,99345,100,100092,100,99181,100,100099,100,99113,100,100123,100,99009,100,100229,100,98997,100
2019-06-28 10:03:40.000000000,99661,570,99587,570,99740,100,99576,100,99889,100,99541,100,99926,300,99467,100,99959,100,99362,100,100014,100,99345,100,100092,100,99181,100,100099,100,99113,100,100123,100,99009,100,100229,100,98997,100
2019-06-28 10:03:41.556104243,99661,570,99587,570,99740,100,99576,100,99889,100,99541,100,99926,300,99467,100,99959,100,99362,100,100014,100,99345,100,100092,100,99181,100,100099,100,99113,100,100123,100,99009,100,100229,100,98999,100
2019-06-28 10:03:48.835763200,99661,570,99587,570,99740,100,99576,100,99889,100,99541,100,99926,300,99467,100,99959,100,99362,100,100014,100,99345,100,100092,100,99181,100,100099,100,99113,100,100123,100,99009,100,100229,100,98999,100
2019-06-28 10:03:50.000000000,99661,260,99587,260,99740,255,99576,255,99889,255,99541,255,99926,300,99467,100,99959,100,99362,100,100014,100,99345,100,100092,100,99181,100,100099,100,99113,100,100123,100,99009,100,100229,100,98999,100
2019-06-28 10:03:55.800811227,99661,260,99587,260,99740,255,99576,155,99889,255,99541,255,99926,300,99467,100,99959,100,99362,100,100014,100,99345,100,100092,100,99181,100,100099,100,99113,100,100123,100,99009,100,100229,100,98999,100
2019-06-28 10:04:00.000000000,99661,260,99587,260,99740,255,99541,255,99889,255,99467,255,99926,300,99362,100,99959,100,99345,100,100014,100,99181,100,100092,100,99113,100,100099,100,99009,100,100123,100,98999,100,100229,100,98997,100
2019-06-28 10:04:10.000000000,99661,260,99587,260,99740,255,99541,255,99889,255,99467,255,99926,300,99362,100,99959,100,99345,100,100014,100,99181,100,100092,100,99113,100,100099,100,99009,100,100123,100,98999,100,100229,100,98997,100
2019-06-28 10:04:15.974272968,99661,260,99587,260,99740,255,99541,255,99889,255,99467,255,99926,300,99362,100,99959,100,99345,100,100014,100,99181,100,100092,100,99161,100,100099,100,99113,100,100123,100,99009,100,100229,100,98999,100
2019-06-28 10:04:17.373463797,99661,260,99587,260,99740,255,99541,255,99889,255,99467,255,99926,300,99362,100,99959,100,99345,100,100014,100,99181,100,100092,100,99161,100,100123,100,99135,100,100229,100,99113,100,100350,100,99009,100
2019-06-28 10:04:20.000000000,99661,218,99587,218,99740,218,99541,218,99889,218,99467,218,99926,418,99362,218,99959,100,99345,100,100014,100,99181,100,100092,100,99161,100,100123,100,99135,100,100229,100,99113,100,100350,100,99009,100
2019-06-28 10:04:30.000000000,99661,335,99587,335,99740,335,99541,335,99889,100,99467,100,99926,300,99362,100,99959,100,99345,100,100014,100,99181,100,100092,100,99161,100,100123,100,99135,100,100229,100,99113,100,100350,100,99009,100
2019-06-28 10:04:30.473799327,99661,335,99587,335,99740,335,99541,335,99889,100,99467,100,99926,300,99362,100,99959,100,99345,100,100014,100,99181,100,100092,100,99161,100,100123,100,99135,100,100229,100,99113,100,100350,100,99009,100
2019-06-28 10:04:35.382696185,99661,335,99587,335,99740,335,99541,335,99889,100,99467,100,99926,300,99362,100,99959,100,99345,100,100014,100,99181,100,100092,100,99161,100,100123,100,99135,100,100350,100,99113,100,101737,100,99009,100
2019-06-28 10:04:40.000000000,99661,194,99587,194,99740,194,99541,194,99889,194,99467,194,99926,394,99362,194,99959,194,99345,194,100014,100,99181,100,100092,100,99161,100,100123,100,99135,100,100350,100,99113,100,101737,100,99009,100
2019-06-28 10:04:50.000000000,99661,260,99587,260,99740,255,99541,255,99889,255,99467,255,99926,300,99362,100,99959,100,99345,100,100014,100,99181,100,100092,100,99161,100,100123,100,99135,100,100350,100,99113,100,101737,100,99009,100
2019-06-28 10:05:00.000000000,99661,194,99587,194,99740,194,99541,194,99889,194,99467,194,99926,394,99362,194,99959,194,99345,194,100014,100,99181,100,100092,100,99161,100,100123,100,99135,100,100350,100,99113,100,101737,100,99009,100
2019-06-28 10:05:10.000000000,99661,194,99587,194,99740,194,99541,194,99889,194,99467,194,99926,394,99362,194,99959,194,99345,194,100014,100,99181,100,100092,100,99161,100,100123,100,99135,100,100350,100,99113,100,101737,100,99009,100
2019-06-28 10:05:11.151824845,99661,94,99587,194,99740,194,99541,194,99889,194,99467,194,99926,394,99362,194,99959,194,99345,194,100014,100,99161,100,100092,100,99135,100,100123,100,99113,100,100350,100,99009,100,101737,100,98999,100
2019-06-28 10:05:12.153210982,99661,94,99649,100,99740,194,99587,194,99889,194,99541,194,99926,394,99467,194,99959,194,99362,194,100014,100,99345,194,100092,100,99161,100,100123,100,99135,100,100350,100,99113,100,101737,100,99009,100
2019-06-28 10:05:13.891856571,99661,94,99587,194,99740,194,99541,194,99889,194,99467,194,99926,394,99362,194,99959,194,99345,194,100014,100,99161,100,100092,100,99135,100,100123,100,99113,100,100350,100,99009,100,101737,100,98999,100
2019-06-28 10:05:20.000000000,99740,260,99587,260,99889,255,99541,255,99926,455,99467,255,99959,100,99362,100,100014,100,99345,100,100092,100,99161,100,100123,100,99135,100,100350,100,99113,100,101737,100,99009,100,,,98999,100
2019-06-28 10:05:30.000000000,99740,570,99587,570,99889,100,99541,100,99926,300,99467,100,99959,100,99362,100,100014,100,99345,100,100092,100,99161,100,100123,100,99135,100,100350,100,99113,100,101737,100,99009,100,,,98999,100
2019-06-28 10:05:35.181366865,99740,570,99587,570,99889,100,99541,100,99926,300,99467,100,99959,100,99362,100,100014,100,99345,100,100075,100,99161,100,100092,100,99135,100,100123,100,99113,100,100350,100,98999,100,101737,100,98997,100
2019-06-28 10:05:40.000000000,99740,570,99587,570,99889,100,99541,100,99926,300,99467,100,99959,100,99362,100,100014,100,99345,100,100075,100,99161,100,100092,100,99135,100,100123,100,99113,100,100350,100,98999,100,101737,100,98997,100
2019-06-28 10:05:50.000000000,99740,335,99587,335,99889,335,99541,335,99926,300,99467,100,99959,100,99362,100,100014,100,99345,100,100075,100,99161,100,100092,100,99135,100,100123,100,99113,100,100350,100,98999,100,101737,100,98997,100
2019-06-28 10:05:56.665358942,99740,335,99649,100,99889,335,99587,335,99926,200,99541,335,99959,100,99467,100,100014,100,99362,100,100075,100,99345,100,100092,100,99161,100,100123,100,99135,100,100350,100,99113,100,101737,100,98999,100
2019-06-28 10:06:00.000000000,99740,335,99649,335,99889,335,99587,335,99926,200,99541,100,99959,100,99467,100,100014,100,99362,100,100075,100,99345,100,100092,100,99161,100,100123,100,99135,100,100350,100,99113,100,101737,100,98999,100
2019-06-28 10:06:04.630488864,99740,235,99649,335,99889,335,99587,335,99926,200,99541,100,99959,100,99467,100,100014,100,99362,100,100075,100,99345,100,100092,100,99161,100,100123,100,99135,100,100350,100,99113,100,101737,100,98999,100
2019-06-28 10:06:10.000000000,99889,335,99649,335,99926,435,99587,335,99959,100,99541,100,100014,100,99467,100,100075,100,99362,100,100092,100,99345,100,100123,100,99161,100,100350,100,99135,100,101737,100,99113,100,,,98999,100
2019-06-28 10:06:16.282991885,99883,100,99649,335,99889,335,99587,335,99926,435,99541,100,99959,100,99467,100,100014,100,99362,100,100075,100,99345,100,100092,100,99161,100,100123,100,99135,100,100350,100,99113,100,101737,100,98997,100
2019-06-28 10:06:18.183632516,99883,100,99649,335,99889,335,99587,335,99926,435,99550,100,99959,100,99541,100,100014,100,99467,100,100075,100,99362,100,100092,100,99345,100,100123,100,99161,100,100350,100,99135,100,101737,100,99113,100
2019-06-28 10:06:20.000000000,99883,335,99649,335,99889,335,99587,335,99926,200,99550,100,99959,100,99541,100,100014,100,99467,100,100075,100,99362,100,100092,100,99345,100,100123,100,99161,100,100350,100,99135,100,101737,100,99113,100
2019-06-28 10:06:30.000000000,99883,218,99649,218,99889,218,99587,218,99926,318,99550,218,99959,218,99541,218,100014,100,99467,100,100075,100,99362,100,100092,100,99345,100,100123,100,99161,100,100350,100,99135,100,101737,100,99113,100
2019-06-28 10:06:30.655513343,99883,218,99650,100,99889,218,99649,218,99926,318,99587,218,99959,218,99550,218,100014,100,99541,218,100075,100,99467,100,100092,100,99362,100,100123,100,99345,100,100350,100,99161,100,101737,100,99135,100
2019-06-28 10:06:40.000000000,99883,335,99650,335,99889,335,99649,335,99926,200,99587,100,99959,100,99550,100,100014,100,99541,100,100075,100,99467,100,100092,100,99362,100,100123,100,99345,100,100350,100,99161,100,101737,100,99135,100
2019-06-28 10:06:44.223647148,99883,335,99650,335,99889,335,99649,335,99926,200,99587,100,99959,100,99550,100,100014,100,99541,100,100075,100,99482,100,100092,100,99467,100,100123,100,99362,100,100350,100,99345,100,101737,100,99161,100
2019-06-28 10:06:50.000000000,99883,335,99650,335,99889,335,99649,335,99926,200,99587,100,99959,100,99550,100,100014,100,99541,100,100075,100,99482,100,100092,100,99467,100,100123,100,99362,100,100350,100,99345,100,101737,100,99161,100
2019-06-28 10:06:51.629230248,99739,100,99650,335,99883,335,99649,335,99889,335,99587,100,99926,200,99550,100,99959,100,99541,100,100014,100,99482,100,100075,100,99467,100,100092,100,99362,100,100123,100,99345,100,100350,100,99161,100
2019-06-28 10:07:00.000000000,99739,194,99650,194,99883,194,99649,194,99889,194,99587,194,99926,294,99550,194,99959,194,99541,194,100014,100,99482,100,100075,100,99467,100,100092,100,99362,100,100123,100,99345,100,100350,100,99161,100
2019-06-28 10:07:04.057923280,99739,294,99650,194,99883,194,99649,194,99889,194,99587,194,99926,294,99550,194,99959,194,99541,194,100014,100,99482,100,100075,100,99467,100,100092,100,99362,100,100123,100,99345,100,100350,100,99161,100
2019-06-28 10:07:10.000000000,99739,435,99650,335,99883,335,99649,335,99889,100,99587,100,99926,200,99550,100,99959,100,99541,100,100014,100,99482,100,100075,100,99467,100,100092,100,99362,100,100123,100,99345,100,100350,100,99161,100
2019-06-28 10:07:15.114692083,99739,335,99650,335,99883,335,99649,335,99889,100,99587,100,99926,200,99550,100,99959,100,99541,100,100014,100,99482,100,100075,100,99467,100,100092,100,99362,100,100123,100,99345,100,100350,100,99161,100
2019-06-28 10:07:20.000000000,99739,570,99650,570,99883,100,99649,100,99889,100,99587,100,99926,200,99550,100,99959,100,99541,100,100014,100,99482,100,100075,100,99467,100,100092,100,99362,100,100123,100,99345,100,100350,100,99161,100
2019-06-28 10:07:30.000000000,99739,194,99650,194,99883,194,99649,194,99889,194,99587,194,99926,294,99550,194,99959,194,99541,194,100014,100,99482,100,100075,100,99467,100,100092,100,99362,100,100123,100,99345,100,100350,100,99161,100
2019-06-28 10:07:40.000000000,99739,570,99650,570,99883,100,99649,100,99889,100,99587,100,99926,200,99550,100,99959,100,99541,100,100014,100,99482,100,100075,100,99467,100,100092,100,99362,100,100123,100,99345,100,100350,100,99161,100
2019-06-28 10:07:50.000000000,99739,335,99650,335,99883,335,99649,335,99889,100,99587,100,99926,200,99550,100,99959,100,99541,100,100014,100,99482,100,100075,100,99467,100,100092,100,99362,100,100123,100,99345,100,100350,100,99161,100
2019-06-28 10:07:51.340683430,99739,335,99650,235,99883,335,99649,335,99889,100,99587,100,99926,200,99550,100,99959,100,99541,100,100014,100,99482,100,100075,100,99467,100,100092,100,99362,100,100123,100,99345,100,100350,100,99161,100
2019-06-28 10:08:00.000000000,99739,570,99649,570,99883,100,99587,100,99889,100,99550,100,99926,200,99541,100,99959,100,99482,100,100014,100,99467,100,100075,100,99362,100,100092,100,99345,100,100123,100,99161,100,100350,100,99135,100
2019-06-28 10:08:08.738375575,99738,100,99649,570,99739,570,99587,100,99883,100,99550,100,99889,100,99541,100,99926,200,99482,100,99959,100,99467,100,100014,100,99362,100,100075,100,99345,100,100092,100,99161,100,100123,100,99135,100
2019-06-28 10:08:10.000000000,99738,335,99649,335,99739,335,99587,335,99883,100,99550,100,99889,100,99541,100,99926,200,99482,100,99959,100,99467,100,100014,100,99362,100,100075,100,99345,100,100092,100,99161,100,100123,100,99135,100
2019-06-28 10:08:20.000000000,99738,194,99649,194,99739,194,99587,194,99883,194,99550,194,99889,194,99541,194,99926,294,99482,194,99959,100,99467,100,100014,100,99362,100,100075,100,99345,100,100092,100,99161,100,100123,100,99135,100
2019-06-28 10:08:20.094243081,99738,294,99649,194,99739,194,99587,194,99883,194,99550,194,99889,194,99541,194,99926,294,99482,194,99959,100,99467,100,100014,100,99362,100,100075,100,99345,100,100092,100,99161,100,100123,100,99135,100
2019-06-28 10:08:30.000000000,99738,294,99649,194,99739,194,99587,194,99883,194,99550,194,99889,194,99541,194,99926,294,99482,194,99959,100,99467,100,100014,100,99362,100,100075,100,99345,100,100092,100,99161,100,100123,100,99135,100
2019-06-28 10:08:40.000000000,99738,435,99649,335,99739,335,99587,335,99883,100,99550,100,99889,100,99541,100,99926,200,99482,100,99959,100,99467,100,100014,100,99362,100,100075,100,99345,100,100092,100,99161,100,100123,100,99135,100
2019-06-28 10:08:50.000000000,99738,294,99649,194,99739,194,99587,194,99883,194,99550,194,99889,194,99541,194,99926,294,99482,194,99959,100,99467,100,100014,100,99362,100,100075,100,99345,100,100092,100,99161,100,100123,100,99135,100
