,ask_price_1,ask_size_1,bid_price_1,bid_size_1,ask_price_2,ask_size_2,bid_price_2,bid_size_2,ask_price_3,ask_size_3,bid_price_3,bid_size_3,ask_price_4,ask_size_4,bid_price_4,bid_size_4,ask_price_5,ask_size_5,bid_price_5,bid_size_5,ask_price_6,ask_size_6,bid_price_6,bid_size_6,ask_price_7,ask_size_7,bid_price_7,bid_size_7,ask_price_8,ask_size_8,bid_price_8,bid_size_8,ask_price_9,ask_size_9,bid_price_9,bid_size_9,ask_price_10,ask_size_10,bid_price_10,bid_size_10
2019-06-28 09:30:00.000000000,100105,100,,,,,,,,,,,,,,,,,,,,,,,,,,,,,,,,,,,,,,
2019-06-28 09:30:00.000000001,100105,100,100082,100,,,,,,,,,,,,,,,,,,,,,,,,,,,,,,,,,,,,
2019-06-28 09:30:00.000000003,100105,100,100082,100,100197,100,,,,,,,,,,,,,,,,,,,,,,,,,,,,,,,,,,
2019-06-28 09:30:00.000000004,100014,100,,,100105,100,,,100197,100,,,,,,,,,,,,,,,,,,,,,,,,,,,,,,
2019-06-28 09:30:00.000000006,99977,100,,,100014,100,,,100105,100,,,100197,100,,,,,,,,,,,,,,,,,,,,,,,,,,
2019-06-28 09:30:00.000000008,100014,100,,,100105,100,,,100111,100,,,100197,100,,,,,,,,,,,,,,,,,,,,,,,,,,
2019-06-28 09:30:00.000000009,100014,100,99922,100,100105,100,,,100111,100,,,100197,100,,,,,,,,,,,,,,,,,,,,,,,,,,
2019-06-28 09:30:00.000000010,100014,100,99922,100,100027,100,,,100105,100,,,100111,100,,,100197,100,,,,,,,,,,,,,,,,,,,,,,
2019-06-28 09:30:00.000000011,100027,100,99922,100,100105,100,,,100111,100,,,100197,100,,,,,,,,,,,,,,,,,,,,,,,,,,
2019-06-28 09:30:00.000000013,100027,100,99922,100,100105,100,99883,100,100111,100,,,100197,100,,,,,,,,,,,,,,,,,,,,,,,,,,
2019-06-28 09:30:00.000000017,99937,100,99922,100,100014,100,99883,100,100027,100,,,100105,100,,,100111,100,,,100197,100,,,,,,,,,,,,,,,,,,
2019-06-28 09:30:00.000000018,100014,100,99922,100,100027,100,99883,100,100105,100,,,100111,100,,,100197,100,,,,,,,,,,,,,,,,,,,,,,
2019-06-28 09:30:00.000000022,100014,100,99922,100,100027,100,99883,100,100105,100,,,100111,100,,,100118,100,,,100197,100,,,,,,,,,,,,,,,,,,
2019-06-28 09:30:00.000000025,100014,100,99922,100,100027,100,99883,100,100105,100,,,100111,100,,,100118,100,,,100197,100,,,100239,100,,,,,,,,,,,,,,
2019-06-28 09:30:00.000000027,100027,100,99922,100,100105,100,99883,100,100111,100,,,100118,100,,,100197,100,,,100239,100,,,,,,,,,,,,,,,,,,
2019-06-28 09:30:00.000000034,100027,100,99990,100,100051,100,99922,100,100105,100,99883,100,100111,100,,,100118,100,,,100197,100,,,100239,100,,,,,,,,,,,,,,
2019-06-28 09:30:00.000000035,100027,100,99990,100,100051,100,99986,100,100105,100,99922,100,100111,100,99883,100,100118,100,99802,100,100197,100,,,100239,100,,,,,,,,,,,,,,
2019-06-28 09:30:00.000000040,100027,100,99990,100,100051,100,99986,100,100105,100,99922,100,100111,100,99883,100,100118,100,99802,100,100190,100,,,100197,100,,,100239,100,,,,,,,,,,
2019-06-28 09:30:00.000000042,100014,100,99990,100,100027,100,99986,100,100051,100,99922,100,100105,100,99883,100,100111,100,99802,100,100118,100,,,100190,100,,,100197,100,,,100239,100,,,,,,
2019-06-28 09:30:00.000000043,100014,100,99990,100,100027,100,99986,100,100051,100,99922,100,100105,100,99883,100,100111,100,99802,100,100118,100,,,100178,100,,,100190,100,,,100197,100,,,100239,100,,
2019-06-28 09:30:00.000000045,100014,200,99990,100,100027,100,99986,100,100051,100,99922,100,100105,100,99883,100,100111,100,99802,100,100118,100,,,100178,100,,,100190,100,,,100197,100,,,100239,100,,
2019-06-28 09:30:00.000000046,100014,200,99990,100,100027,100,99986,100,100051,100,99964,100,100105,100,99922,100,100111,100,99883,100,100118,100,99802,100,100178,100,,,100190,100,,,100197,100,,,100239,100,,
2019-06-28 09:30:00.000000047,100014,300,99990,100,100027,100,99986,100,100051,100,99964,100,100105,100,99922,100,100111,100,99883,100,100118,100,99802,100,100178,100,,,100190,100,,,100197,100,,,100239,100,,
2019-06-28 09:30:00.000000048,100014,300,99990,100,100027,100,99986,100,100051,100,99964,100,100081,100,99922,100,100105,100,99883,100,100111,100,99802,100,100118,100,,,100178,100,,,100190,100,,,100197,100,,
2019-06-28 09:30:00.000000051,100014,300,99995,100,100027,100,99990,100,100051,100,99986,100,100081,100,99964,100,100105,100,99922,100,100111,100,99883,100,100118,100,99802,100,100178,100,,,100190,100,,,100197,100,,
2019-06-28 09:30:00.000000054,100000,100,99995,100,100014,300,99990,100,100027,100,99986,100,100051,100,99964,100,100081,100,99922,100,100105,100,99883,100,100111,100,99802,100,100118,100,,,100120,100,,,100178,100,,
2019-06-28 09:30:00.000000058,100000,100,99995,100,100014,300,99990,100,100027,100,99986,100,100051,100,99964,100,100081,100,99925,100,100105,100,99922,100,100111,100,99883,100,100118,100,99802,100,100120,100,,,100178,100,,
2019-06-28 09:30:00.000000059,100000,100,99995,100,100014,300,99990,100,100027,100,99986,100,100051,100,99964,100,100081,100,99925,100,100105,100,99922,100,100111,100,99883,200,100118,100,99802,100,100120,100,,,100178,100,,
2019-06-28 09:30:00.000000060,100000,100,99995,100,100014,400,99990,100,100027,100,99986,100,100051,100,99964,100,100081,100,99925,100,100105,100,99922,100,100111,100,99883,200,100118,100,99802,100,100120,100,,,100134,100,,
2019-06-28 09:30:00.000000061,100000,100,99995,100,100014,400,99990,100,100027,100,99986,100,100051,100,99964,100,100081,100,99959,100,100105,100,99925,100,100111,100,99922,100,100118,100,99883,200,100120,100,99802,100,100134,100,,
2019-06-28 09:30:00.000000062,100000,100,99995,100,100014,400,99990,100,100027,100,99987,100,100051,100,99986,100,100081,100,99964,100,100105,100,99959,100,100111,100,99925,100,100118,100,99922,100,100120,100,99883,200,100134,100,99802,100
2019-06-28 09:30:00.000000063,100000,100,99995,100,100014,400,99990,100,100027,100,99987,100,100051,100,99986,100,100081,100,99964,100,100105,100,99959,100,100111,100,99925,100,100112,100,99922,100,100118,100,99883,200,100120,100,99802,100
2019-06-28 09:30:00.000000064,100000,100,99995,100,100014,400,99990,100,100027,100,99987,100,100051,100,99986,100,100081,100,99964,100,100087,100,99959,100,100105,100,99937,100,100111,100,99925,100,100112,100,99922,100,100118,100,99883,200
2019-06-28 09:30:00.000000066,100000,100,99995,100,100014,400,99990,100,100027,100,99987,100,100051,100,99986,100,100081,100,99964,100,100087,100,99959,100,100105,100,99937,100,100111,100,99925,100,100112,100,99922,100,100118,100,99883,200
2019-06-28 09:30:00.000000067,100000,100,99995,100,100014,400,99990,100,100027,100,99987,100,100051,100,99986,100,100081,100,99964,100,100087,100,99959,100,100105,100,99937,200,100111,100,99925,100,100112,100,99922,100,100118,100,99883,200
2019-06-28 09:30:00.000000068,100014,400,99995,100,100027,100,99990,100,100051,100,99987,100,100081,100,99986,100,100087,100,99964,100,100105,100,99959,100,100111,100,99937,200,100112,100,99925,100,100118,100,99922,100,100120,100,99883,200
2019-06-28 09:30:00.000000070,100014,400,99995,100,100027,100,99990,100,100051,100,99987,100,100066,100,99986,100,100081,100,99964,100,100087,100,99959,100,100105,100,99937,200,100111,100,99925,100,100112,100,99922,100,100118,100,99883,200
2019-06-28 09:30:00.000000072,100014,300,99995,100,100027,100,99990,100,100051,100,99987,100,100066,100,99986,100,100081,100,99964,100,100087,100,99959,100,100105,100,99937,200,100111,100,99925,100,100112,100,99922,100,100118,100,99883,200
2019-06-28 09:30:00.000000074,100013,100,99995,100,100014,300,99990,100,100027,100,99987,100,100051,100,99986,100,100066,100,99964,100,100081,100,99959,100,100087,100,99937,200,100105,100,99925,100,100111,100,99922,100,100112,100,99883,200
2019-06-28 09:30:00.000000076,100013,100,99995,100,100014,300,99990,100,100027,100,99987,100,100051,100,99986,100,100066,100,99964,100,100081,200,99959,100,100087,100,99937,200,100105,100,99925,100,100111,100,99922,100,100112,100,99883,200
2019-06-28 09:30:00.000000077,100014,300,99995,100,100027,100,99990,100,100051,100,99987,100,100066,100,99986,100,100081,200,99964,100,100087,100,99959,100,100105,100,99937,200,100111,100,99925,100,100112,100,99922,100,100118,100,99883,200
2019-06-28 09:30:00.000000087,100014,300,100013,100,100027,100,99995,100,100051,100,99990,100,100066,100,99987,100,100081,200,99986,100,100087,100,99964,100,100105,100,99959,100,100111,100,99937,200,100112,100,99925,100,100118,100,99922,100
2019-06-28 09:30:00.000000091,100014,200,100013,100,100027,100,99995,100,100051,100,99990,100,100066,100,99987,100,100081,200,99986,100,100087,100,99964,100,100105,100,99959,100,100111,100,99937,200,100112,100,99925,100,100118,100,99922,100
2019-06-28 09:30:00.000000092,100014,200,100013,100,100027,100,99995,100,100051,100,99990,100,100065,100,99987,100,100066,100,99986,100,100081,200,99964,100,100087,100,99959,100,100105,100,99937,200,100111,100,99925,100,100112,100,99922,100
2019-06-28 09:30:00.000000093,100014,200,100013,100,100023,100,99995,100,100027,100,99990,100,100051,100,99987,100,100065,100,99986,100,100066,100,99964,100,100081,200,99959,100,100087,100,99937,200,100105,100,99925,100,100111,100,99922,100
2019-06-28 09:30:00.000000094,100014,200,99995,100,100023,100,99990,100,100027,100,99987,100,100051,100,99986,100,100065,100,99964,100,100066,100,99959,100,100081,200,99937,200,100087,100,99925,100,100105,100,99922,100,100111,100,99920,100
2019-06-28 09:30:00.000000095,100014,200,99995,100,100023,100,99990,100,100027,100,99987,100,100051,100,99986,100,100065,100,99964,100,100066,100,99959,100,100081,200,99937,200,100087,100,99925,100,100105,100,99922,100,100111,100,99920,100
2019-06-28 09:30:00.000000096,100014,200,99995,100,100023,100,99990,100,100027,100,99987,100,100051,100,99986,100,100065,100,99964,100,100066,100,99959,100,100081,200,99937,200,100087,100,99925,100,100105,100,99922,100,100111,100,99920,100
2019-06-28 09:30:00.000000097,100014,200,99995,100,100023,100,99990,100,100027,100,99987,100,100051,100,99986,100,100065,100,99964,100,100066,100,99959,100,100081,200,99937,200,100087,100,99925,100,100105,100,99922,100,100111,200,99920,100
2019-06-28 09:30:00.000000099,100014,200,99995,100,100023,100,99990,100,100027,100,99987,100,100042,100,99986,100,100051,100,99964,100,100065,100,99959,100,100066,100,99937,200,100081,200,99925,100,100087,100,99922,100,100105,100,99920,100
2019-06-28 09:30:00.972083998,100014,200,99995,100,100023,100,99990,100,100027,100,99987,100,100042,100,99986,100,100051,100,99964,100,100065,100,99959,100,100066,100,99937,200,100081,200,99925,100,100087,100,99922,100,100105,100,99920,100
2019-06-28 09:30:10.000000000,100014,325,99995,225,100023,221,99990,221,100027,221,99987,221,100042,100,99986,100,100051,100,99964,100,100065,100,99959,100,100066,100,99937,200,100081,200,99925,100,100087,100,99922,100,100105,100,99920,100
2019-06-28 09:30:20.000000000,100014,384,99995,284,100023,284,99990,284,100027,100,99987,100,100042,100,99986,100,100051,100,99964,100,100065,100,99959,100,100066,100,99937,200,100081,200,99925,100,100087,100,99922,100,100105,100,99920,100
2019-06-28 09:30:30.000000000,100014,292,99995,192,100023,192,99990,192,100027,192,99987,192,100042,192,99986,192,100051,100,99964,100,100065,100,99959,100,100066,100,99937,200,100081,200,99925,100,100087,100,99922,100,100105,100,99920,100
2019-06-28 09:30:40.000000000,100014,274,99995,174,100023,174,99990,174,100027,174,99987,174,100042,174,99986,174,100051,174,99964,174,100065,100,99959,100,100066,100,99937,200,100081,200,99925,100,100087,100,99922,100,100105,100,99920,100
2019-06-28 09:30:50.000000000,100014,274,99995,174,100023,174,99990,174,100027,174,99987,174,100042,174,99986,174,100051,174,99964,174,100065,100,99959,100,100066,100,99937,200,100081,200,99925,100,100087,100,99922,100,100105,100,99920,100
2019-06-28 09:31:00.000000000,100014,292,99995,192,100023,192,99990,192,100027,192,99987,192,100042,192,99986,192,100051,100,99964,100,100065,100,99959,100,100066,100,99937,200,100081,200,99925,100,100087,100,99922,100,100105,100,99920,100
2019-06-28 09:31:04.356384578,100014,292,99995,92,100023,192,99990,192,100027,192,99987,192,100042,192,99986,192,100051,100,99964,100,100065,100,99959,100,100066,100,99937,200,100081,200,99925,100,100087,100,99922,100,100105,100,99920,100
2019-06-28 09:31:10.000000000,100014,568,99990,468,100023,100,99987,100,100027,100,99986,100,100042,100,99964,100,100051,100,99959,100,100065,100,99937,200,100066,100,99925,100,100081,200,99922,100,100087,100,99920,100,100105,100,99917,100
2019-06-28 09:31:20.000000000,100014,292,99990,192,100023,192,99987,192,100027,192,99986,192,100042,192,99964,192,100051,100,99959,100,100065,100,99937,200,100066,100,99925,100,100081,200,99922,100,100087,100,99920,100,100105,100,99917,100
2019-06-28 09:31:21.314074215,100014,292,99990,92,100023,192,99987,192,100027,192,99986,192,100042,192,99964,192,100051,100,99959,100,100065,100,99937,200,100066,100,99925,100,100081,200,99922,100,100087,100,99920,100,100105,100,99883,200
2019-06-28 09:31:28.827135898,99991,100,99990,92,100014,292,99987,192,100023,192,99986,192,100027,192,99964,192,100042,192,99959,100,100051,100,99937,200,100065,100,99925,100,100081,200,99922,100,100087,100,99920,100,100105,100,99883,200
2019-06-28 09:31:30.000000000,99991,174,99987,174,100014,274,99986,174,100023,174,99964,174,100027,174,99959,174,100042,174,99937,274,100051,100,99925,100,100065,100,99922,100,100081,200,99920,100,100087,100,99883,200,100105,100,99826,100
2019-06-28 09:31:40.000000000,99991,192,99987,192,100014,292,99986,192,100023,192,99964,192,100027,192,99959,192,100042,100,99937,200,100051,100,99925,100,100065,100,99922,100,100081,200,99920,100,100087,100,99883,200,100105,100,99826,100
2019-06-28 09:31:45.326320607,99991,192,99987,192,100012,100,99986,192,100014,292,99964,192,100023,192,99959,192,100027,192,99937,200,100042,100,99925,100,100051,100,99922,100,100065,100,99920,100,100081,200,99883,200,100087,100,99826,100
2019-06-28 09:31:47.281372040,99991,192,99987,192,100012,100,99986,192,100014,292,99964,192,100023,192,99959,192,100027,192,99937,200,100042,100,99925,100,100051,100,99922,100,100065,100,99920,100,100081,200,99883,200,100087,100,99826,100
2019-06-28 09:31:50.000000000,99991,468,99987,468,100012,100,99986,100,100014,200,99964,100,100023,100,99959,100,100027,100,99937,200,100042,100,99925,100,100051,100,99922,100,100065,100,99920,100,100081,200,99883,200,100087,100,99826,100
2019-06-28 09:32:00.000000000,99991,225,99987,225,100012,221,99986,221,100014,321,99964,221,100023,100,99959,100,100027,100,99937,200,100042,100,99925,100,100051,100,99922,100,100065,100,99920,100,100081,200,99883,200,100087,100,99826,100
2019-06-28 09:32:05.169343923,99991,125,99987,225,100012,221,99986,221,100014,321,99964,221,100023,100,99959,100,100027,100,99937,200,100042,100,99925,100,100051,100,99922,100,100065,100,99920,100,100081,200,99883,200,100105,100,99826,100
2019-06-28 09:32:09.669334474,99991,25,99987,225,100012,221,99986,221,100014,321,99964,221,100023,100,99959,100,100027,100,99937,200,100042,100,99925,100,100051,100,99922,100,100065,100,99920,100,100081,200,99883,200,100105,100,99826,100
2019-06-28 09:32:10.000000000,100012,174,99987,174,100014,274,99986,174,100023,174,99964,174,100027,174,99959,174,100042,174,99937,274,100051,100,99925,100,100065,100,99922,100,100081,200,99920,100,100105,100,99883,200,100110,100,99826,100
2019-06-28 09:32:15.814641243,100012,174,100001,100,100014,274,99987,174,100023,174,99986,174,100027,174,99964,174,100042,174,99959,174,100051,100,99937,274,100065,100,99925,100,100081,200,99922,100,100105,100,99920,100,100110,100,99883,200
2019-06-28 09:32:20.000000000,100012,192,100001,192,100014,292,99987,192,100023,192,99986,192,100027,192,99964,192,100042,100,99959,100,100051,100,99937,200,100065,100,99925,100,100081,200,99922,100,100105,100,99920,100,100110,100,99883,200
2019-06-28 09:32:30.000000000,100012,225,100001,225,100014,321,99987,221,100023,221,99986,221,100027,100,99964,100,100042,100,99959,100,100051,100,99937,200,100065,100,99925,100,100081,200,99922,100,100105,100,99920,100,100110,100,99883,200
2019-06-28 09:32:40.000000000,100012,192,100001,192,100014,292,99987,192,100023,192,99986,192,100027,192,99964,192,100042,100,99959,100,100051,100,99937,200,100065,100,99925,100,100081,200,99922,100,100105,100,99920,100,100110,100,99883,200
2019-06-28 09:32:46.012822423,100012,192,100001,192,100014,292,99987,192,100020,100,99986,192,100023,192,99964,192,100027,192,99959,100,100042,100,99937,200,100051,100,99925,100,100065,100,99922,100,100081,200,99920,100,100105,100,99883,200
2019-06-28 09:32:50.000000000,100012,284,100001,284,100014,384,99987,284,100020,100,99986,100,100023,100,99964,100,100027,100,99959,100,100042,100,99937,200,100051,100,99925,100,100065,100,99922,100,100081,200,99920,100,100105,100,99883,200
2019-06-28 09:32:57.260980862,100012,284,100001,284,100014,384,99991,100,100020,100,99987,284,100023,100,99986,100,100027,100,99964,100,100042,100,99959,100,100051,100,99937,200,100065,100,99925,100,100081,200,99922,100,100105,100,99920,100
2019-06-28 09:33:00.000000000,100012,192,100001,192,100014,292,99991,192,100020,192,99987,192,100023,192,99986,192,100027,100,99964,100,100042,100,99959,100,100051,100,99937,200,100065,100,99925,100,100081,200,99922,100,100105,100,99920,100
2019-06-28 09:33:04.577744775,100012,192,100001,92,100014,292,99991,192,100020,192,99987,192,100023,192,99986,192,100027,100,99964,100,100042,100,99959,100,100051,100,99937,200,100065,100,99925,100,100081,200,99922,100,100105,100,99920,100
2019-06-28 09:33:10.000000000,100012,225,99991,225,100014,321,99987,221,100020,221,99986,221,100023,100,99964,100,100027,100,99959,100,100042,100,99937,200,100051,100,99925,100,100065,100,99922,100,100081,200,99920,100,100105,100,99883,200
2019-06-28 09:33:11.380344387,100012,225,99991,225,100014,321,99987,221,100020,221,99986,221,100023,100,99964,100,100027,100,99959,100,100042,100,99952,100,100051,100,99937,200,100065,100,99922,100,100081,200,99920,100,100105,100,99883,200
2019-06-28 09:33:20.000000000,100012,468,99991,468,100014,200,99987,100,100020,100,99986,100,100023,100,99964,100,100027,100,99959,100,100042,100,99952,100,100051,100,99937,200,100065,100,99922,100,100081,200,99920,100,100105,100,99883,200
2019-06-28 09:33:30.000000000,100012,192,99991,192,100014,292,99987,192,100020,192,99986,192,100023,192,99964,192,100027,100,99959,100,100042,100,99952,100,100051,100,99937,200,100065,100,99922,100,100081,200,99920,100,100105,100,99883,200
2019-06-28 09:33:35.568663942,100012,192,99991,192,100014,292,99987,192,100020,192,99986,192,100023,192,99964,192,100027,100,99959,100,100042,100,99952,100,100051,100,99937,100,100065,100,99922,100,100081,200,99920,100,100105,100,99883,200
2019-06-28 09:33:40.000000000,100012,225,99991,225,100014,321,99987,221,100020,221,99986,221,100023,100,99964,100,100027,100,99959,100,100042,100,99952,100,100051,100,99937,100,100065,100,99922,100,100081,200,99920,100,100105,100,99883,200
2019-06-28 09:33:50.000000000,100012,174,99991,174,100014,274,99987,174,100020,174,99986,174,100023,174,99964,174,100027,174,99959,174,100042,100,99952,100,100051,100,99937,100,100065,100,99922,100,100081,200,99920,100,100105,100,99883,200
2019-06-28 09:33:54.089299916,100012,174,99991,174,100014,274,99987,174,100020,174,99986,174,100023,174,99964,174,100027,174,99959,174,100042,100,99952,100,100051,100,99937,100,100065,100,99922,100,100081,200,99920,100,100105,100,99905,100
2019-06-28 09:34:00.000000000,100012,174,99991,174,100014,274,99987,174,100020,174,99986,174,100023,174,99964,174,100027,174,99959,174,100042,100,99952,100,100051,100,99937,100,100065,100,99922,100,100081,200,99920,100,100105,100,99905,100
2019-06-28 09:34:10.000000000,100012,174,99991,174,100014,274,99987,174,100020,174,99986,174,100023,174,99964,174,100027,174,99959,174,100042,100,99952,100,100051,100,99937,100,100065,100,99922,100,100081,200,99920,100,100105,100,99905,100
2019-06-28 09:34:20.000000000,100012,192,99991,192,100014,292,99987,192,100020,192,99986,192,100023,192,99964,192,100027,100,99959,100,100042,100,99952,100,100051,100,99937,100,100065,100,99922,100,100081,200,99920,100,100105,100,99905,100
2019-06-28 09:34:26.615511206,100012,192,99991,192,100014,292,99987,192,100020,192,99986,192,100023,192,99964,192,100027,100,99959,100,100042,100,99952,100,100051,100,99937,100,100065,100,99922,100,100081,200,99920,100,100105,100,99905,100
2019-06-28 09:34:30.000000000,100012,225,99991,225,100014,321,99987,221,100020,221,99986,221,100023,100,99964,100,100027,100,99959,100,100042,100,99952,100,100051,100,99937,100,100065,100,99922,100,100081,200,99920,100,100105,100,99905,100
2019-06-28 09:34:31.580388085,100012,225,99991,225,100014,321,99987,221,100020,221,99986,221,100023,100,99964,100,100027,100,99959,100,100042,100,99952,100,100051,100,99937,100,100065,100,99922,100,100081,200,99905,100,100105,100,99883,200
2019-06-28 09:34:36.526543397,100012,225,99991,225,100014,321,99987,221,100020,221,99986,221,100023,100,99964,100,100027,100,99959,100,100042,100,99952,100,100051,100,99937,100,100065,100,99922,100,100081,200,99905,100,100105,100,99883,200
2019-06-28 09:34:40.000000000,100012,174,99991,174,100014,274,99987,174,100020,174,99986,174,100023,174,99964,174,100027,174,99959,174,100042,100,99952,100,100051,100,99937,100,100065,100,99922,100,100081,200,99905,100,100105,100,99883,200
2019-06-28 09:34:46.179116151,100012,174,99991,74,100014,274,99987,174,100020,174,99986,174,100023,174,99964,174,100027,174,99959,174,100042,100,99952,100,100051,100,99937,100,100065,100,99922,100,100081,200,99905,100,100105,100,99883,100
2019-06-28 09:34:50.000000000,100012,192,99987,192,100014,292,99986,192,100020,192,99964,192,100023,192,99959,192,100027,100,99952,100,100042,100,99937,100,100051,100,99922,100,100065,100,99905,100,100081,200,99883,100,100105,100,99826,100
2019-06-28 09:35:00.000000000,100012,284,99987,284,100014,384,99986,284,100020,100,99964,100,100023,100,99959,100,100027,100,99952,100,100042,100,99937,100,100051,100,99922,100,100065,100,99905,100,100081,200,99883,100,100105,100,99826,100
2019-06-28 09:35:10.000000000,100012,174,99987,174,100014,274,99986,174,100020,174,99964,174,100023,174,99959,174,100027,174,99952,174,100042,100,99937,100,100051,100,99922,100,100065,100,99905,100,100081,200,99883,100,100105,100,99826,100
2019-06-28 09:35:20.000000000,100012,192,99987,192,100014,292,99986,192,100020,192,99964,192,100023,192,99959,192,100027,100,99952,100,100042,100,99937,100,100051,100,99922,100,100065,100,99905,100,100081,200,99883,100,100105,100,99826,100
2019-06-28 09:35:28.061410202,100012,192,99987,92,100014,292,99986,192,100020,192,99964,192,100023,192,99959,192,100027,100,99952,100,100042,100,99937,100,100051,100,99922,100,100065,100,99905,100,100081,200,99883,100,100105,100,99826,100
2019-06-28 09:35:30.000000000,100012,174,99986,174,100014,274,99964,174,100020,174,99959,174,100023,174,99952,174,100027,174,99937,174,100042,100,99922,100,100051,100,99905,100,100065,100,99883,100,100081,200,99826,100,100105,100,99807,100
2019-06-28 09:35:32.331245734,100012,74,99986,174,100014,274,99964,174,100020,174,99959,74,100023,174,99952,174,100027,174,99937,174,100042,100,99922,100,100051,100,99905,100,100065,100,99883,100,100081,200,99826,100,100105,100,99807,100
2019-06-28 09:35:32.402121519,100012,74,99986,74,100014,274,99964,174,100020,174,99959,74,100023,174,99952,174,100027,174,99937,174,100042,100,99922,100,100051,100,99905,100,100065,100,99883,100,100081,200,99826,100,100105,100,99807,100
2019-06-28 09:35:40.000000000,100014,568,99964,468,100020,100,99952,100,100023,100,99937,100,100027,100,99922,100,100042,100,99905,100,100051,100,99883,100,100065,100,99826,100,100081,200,99807,100,100105,100,99802,100,100110,100,99795,100
2019-06-28 09:35:42.338252101,100014,468,99964,468,100020,100,99952,100,100023,100,99937,100,100027,100,99922,100,100042,100,99905,100,100051,100,99883,100,100081,200,99826,100,100105,100,99807,100,100110,100,99802,100,100111,100,99795,100
2019-06-28 09:35:50.000000000,100014,468,99964,468,100020,100,99952,100,100023,100,99937,100,100027,100,99922,100,100042,100,99905,100,100051,100,99883,100,100081,200,99826,100,100105,100,99807,100,100110,100,99802,100,100111,100,99795,100
2019-06-28 09:35:56.000419835,100014,468,99964,468,100020,100,99952,100,100023,100,99937,100,100027,100,99922,100,100042,100,99905,100,100051,100,99883,100,100081,200,99826,100,100083,100,99807,100,100105,100,99802,100,100110,100,99795,100
2019-06-28 09:36:00.000000000,100014,468,99964,468,100020,100,99952,100,100023,100,99937,100,100027,100,99922,100,100042,100,99905,100,100051,100,99883,100,100081,200,99826,100,100083,100,99807,100,100105,100,99802,100,100110,100,99795,100
2019-06-28 09:36:10.000000000,100014,225,99964,225,100020,221,99952,221,100023,221,99937,221,100027,100,99922,100,100042,100,99905,100,100051,100,99883,100,100081,200,99826,100,100083,100,99807,100,100105,100,99802,100,100110,100,99795,100
2019-06-28 09:36:14.785861591,100014,225,99964,225,100020,221,99952,221,100023,221,99937,221,100027,100,99922,100,100042,100,99905,100,100051,100,99883,100,100081,200,99826,100,100083,100,99802,100,100105,100,99795,100,100110,100,99742,100
2019-06-28 09:36:20.000000000,100014,225,99964,225,100020,221,99952,221,100023,221,99937,221,100027,100,99922,100,100042,100,99905,100,100051,100,99883,100,100081,200,99826,100,100083,100,99802,100,100105,100,99795,100,100110,100,99742,100
2019-06-28 09:36:30.000000000,100014,468,99964,468,100020,100,99952,100,100023,100,99937,100,100027,100,99922,100,100042,100,99905,100,100051,100,99883,100,100081,200,99826,100,100083,100,99802,100,100105,100,99795,100,100110,100,99742,100
2019-06-28 09:36:30.828144165,100014,468,99964,468,100020,100,99952,100,100023,100,99937,100,100027,100,99922,100,100042,100,99905,100,100051,100,99883,100,100081,200,99826,100,100083,100,99802,100,100105,100,99795,200,100110,100,99742,100
2019-06-28 09:36:36.210456337,100013,100,99964,468,100014,468,99952,100,100020,100,99937,100,100023,100,99922,100,100027,100,99905,100,100042,100,99883,100,100051,100,99826,100,100081,200,99802,100,100083,100,99795,200,100105,100,99742,100
2019-06-28 09:36:40.000000000,100013,192,99964,192,100014,192,99952,192,100020,192,99937,192,100023,192,99922,192,100027,100,99905,100,100042,100,99883,100,100051,100,99826,100,100081,200,99802,100,100083,100,99795,200,100105,100,99742,100
2019-06-28 09:36:50.000000000,100013,284,99964,284,100014,284,99952,284,100020,100,99937,100,100023,100,99922,100,100027,100,99905,100,100042,100,99883,100,100051,100,99826,100,100081,200,99802,100,100083,100,99795,200,100105,100,99742,100
2019-06-28 09:36:54.421697137,100013,284,99964,184,100014,284,99952,284,100020,100,99937,100,100023,100,99922,100,100027,100,99905,100,100042,100,99883,100,100051,100,99826,100,100081,200,99802,100,100083,100,99795,200,100105,100,99742,100
2019-06-28 09:37:00.000000000,100013,174,99952,174,100014,174,99937,174,100020,174,99922,174,100023,174,99905,174,100027,174,99883,174,100042,100,99826,100,100051,100,99802,100,100081,200,99795,200,100083,100,99742,100,100105,100,99730,100
2019-06-28 09:37:08.650711497,100012,100,99952,174,100013,174,99937,174,100014,174,99922,174,100020,174,99905,174,100023,174,99883,174,100027,174,99826,100,100042,100,99802,100,100051,100,99795,200,100081,200,99742,100,100083,100,99730,100
2019-06-28 09:37:10.000000000,100012,468,99952,468,100013,100,99937,100,100014,100,99922,100,100020,100,99905,100,100023,100,99883,100,100027,100,99826,100,100042,100,99802,100,100051,100,99795,200,100081,200,99742,100,100083,100,99730,100
2019-06-28 09:37:13.260278195,100012,468,99952,368,100013,100,99937,100,100014,100,99922,100,100020,100,99905,100,100023,100,99883,100,100027,100,99826,100,100042,100,99802,100,100051,100,99795,200,100081,200,99742,100,100083,100,99730,100
2019-06-28 09:37:20.000000000,100012,192,99937,192,100013,192,99922,192,100014,192,99905,192,100020,192,99883,192,100023,100,99826,100,100027,100,99802,100,100042,100,99795,200,100051,100,99742,100,100081,200,99730,100,100083,100,99688,100
2019-06-28 09:37:30.000000000,100012,284,99937,284,100013,284,99922,284,100014,100,99905,100,100020,100,99883,100,100023,100,99826,100,100027,100,99802,100,100042,100,99795,200,100051,100,99742,100,100081,200,99730,100,100083,100,99688,100
2019-06-28 09:37:40.000000000,100012,192,99937,192,100013,192,99922,192,100014,192,99905,192,100020,192,99883,192,100023,100,99826,100,100027,100,99802,100,100042,100,99795,200,100051,100,99742,100,100081,200,99730,100,100083,100,99688,100
2019-06-28 09:37:50.000000000,100012,284,99937,284,100013,284,99922,284,100014,100,99905,100,100020,100,99883,100,100023,100,99826,100,100027,100,99802,100,100042,100,99795,200,100051,100,99742,100,100081,200,99730,100,100083,100,99688,100
2019-06-28 09:37:50.945359840,100012,284,99937,184,100013,284,99922,284,100014,100,99905,100,100020,100,99883,100,100023,100,99826,100,100027,100,99802,100,100042,100,99795,200,100051,100,99742,100,100081,200,99730,100,100083,100,99688,100
2019-06-28 09:37:53.288842226,100012,284,99937,184,100013,284,99922,284,100014,100,99905,100,100020,100,99883,100,100023,100,99826,100,100027,100,99802,100,100042,100,99795,200,100051,100,99742,100,100081,200,99730,100,100083,100,99688,100
2019-06-28 09:37:59.366743992,100012,284,99937,84,100013,284,99922,284,100014,100,99905,100,100020,100,99883,100,100023,100,99826,100,100027,100,99802,100,100042,100,99795,200,100051,100,99742,100,100081,200,99730,100,100083,100,99688,100
2019-06-28 09:38:00.000000000,100012,174,99922,174,100013,174,99905,174,100014,174,99883,174,100020,174,99826,174,100023,174,99802,174,100027,100,99795,200,100042,100,99742,100,100051,100,99730,100,100081,200,99688,100,100083,100,99070,100
2019-06-28 09:38:03.166355948,100012,174,99922,174,100013,174,99905,174,100014,74,99883,174,100020,174,99826,174,100023,174,99802,174,100027,100,99795,200,100042,100,99742,100,100051,100,99730,100,100081,200,99688,100,100083,100,99070,100
2019-06-28 09:38:10.000000000,100012,284,99922,284,100013,284,99905,284,100020,100,99883,100,100023,100,99826,100,100027,100,99802,100,100042,100,99795,200,100051,100,99742,100,100081,200,99730,100,100083,100,99688,100,100105,100,99070,100
2019-06-28 09:38:20.000000000,100012,468,99922,468,100013,100,99905,100,100020,100,99883,100,100023,100,99826,100,100027,100,99802,100,100042,100,99795,200,100051,100,99742,100,100081,200,99730,100,100083,100,99688,100,100105,100,99070,100
2019-06-28 09:38:27.224074077,100012,468,99922,468,100013,100,99905,100,100020,100,99883,100,100023,100,99826,100,100027,100,99802,100,100042,100,99795,200,100051,100,99742,100,100081,200,99730,100,100083,100,99688,100,100105,100,99171,100
2019-06-28 09:38:30.000000000,100012,468,99922,468,100013,100,99905,100,100020,100,99883,100,100023,100,99826,100,100027,100,99802,100,100042,100,99795,200,100051,100,99742,100,100081,200,99730,100,100083,100,99688,100,100105,100,99171,100
2019-06-28 09:38:40.000000000,100012,174,99922,174,100013,174,99905,174,100020,174,99883,174,100023,174,99826,174,100027,174,99802,174,100042,100,99795,200,100051,100,99742,100,100081,200,99730,100,100083,100,99688,100,100105,100,99171,100
2019-06-28 09:38:40.177558893,100012,174,99922,74,100013,174,99905,174,100020,174,99883,74,100023,174,99826,174,100027,174,99802,174,100042,100,99795,200,100051,100,99742,100,100081,200,99730,100,100083,100,99688,100,100105,100,99171,100
2019-06-28 09:38:44.865517076,99922,26,99905,174,100012,174,99883,74,100013,174,99826,174,100020,174,99802,174,100023,174,99795,200,100027,174,99742,100,100042,100,99730,100,100051,100,99688,100,100081,200,99171,100,100083,100,99070,100
2019-06-28 09:38:45.964439759,99922,26,99905,74,100012,174,99883,74,100013,174,99826,174,100020,174,99802,174,100023,174,99795,200,100027,174,99742,100,100042,100,99730,100,100051,100,99688,100,100081,200,99171,100,100083,100,99070,100
2019-06-28 09:38:50.000000000,99922,118,99826,192,100012,192,99802,192,100013,192,99795,292,100020,192,99742,192,100023,100,99730,100,100027,100,99688,100,100042,100,99171,100,100051,100,99070,100,100081,200,,,100083,100,,
2019-06-28 09:39:00.000000000,99922,118,99826,192,100012,192,99802,192,100013,192,99795,292,100020,192,99742,192,100023,100,99730,100,100027,100,99688,100,100042,100,99171,100,100051,100,99070,100,100081,200,,,100083,100,,
2019-06-28 09:39:05.534299668,99922,118,99826,92,100012,192,99802,192,100013,192,99795,292,100020,192,99742,192,100023,100,99730,100,100027,100,99688,100,100042,100,99171,100,100051,100,99070,100,100081,200,,,100083,100,,
2019-06-28 09:39:10.000000000,99922,210,99802,284,100012,284,99795,384,100013,100,99742,100,100020,100,99730,100,100023,100,99688,100,100027,100,99171,100,100042,100,99070,100,100051,100,,,100081,200,,,100083,100,,
2019-06-28 09:39:20.000000000,99922,394,99802,468,100012,100,99795,200,100013,100,99742,100,100020,100,99730,100,100023,100,99688,100,100027,100,99171,100,100042,100,99070,100,100051,100,,,100081,200,,,100083,100,,
2019-06-28 09:39:30.000000000,99922,394,99802,468,100012,100,99795,200,100013,100,99742,100,100020,100,99730,100,100023,100,99688,100,100027,100,99171,100,100042,100,99070,100,100051,100,,,100081,200,,,100083,100,,
2019-06-28 09:39:39.473013903,99922,394,99802,368,100012,100,99795,200,100013,100,99742,100,100020,100,99730,100,100027,100,99688,100,100042,100,99171,100,100051,100,99070,100,100081,200,,,100083,100,,,100105,100,,
2019-06-28 09:39:40.000000000,99922,100,99795,274,100012,174,99742,174,100013,174,99730,174,100020,174,99688,174,100027,174,99171,174,100042,100,99070,100,100051,100,,,100081,200,,,100083,100,,,100105,100,,
2019-06-28 09:39:50.000000000,99922,118,99795,292,100012,192,99742,192,100013,192,99730,192,100020,192,99688,192,100027,100,99171,100,100042,100,99070,100,100051,100,,,100081,200,,,100083,100,,,100105,100,,
2019-06-28 09:40:00.000000000,99922,151,99795,325,100012,221,99742,221,100013,221,99730,221,100020,100,99688,100,100027,100,99171,100,100042,100,99070,100,100051,100,,,100081,200,,,100083,100,,,100105,100,,
2019-06-28 09:40:10.000000000,99922,100,99795,274,100012,174,99742,174,100013,174,99730,174,100020,174,99688,174,100027,174,99171,174,100042,100,99070,100,100051,100,,,100081,200,,,100083,100,,,100105,100,,
2019-06-28 09:40:15.657519593,99922,100,99795,274,100012,174,99742,174,100013,174,99730,174,100020,174,99688,174,100027,174,99171,174,100042,100,99070,100,100051,100,98562,100,100081,200,,,100083,100,,,100105,100,,
2019-06-28 09:40:20.000000000,99922,151,99795,325,100012,221,99742,221,100013,221,99730,221,100020,100,99688,100,100027,100,99171,100,100042,100,99070,100,100051,100,98562,100,100081,200,,,100083,100,,,100105,100,,
2019-06-28 09:40:23.023097794,99922,151,99795,325,100012,221,99742,221,100013,221,99730,221,100020,100,99688,100,100027,100,99171,100,100042,100,99070,100,100051,100,98648,100,100081,200,98562,100,100083,100,,,100105,100,,
2019-06-28 09:40:30.000000000,99922,100,99795,274,100012,174,99742,174,100013,174,99730,174,100020,174,99688,174,100027,174,99171,174,100042,100,99070,100,100051,100,98648,100,100081,200,98562,100,100083,100,,,100105,100,,
2019-06-28 09:40:33.359782720,99922,100,99795,174,100012,174,99742,174,100013,174,99730,174,100020,174,99688,174,100027,174,99171,174,100042,100,99070,100,100051,100,98648,100,100081,200,98562,100,100083,100,,,100105,100,,
2019-06-28 09:40:40.000000000,99922,100,99795,174,100012,174,99742,174,100013,174,99730,174,100020,174,99688,174,100027,174,99171,174,100042,100,99070,100,100051,100,98648,100,100081,200,98562,100,100083,100,,,100105,100,,
2019-06-28 09:40:50.000000000,99922,151,99795,225,100012,221,99742,221,100013,221,99730,221,100020,100,99688,100,100027,100,99171,100,100042,100,99070,100,100051,100,98648,100,100081,200,98562,100,100083,100,,,100105,100,,
2019-06-28 09:41:00.000000000,99922,100,99795,174,100012,174,99742,174,100013,174,99730,174,100020,174,99688,174,100027,174,99171,174,100042,100,99070,100,100051,100,98648,100,100081,200,98562,100,100083,100,,,100105,100,,
2019-06-28 09:41:05.341984524,99922,100,99795,74,100012,174,99742,174,100013,174,99730,174,100020,174,99688,174,100027,174,99171,174,100042,100,98648,100,100051,100,98562,100,100081,200,,,100083,100,,,100105,100,,
2019-06-28 09:41:07.003947067,99795,26,99742,174,99922,100,99730,74,100012,174,99688,174,100013,174,99171,174,100020,174,98648,100,100027,174,98562,100,100042,100,,,100051,100,,,100081,200,,,100083,100,,
2019-06-28 09:41:10.000000000,99795,151,99742,225,99922,147,99688,221,100012,221,99171,221,100013,100,98648,100,100020,100,98562,100,100027,100,,,100042,100,,,100051,100,,,100081,200,,,100083,100,,
2019-06-28 09:41:10.426018379,99795,151,99742,125,99922,147,99688,221,100012,221,99171,221,100013,100,98648,100,100020,100,98562,100,100027,100,,,100042,100,,,100051,100,,,100081,200,,,100083,100,,
2019-06-28 09:41:20.000000000,99795,151,99688,225,99922,147,99171,221,100012,221,98648,221,100013,100,98562,100,100020,100,,,100027,100,,,100042,100,,,100051,100,,,100081,200,,,100083,100,,
2019-06-28 09:41:22.221464058,99795,151,99688,125,99922,147,99171,221,100012,221,98648,221,100013,100,98562,100,100020,100,,,100027,100,,,100042,100,,,100051,100,,,100081,200,,,100083,100,,
2019-06-28 09:41:25.731453257,99742,100,99688,125,99795,151,99171,221,99922,147,98648,221,100012,221,98562,100,100013,100,,,100020,100,,,100027,100,,,100042,100,,,100051,100,,,100081,200,,
2019-06-28 09:41:30.000000000,99742,174,99171,174,99795,100,98648,174,99922,100,98562,174,100012,174,98561,74,100013,174,,,100020,100,,,100027,100,,,100042,100,,,100051,100,,,100081,200,,
2019-06-28 09:41:38.361113045,99742,174,99171,174,99795,100,98648,174,99922,100,98564,100,100012,174,98562,174,100013,174,98561,74,100020,100,,,100027,100,,,100042,100,,,100051,100,,,100081,200,,
2019-06-28 09:41:40.000000000,99742,225,99171,225,99795,147,98648,221,99922,147,98564,221,100012,100,98562,100,100013,100,,,100020,100,,,100027,100,,,100042,100,,,100051,100,,,100081,200,,
2019-06-28 09:41:50.000000000,99742,284,99171,284,99795,210,98648,284,99922,26,98564,100,100012,100,98562,100,100013,100,,,100020,100,,,100027,100,,,100042,100,,,100051,100,,,100081,200,,
2019-06-28 09:42:00.000000000,99742,225,99171,225,99795,147,98648,221,99922,147,98564,221,100012,100,98562,100,100013,100,,,100020,100,,,100027,100,,,100042,100,,,100051,100,,,100081,200,,
2019-06-28 09:42:06.964102756,99325,100,99171,225,99742,225,98648,221,99795,147,98564,221,99922,147,98562,100,100012,100,,,100013,100,,,100020,100,,,100027,100,,,100042,100,,,100051,100,,
2019-06-28 09:42:10.000000000,99325,468,99171,468,99742,100,98648,100,99795,26,98564,100,99922,26,98562,100,100012,100,,,100013,100,,,100020,100,,,100027,100,,,100042,100,,,100051,100,,
2019-06-28 09:42:16.184083849,99325,468,99171,468,99742,200,98648,100,99795,26,98564,100,99922,26,98562,100,100012,100,,,100013,100,,,100020,100,,,100027,100,,,100042,100,,,100051,100,,
2019-06-28 09:42:20.000000000,99325,192,99171,192,99742,292,98648,192,99795,118,98564,192,99922,118,98562,192,100012,100,,,100013,100,,,100020,100,,,100027,100,,,100042,100,,,100051,100,,
2019-06-28 09:42:30.000000000,99325,284,99171,284,99742,384,98648,284,99795,26,98564,100,99922,26,98562,100,100012,100,,,100013,100,,,100020,100,,,100027,100,,,100042,100,,,100051,100,,
2019-06-28 09:42:39.465205616,99198,100,99171,284,99325,284,98648,284,99742,384,98564,100,99795,26,98562,100,99922,26,,,100012,100,,,100013,100,,,100020,100,,,100027,100,,,100042,100,,
2019-06-28 09:42:40.000000000,99198,192,99171,192,99325,192,98648,192,99742,292,98564,192,99795,118,98562,192,99922,26,,,100012,100,,,100013,100,,,100020,100,,,100027,100,,,100042,100,,
2019-06-28 09:42:50.000000000,99198,468,99171,468,99325,100,98648,100,99742,200,98564,100,99795,26,98562,100,99922,26,,,100012,100,,,100013,100,,,100020,100,,,100027,100,,,100042,100,,
2019-06-28 09:43:00.000000000,99198,192,99171,192,99325,192,98648,192,99742,292,98564,192,99795,118,98562,192,99922,26,,,100012,100,,,100013,100,,,100020,100,,,100027,100,,,100042,100,,
2019-06-28 09:43:10.000000000,99198,225,99171,225,99325,221,98648,221,99742,321,98564,221,99795,26,98562,100,99922,26,,,100012,100,,,100013,100,,,100020,100,,,100027,100,,,100042,100,,
2019-06-28 09:43:20.000000000,99198,174,99171,174,99325,174,98648,174,99742,274,98564,174,99795,100,98562,174,99922,100,98561,74,100012,100,,,100013,100,,,100020,100,,,100027,100,,,100042,100,,
2019-06-28 09:43:24.791152184,99198,174,99171,174,99325,174,98648,174,99742,274,98564,174,99795,100,98562,174,99922,100,98561,74,100012,100,98217,100,100013,100,,,100020,100,,,100027,100,,,100042,100,,
2019-06-28 09:43:30.000000000,99198,468,99171,468,99325,100,98648,100,99742,200,98564,100,99795,26,98562,100,99922,26,98217,100,100012,100,,,100013,100,,,100020,100,,,100027,100,,,100042,100,,
2019-06-28 09:43:40.000000000,99198,192,99171,192,99325,192,98648,192,99742,292,98564,192,99795,118,98562,192,99922,26,98217,100,100012,100,,,100013,100,,,100020,100,,,100027,100,,,100042,100,,
2019-06-28 09:43:50.000000000,99198,468,99171,468,99325,100,98648,100,99742,200,98564,100,99795,26,98562,100,99922,26,98217,100,100012,100,,,100013,100,,,100020,100,,,100027,100,,,100042,100,,
2019-06-28 09:43:59.134996049,99198,468,99171,368,99325,100,98648,100,99742,200,98564,100,99795,26,98562,100,99922,26,98217,100,100012,100,,,100013,100,,,100020,100,,,100027,100,,,100042,100,,
2019-06-28 09:44:00.000000000,99198,284,98648,284,99325,284,98564,284,99742,200,98562,100,99795,26,98217,100,99922,26,,,100012,100,,,100013,100,,,100020,100,,,100027,100,,,100042,100,,
2019-06-28 09:44:10.000000000,99198,174,98648,174,99325,174,98564,174,99742,274,98562,174,99795,100,98217,174,99922,100,98216,74,100012,100,,,100013,100,,,100020,100,,,100027,100,,,100042,100,,
2019-06-28 09:44:10.529629587,99197,100,98648,174,99198,174,98564,174,99325,174,98562,174,99742,274,98217,174,99795,100,98216,74,99922,100,,,100012,100,,,100013,100,,,100020,100,,,100027,100,,
2019-06-28 09:44:19.777029387,99197,100,98648,174,99198,174,98564,174,99325,174,98562,174,99742,274,98468,100,99795,100,98217,174,99922,100,98216,74,100012,100,,,100013,100,,,100020,100,,,100027,100,,
2019-06-28 09:44:20.000000000,99197,225,98648,225,99198,221,98564,221,99325,221,98562,221,99742,200,98468,100,99795,26,98217,100,99922,26,,,100012,100,,,100013,100,,,100020,100,,,100027,100,,
2019-06-28 09:44:25.098358100,99197,325,98648,225,99198,221,98564,221,99325,221,98562,221,99742,200,98468,100,99795,26,98217,100,99922,26,,,100012,100,,,100013,100,,,100020,100,,,100027,100,,
2019-06-28 09:44:30.000000000,99197,292,98648,192,99198,192,98564,192,99325,192,98562,192,99742,292,98468,192,99795,26,98217,100,99922,26,,,100012,100,,,100013,100,,,100020,100,,,100027,100,,
2019-06-28 09:44:40.000000000,99197,568,98648,468,99198,100,98564,100,99325,100,98562,100,99742,200,98468,100,99795,26,98217,100,99922,26,,,100012,100,,,100013,100,,,100020,100,,,100027,100,,
2019-06-28 09:44:42.766402140,99197,568,98648,468,99198,100,98564,100,99325,100,98562,100,99742,100,98468,100,99795,26,98217,100,99922,26,,,100012,100,,,100013,100,,,100020,100,,,100027,100,,
2019-06-28 09:44:50.000000000,99197,274,98648,174,99198,174,98564,174,99325,174,98562,174,99742,174,98468,174,99795,100,98217,174,99922,26,,,100012,100,,,100013,100,,,100020,100,,,100027,100,,
2019-06-28 09:45:00.000000000,99197,325,98648,225,99198,221,98564,221,99325,221,98562,221,99742,100,98468,100,99795,26,98217,100,99922,26,,,100012,100,,,100013,100,,,100020,100,,,100027,100,,
2019-06-28 09:45:10.000000000,99197,568,98648,468,99198,100,98564,100,99325,100,98562,100,99742,100,98468,100,99795,26,98217,100,99922,26,,,100012,100,,,100013,100,,,100020,100,,,100027,100,,
2019-06-28 09:45:12.199686071,99197,568,98648,368,99198,100,98564,100,99325,100,98562,100,99742,100,98468,100,99922,26,98217,100,100012,100,,,100013,100,,,100020,100,,,100027,100,,,100042,100,,
2019-06-28 09:45:20.000000000,99197,274,98564,174,99198,174,98562,174,99325,174,98468,174,99742,174,98217,174,99922,100,98216,74,100012,100,,,100013,100,,,100020,100,,,100027,100,,,100042,100,,
2019-06-28 09:45:28.965804901,99197,274,98564,174,99198,174,98562,174,99325,174,98544,100,99742,174,98468,174,99922,100,98217,174,100012,100,98216,74,100013,100,,,100020,100,,,100027,100,,,100042,100,,
2019-06-28 09:45:30.000000000,99197,274,98564,174,99198,174,98562,174,99325,174,98544,174,99742,174,98468,174,99922,100,98217,174,100012,100,,,100013,100,,,100020,100,,,100027,100,,,100042,100,,
2019-06-28 09:45:37.857017376,99197,274,98564,74,99198,174,98562,174,99325,174,98544,174,99742,174,98468,174,99922,100,98217,174,100012,100,,,100013,100,,,100020,100,,,100027,100,,,100042,100,,
2019-06-28 09:45:40.000000000,99197,384,98562,284,99198,284,98544,284,99325,100,98468,100,99742,100,98217,100,99922,26,,,100012,100,,,100013,100,,,100020,100,,,100027,100,,,100042,100,,
2019-06-28 09:45:47.368771268,99197,384,98562,284,99198,284,98544,284,99325,100,98491,100,99742,100,98468,100,99922,26,98217,100,100012,100,,,100013,100,,,100020,100,,,100027,100,,,100042,100,,
2019-06-28 09:45:50.000000000,99197,274,98562,174,99198,174,98544,174,99325,174,98491,174,99742,174,98468,174,99922,100,98217,174,100012,100,,,100013,100,,,100020,100,,,100027,100,,,100042,100,,
2019-06-28 09:45:56.326215593,99197,274,98731,100,99198,174,98562,174,99325,174,98544,174,99742,174,98491,174,99922,100,98468,174,100012,100,98217,174,100013,100,,,100020,100,,,100027,100,,,100042,100,,
2019-06-28 09:46:00.000000000,99197,292,98731,192,99198,192,98562,192,99325,192,98544,192,99742,192,98491,192,99922,26,98468,100,100012,100,98217,100,100013,100,,,100020,100,,,100027,100,,,100042,100,,
2019-06-28 09:46:07.461794519,99197,292,98731,192,99198,192,98634,100,99325,192,98562,192,99742,192,98544,192,99922,26,98491,192,100012,100,98468,100,100013,100,98217,100,100020,100,,,100027,100,,,100042,100,,
2019-06-28 09:46:10.000000000,99197,384,98731,284,99198,284,98634,284,99325,100,98562,100,99742,100,98544,100,99922,26,98491,100,100012,100,98468,100,100013,100,98217,100,100020,100,,,100027,100,,,100042,100,,
2019-06-28 09:46:20.000000000,99197,325,98731,225,99198,221,98634,221,99325,221,98562,221,99742,100,98544,100,99922,26,98491,100,100012,100,98468,100,100013,100,98217,100,100020,100,,,100027,100,,,100042,100,,
2019-06-28 09:46:21.790047814,99197,325,98731,225,99198,221,98634,221,99325,221,98562,221,99742,100,98544,100,99922,26,98496,100,100012,100,98491,100,100013,100,98468,100,100020,100,98217,100,100027,100,,,100042,100,,
2019-06-28 09:46:30.000000000,99197,325,98731,225,99198,221,98634,221,99325,221,98562,221,99742,100,98544,100,99922,26,98496,100,100012,100,98491,100,100013,100,98468,100,100020,100,98217,100,100027,100,,,100042,100,,
2019-06-28 09:46:40.000000000,99197,292,98731,192,99198,192,98634,192,99325,192,98562,192,99742,192,98544,192,99922,26,98496,100,100012,100,98491,100,100013,100,98468,100,100020,100,98217,100,100027,100,,,100042,100,,
2019-06-28 09:46:47.692917665,98968,100,98731,192,99197,292,98634,192,99198,192,98562,192,99325,192,98544,192,99742,192,98491,100,99922,26,98468,100,100012,100,98217,100,100013,100,,,100020,100,,,100027,100,,
2019-06-28 09:46:50.000000000,98968,192,98731,192,99197,292,98634,192,99198,192,98562,192,99325,192,98544,192,99742,100,98491,100,99922,26,98468,100,100012,100,98217,100,100013,100,,,100020,100,,,100027,100,,
2019-06-28 09:46:56.962559828,98968,192,98731,92,99197,292,98634,192,99198,192,98562,92,99325,192,98544,192,99742,100,98491,100,99922,26,98468,100,100012,100,98217,100,100013,100,,,100020,100,,,100027,100,,
2019-06-28 09:47:00.000000000,98968,225,98634,225,99197,321,98544,221,99198,221,98491,221,99325,100,98468,100,99742,100,98217,100,99922,26,,,100012,100,,,100013,100,,,100020,100,,,100027,100,,
2019-06-28 09:47:10.000000000,98968,225,98634,225,99197,321,98544,221,99198,221,98491,221,99325,100,98468,100,99742,100,98217,100,99922,26,,,100012,100,,,100013,100,,,100020,100,,,100027,100,,
2019-06-28 09:47:16.378958782,98968,225,98634,225,99197,321,98544,221,99198,221,98514,100,99325,100,98491,221,99742,100,98468,100,99922,26,98217,100,100012,100,,,100013,100,,,100020,100,,,100027,100,,
2019-06-28 09:47:20.000000000,98968,468,98634,468,99197,200,98544,100,99198,100,98514,100,99325,100,98491,100,99742,100,98468,100,99922,26,98217,100,100012,100,,,100013,100,,,100020,100,,,100027,100,,
2019-06-28 09:47:24.236572457,98768,100,98634,468,98968,468,98544,100,99197,200,98514,100,99198,100,98491,100,99325,100,98468,100,99742,100,98217,100,99922,26,,,100012,100,,,100013,100,,,100020,100,,
2019-06-28 09:47:30.000000000,98768,192,98634,192,98968,192,98544,192,99197,292,98514,192,99198,192,98491,192,99325,100,98468,100,99742,100,98217,100,99922,26,,,100012,100,,,100013,100,,,100020,100,,
2019-06-28 09:47:37.563152040,98768,192,98634,192,98968,192,98575,100,99197,292,98544,192,99198,192,98514,192,99325,100,98491,192,99742,100,98468,100,99922,26,98217,100,100012,100,,,100013,100,,,100020,100,,
2019-06-28 09:47:40.000000000,98768,225,98634,225,98968,221,98575,221,99197,321,98544,221,99198,100,98514,100,99325,100,98491,100,99742,100,98468,100,99922,26,98217,100,100012,100,,,100013,100,,,100020,100,,
2019-06-28 09:47:43.651550244,98731,100,98634,225,98768,225,98575,221,98968,221,98544,221,99197,321,98514,100,99198,100,98491,100,99325,100,98468,100,99742,100,98217,100,99922,26,,,100012,100,,,100013,100,,
2019-06-28 09:47:50.000000000,98731,225,98634,225,98768,221,98575,221,98968,221,98544,221,99197,200,98514,100,99198,100,98491,100,99325,100,98468,100,99742,100,98217,100,99922,26,,,100012,100,,,100013,100,,
2019-06-28 09:47:53.768191866,98731,225,98634,225,98768,221,98575,221,98968,221,98544,221,99197,200,98514,100,99198,100,98499,100,99325,100,98491,100,99742,100,98468,100,99922,26,98217,100,100012,100,,,100013,100,,
2019-06-28 09:48:00.000000000,98731,192,98634,192,98768,192,98575,192,98968,192,98544,192,99197,292,98514,192,99198,100,98499,100,99325,100,98491,100,99742,100,98468,100,99922,26,98217,100,100012,100,,,100013,100,,
2019-06-28 09:48:10.000000000,98731,468,98634,468,98768,100,98575,100,98968,100,98544,100,99197,200,98514,100,99198,100,98499,100,99325,100,98491,100,99742,100,98468,100,99922,26,98217,100,100012,100,,,100013,100,,
2019-06-28 09:48:10.010219480,98731,468,98715,100,98768,100,98634,468,98968,100,98575,100,99197,200,98544,100,99198,100,98514,100,99325,100,98499,100,99742,100,98491,100,99922,26,98468,100,100012,100,98217,100,100013,100,,
2019-06-28 09:48:20.000000000,98731,192,98715,192,98768,192,98634,192,98968,192,98575,192,99197,292,98544,192,99198,100,98514,100,99325,100,98499,100,99742,100,98491,100,99922,26,98468,100,100012,100,98217,100,100013,100,,
2019-06-28 09:48:27.787219530,98731,192,98715,92,98768,192,98634,192,98968,192,98575,192,99197,292,98544,192,99198,100,98514,100,99325,100,98499,100,99742,100,98491,100,99922,26,98468,100,100012,100,98217,100,100013,100,,
2019-06-28 09:48:30.000000000,98731,284,98634,284,98768,284,98575,284,98968,100,98544,100,99197,200,98514,100,99198,100,98499,100,99325,100,98491,100,99742,100,98468,100,99922,26,98217,100,100012,100,,,100013,100,,
2019-06-28 09:48:40.000000000,98731,192,98634,192,98768,192,98575,192,98968,192,98544,192,99197,292,98514,192,99198,100,98499,100,99325,100,98491,100,99742,100,98468,100,99922,26,98217,100,100012,100,,,100013,100,,
2019-06-28 09:48:42.508132844,98731,192,98634,192,98768,192,98575,192,98968,192,98548,100,99197,292,98544,192,99198,100,98514,192,99325,100,98499,100,99742,100,98491,100,99922,26,98468,100,100012,100,98217,100,100013,100,,
2019-06-28 09:48:50.000000000,98731,192,98634,192,98768,192,98575,192,98968,192,98548,192,99197,292,98544,192,99198,100,98514,100,99325,100,98499,100,99742,100,98491,100,99922,26,98468,100,100012,100,98217,100,100013,100,,
2019-06-28 09:49:00.000000000,98731,192,98634,192,98768,192,98575,192,98968,192,98548,192,99197,292,98544,192,99198,100,98514,100,99325,100,98499,100,99742,100,98491,100,99922,26,98468,100,100012,100,98217,100,100013,100,,
2019-06-28 09:49:00.704676739,98731,192,98634,192,98768,192,98575,192,98968,192,98548,192,99197,292,98544,192,99198,100,98542,100,99325,100,98514,100,99742,100,98499,100,99922,26,98491,100,100012,100,98468,100,100013,100,98217,100
2019-06-28 09:49:10.000000000,98731,192,98634,192,98768,192,98575,192,98968,192,98548,192,99197,292,98544,192,99198,100,98542,100,99325,100,98514,100,99742,100,98499,100,99922,26,98491,100,100012,100,98468,100,100013,100,98217,100
2019-06-28 09:49:16.498941162,98731,192,98634,192,98768,192,98575,192,98968,192,98548,192,99197,292,98544,192,99198,100,98542,100,99325,100,98514,100,99742,100,98499,100,99922,26,98491,100,100012,100,98468,100,100013,100,98341,100
2019-06-28 09:49:19.154644579,98731,192,98634,192,98768,192,98575,192,98968,192,98548,192,99197,292,98544,192,99198,100,98542,100,99325,100,98514,100,99742,100,98499,100,100012,100,98491,100,100013,100,98468,100,100020,100,98425,100
2019-06-28 09:49:20.000000000,98731,225,98634,225,98768,221,98575,221,98968,221,98548,221,99197,200,98544,100,99198,100,98542,100,99325,100,98514,100,99742,100,98499,100,100012,100,98491,100,100013,100,98468,100,100020,100,98425,100
2019-06-28 09:49:23.118341859,98730,100,98634,225,98731,225,98575,221,98768,221,98548,221,98968,221,98544,100,99197,200,98542,100,99198,100,98514,100,99325,100,98499,100,99742,100,98491,100,100012,100,98468,100,100013,100,98425,100
2019-06-28 09:49:30.000000000,98730,468,98634,468,98731,100,98575,100,98768,100,98548,100,98968,100,98544,100,99197,200,98542,100,99198,100,98514,100,99325,100,98499,100,99742,100,98491,100,100012,100,98468,100,100013,100,98425,100
2019-06-28 09:49:31.962996924,98730,568,98634,468,98731,100,98575,100,98768,100,98548,100,98968,100,98544,100,99197,200,98542,100,99198,100,98514,100,99325,100,98499,100,99742,100,98491,100,100012,100,98468,100,100013,100,98425,100
2019-06-28 09:49:33.858295853,98730,568,98634,468,98768,100,98575,100,98968,100,98548,100,99197,200,98544,100,99198,100,98542,100,99325,100,98514,100,99742,100,98499,100,100012,100,98491,100,100013,100,98468,100,100020,100,98425,100
2019-06-28 09:49:34.051014533,98730,568,98634,368,98768,100,98575,100,98968,100,98548,100,99197,200,98544,100,99198,100,98542,100,99325,100,98514,100,99742,100,98499,100,100012,100,98491,100,100013,100,98468,100,100020,100,98425,100
2019-06-28 09:49:40.000000000,98730,274,98575,174,98768,174,98548,174,98968,174,98544,174,99197,274,98542,174,99198,174,98514,174,99325,100,98499,100,99742,100,98491,100,100012,100,98468,100,100013,100,98425,100,100020,100,98341,100
2019-06-28 09:49:45.408664901,98730,274,98575,174,98768,174,98548,174,98968,174,98544,174,99197,274,98542,174,99198,174,98514,174,99325,100,98499,100,99742,100,98491,100,100012,100,98468,100,100020,100,98425,100,100027,100,98341,100
2019-06-28 09:49:45.597816665,98730,274,98680,100,98768,174,98575,174,98968,174,98548,174,99197,274,98544,174,99198,74,98542,174,99325,100,98514,174,99742,100,98499,100,100012,100,98491,100,100020,100,98468,100,100027,100,98425,100
2019-06-28 09:49:48.818338246,98702,100,98680,100,98730,274,98575,174,98768,174,98548,174,98968,174,98544,174,99197,274,98542,174,99198,74,98514,74,99325,100,98499,100,99742,100,98491,100,100012,100,98468,100,100020,100,98425,100
2019-06-28 09:49:49.261410532,98702,100,98575,174,98730,274,98548,174,98768,174,98544,174,98968,174,98542,174,99083,100,98514,74,99197,274,98499,100,99198,74,98491,100,99325,100,98468,100,99742,100,98425,100,100012,100,98341,100
2019-06-28 09:49:50.000000000,98702,174,98575,174,98730,274,98548,174,98768,174,98544,174,98968,174,98542,174,99083,174,98499,174,99197,200,98491,100,99325,100,98468,100,99742,100,98425,100,100012,100,98341,100,100020,100,98217,100
2019-06-28 09:50:00.000000000,98702,225,98575,225,98730,321,98548,221,98768,221,98544,221,98968,100,98542,100,99083,100,98499,100,99197,200,98491,100,99325,100,98468,100,99742,100,98425,100,100012,100,98341,100,100020,100,98217,100
2019-06-28 09:50:10.000000000,98702,284,98575,284,98730,384,98548,284,98768,100,98544,100,98968,100,98542,100,99083,100,98499,100,99197,200,98491,100,99325,100,98468,100,99742,100,98425,100,100012,100,98341,100,100020,100,98217,100
2019-06-28 09:50:15.055223057,98702,284,98575,284,98703,100,98548,284,98730,384,98544,100,98768,100,98542,100,98968,100,98499,100,99083,100,98491,100,99197,200,98468,100,99325,100,98425,100,99742,100,98341,100,100012,100,98217,100
2019-06-28 09:50:20.000000000,98702,225,98575,225,98703,221,98548,221,98730,321,98544,221,98768,100,98542,100,98968,100,98499,100,99083,100,98491,100,99197,200,98468,100,99325,100,98425,100,99742,100,98341,100,100012,100,98217,100
2019-06-28 09:50:30.000000000,98702,192,98575,192,98703,192,98548,192,98730,292,98544,192,98768,192,98542,192,98968,100,98499,100,99083,100,98491,100,99197,200,98468,100,99325,100,98425,100,99742,100,98341,100,100012,100,98217,100
2019-06-28 09:50:40.000000000,98702,225,98575,225,98703,221,98548,221,98730,321,98544,221,98768,100,98542,100,98968,100,98499,100,99083,100,98491,100,99197,200,98468,100,99325,100,98425,100,99742,100,98341,100,100012,100,98217,100
2019-06-28 09:50:44.261427447,98702,225,98575,225,98703,221,98548,221,98730,321,98544,221,98768,100,98542,100,98831,100,98499,100,98968,100,98491,100,99083,100,98468,100,99197,200,98425,100,99325,100,98341,100,99742,100,98217,100
2019-06-28 09:50:50.000000000,98702,468,98575,468,98703,100,98548,100,98730,200,98544,100,98768,100,98542,100,98831,100,98499,100,98968,100,98491,100,99083,100,98468,100,99197,200,98425,100,99325,100,98341,100,99742,100,98217,100
2019-06-28 09:50:54.657405680,98702,368,98575,468,98703,100,98548,100,98730,200,98544,100,98768,100,98542,100,98831,100,98499,100,98968,100,98491,100,99083,100,98468,100,99197,200,98425,100,99325,100,98341,100,99742,100,98217,100
2019-06-28 09:50:58.575984242,98702,268,98575,468,98703,100,98548,100,98730,200,98544,100,98768,100,98542,100,98831,100,98499,100,98968,100,98491,100,99083,100,98468,100,99197,200,98425,100,99325,100,98341,100,99742,100,98217,100
2019-06-28 09:51:00.000000000,98703,468,98575,468,98730,200,98548,100,98768,100,98544,100,98831,100,98542,100,98968,100,98499,100,99083,100,98491,100,99197,200,98468,100,99325,100,98425,100,99742,100,98341,100,100012,100,98217,100
2019-06-28 09:51:00.686075286,98703,468,98575,468,98730,200,98548,100,98768,100,98544,100,98831,100,98542,100,98968,100,98499,100,99073,100,98491,100,99083,100,98468,100,99197,200,98425,100,99325,100,98341,100,99742,100,98217,100
2019-06-28 09:51:01.468445820,98703,468,98575,468,98730,200,98548,100,98768,100,98544,100,98831,100,98542,100,98968,100,98499,100,99073,100,98491,100,99083,100,98468,100,99197,200,98425,100,99325,100,98341,100,100012,100,98217,100
2019-06-28 09:51:02.587144812,98703,468,98575,468,98730,200,98548,100,98768,100,98544,100,98831,100,98542,100,98968,100,98499,100,99073,100,98491,100,99081,100,98468,100,99083,100,98425,100,99197,200,98341,100,100012,100,98217,100
2019-06-28 09:51:10.000000000,98703,284,98575,284,98730,384,98548,284,98768,100,98544,100,98831,100,98542,100,98968,100,98499,100,99073,100,98491,100,99081,100,98468,100,99083,100,98425,100,99197,200,98341,100,100012,100,98217,100
2019-06-28 09:51:20.000000000,98703,284,98575,284,98730,384,98548,284,98768,100,98544,100,98831,100,98542,100,98968,100,98499,100,99073,100,98491,100,99081,100,98468,100,99083,100,98425,100,99197,200,98341,100,100012,100,98217,100
2019-06-28 09:51:30.000000000,98703,192,98575,192,98730,292,98548,192,98768,192,98544,192,98831,192,98542,192,98968,100,98499,100,99073,100,98491,100,99081,100,98468,100,99083,100,98425,100,99197,200,98341,100,100012,100,98217,100
2019-06-28 09:51:31.041360335,98703,192,98575,192,98730,292,98548,192,98768,192,98544,192,98831,192,98542,192,98968,100,98499,100,99073,100,98491,100,99081,100,98468,100,99083,100,98425,100,99197,200,98341,100,100020,100,98217,100
2019-06-28 09:51:40.000000000,98703,284,98575,284,98730,384,98548,284,98768,100,98544,100,98831,100,98542,100,98968,100,98499,100,99073,100,98491,100,99081,100,98468,100,99083,100,98425,100,99197,200,98341,100,100020,100,98217,100
2019-06-28 09:51:41.879144193,98703,284,98575,284,98730,384,98548,284,98768,100,98544,100,98831,100,98542,100,98832,100,98499,100,98968,100,98491,100,99073,100,98425,100,99081,100,98341,100,99083,100,98217,100,99197,200,,
2019-06-28 09:51:48.957592453,98703,184,98575,284,98730,384,98548,284,98768,100,98544,100,98831,100,98542,100,98832,100,98499,100,98968,100,98491,100,99073,100,98425,100,99081,100,98341,100,99083,100,98217,100,99197,200,,
2019-06-28 09:51:50.000000000,98730,384,98575,284,98768,284,98548,284,98831,100,98544,100,98832,100,98542,100,98968,100,98499,100,99073,100,98491,100,99081,100,98425,100,99083,100,98341,100,99197,200,98217,100,100020,100,,
2019-06-28 09:52:00.000000000,98730,568,98575,468,98768,100,98548,100,98831,100,98544,100,98832,100,98542,100,98968,100,98499,100,99073,100,98491,100,99081,100,98425,100,99083,100,98341,100,99197,200,98217,100,100020,100,,
2019-06-28 09:52:06.170798157,98730,468,98575,468,98768,100,98548,100,98831,100,98544,100,98832,100,98542,100,98968,100,98499,100,99073,100,98491,100,99083,100,98425,100,99197,200,98341,100,100020,100,98217,100,100027,100,,
2019-06-28 09:52:10.000000000,98730,468,98575,468,98768,100,98548,100,98831,100,98544,100,98832,100,98542,100,98968,100,98499,100,99073,100,98491,100,99083,100,98425,100,99197,200,98341,100,100020,100,98217,100,100027,100,,
2019-06-28 09:52:17.545938460,98730,468,98703,100,98768,100,98575,468,98831,100,98548,100,98832,100,98544,100,98968,100,98542,100,99073,100,98499,100,99083,100,98491,100,99197,200,98425,100,100020,100,98341,100,100027,100,98217,100
2019-06-28 09:52:20.000000000,98730,468,98703,468,98768,100,98575,100,98831,100,98548,100,98832,100,98544,100,98968,100,98542,100,99073,100,98499,100,99083,100,98491,100,99197,200,98425,100,100020,100,98341,100,100027,100,98217,100
2019-06-28 09:52:30.000000000,98730,468,98703,468,98768,100,98575,100,98831,100,98548,100,98832,100,98544,100,98968,100,98542,100,99073,100,98499,100,99083,100,98491,100,99197,200,98425,100,100020,100,98341,100,100027,100,98217,100
2019-06-28 09:52:36.999303940,98730,368,98703,468,98768,100,98548,100,98831,100,98544,100,98832,100,98542,100,98968,100,98499,100,99073,100,98491,100,99083,100,98425,100,99197,200,98341,100,100020,100,98217,100,100027,100,,
2019-06-28 09:52:40.000000000,98768,192,98703,192,98831,192,98548,192,98832,192,98544,192,98968,192,98542,192,99073,100,98499,100,99083,100,98491,100,99197,200,98425,100,100020,100,98341,100,100027,100,98217,100,100042,100,,
2019-06-28 09:52:50.000000000,98768,284,98703,284,98831,284,98548,284,98832,100,98544,100,98968,100,98542,100,99073,100,98499,100,99083,100,98491,100,99197,200,98425,100,100020,100,98341,100,100027,100,98217,100,100042,100,,
2019-06-28 09:52:53.016922606,98768,284,98703,184,98831,284,98548,284,98832,100,98544,100,98968,100,98542,100,99073,100,98499,100,99083,100,98491,100,99197,200,98425,100,100020,100,98341,100,100027,100,98217,100,100042,100,,
2019-06-28 09:53:00.000000000,98768,225,98548,225,98831,221,98544,221,98832,221,98542,221,98968,100,98499,100,99073,100,98491,100,99083,100,98425,100,99197,200,98341,100,100020,100,98217,100,100027,100,,,100042,100,,
2019-06-28 09:53:10.000000000,98768,192,98548,192,98831,192,98544,192,98832,192,98542,192,98968,192,98499,192,99073,100,98491,100,99083,100,98425,100,99197,200,98341,100,100020,100,98217,100,100027,100,,,100042,100,,
2019-06-28 09:53:16.689839157,98768,92,98548,192,98831,192,98544,192,98832,192,98542,192,98968,192,98499,192,99073,100,98491,100,99083,100,98425,100,99197,200,98341,100,100020,100,98217,100,100027,100,,,100042,100,,
2019-06-28 09:53:20.000000000,98831,192,98548,192,98832,192,98544,192,98968,192,98542,192,99073,192,98499,192,99083,100,98491,100,99197,200,98425,100,100020,100,98341,100,100027,100,98217,100,100042,100,,,100051,100,,
2019-06-28 09:53:30.000000000,98831,192,98548,192,98832,192,98544,192,98968,192,98542,192,99073,192,98499,192,99083,100,98491,100,99197,200,98425,100,100020,100,98341,100,100027,100,98217,100,100042,100,,,100051,100,,
2019-06-28 09:53:40.000000000,98831,192,98548,192,98832,192,98544,192,98968,192,98542,192,99073,192,98499,192,99083,100,98491,100,99197,200,98425,100,100020,100,98341,100,100027,100,98217,100,100042,100,,,100051,100,,
2019-06-28 09:53:41.873988362,98831,92,98548,192,98832,192,98544,192,98968,192,98542,192,99073,192,98499,192,99083,100,98491,100,99197,200,98425,100,100020,100,98341,100,100027,100,,,100042,100,,,100051,100,,
2019-06-28 09:53:42.507217249,98831,92,98548,192,98832,192,98544,192,98940,100,98542,192,98968,192,98499,192,99073,192,98491,100,99083,100,98425,100,99197,200,,,100020,100,,,100027,100,,,100042,100,,
2019-06-28 09:53:50.000000000,98832,468,98548,468,98940,100,98544,100,98968,100,98542,100,99073,100,98499,100,99083,100,98491,100,99197,200,98425,100,100020,100,,,100027,100,,,100042,100,,,100051,100,,
2019-06-28 09:53:52.327725818,98832,468,98768,100,98940,100,98548,468,98968,100,98544,100,99073,100,98542,100,99083,100,98499,100,99197,200,98491,100,100020,100,98425,100,100027,100,,,100042,100,,,100051,100,,
2019-06-28 09:54:00.000000000,98832,225,98768,225,98940,221,98548,221,98968,221,98544,221,99073,100,98542,100,99083,100,98499,100,99197,200,98491,100,100020,100,98425,100,100027,100,,,100042,100,,,100051,100,,
2019-06-28 09:54:10.000000000,98832,225,98768,225,98940,221,98548,221,98968,221,98544,221,99073,100,98542,100,99083,100,98499,100,99197,200,98491,100,100020,100,98425,100,100027,100,,,100042,100,,,100051,100,,
2019-06-28 09:54:20.000000000,98832,284,98768,284,98940,284,98548,284,98968,100,98544,100,99073,100,98542,100,99083,100,98499,100,99197,200,98491,100,100020,100,98425,100,100027,100,,,100042,100,,,100051,100,,
2019-06-28 09:54:28.430996170,98832,284,98768,384,98940,284,98548,284,98968,100,98544,100,99073,100,98542,100,99083,100,98499,100,99197,200,98491,100,100020,100,98425,100,100027,100,,,100042,100,,,100051,100,,
2019-06-28 09:54:30.000000000,98832,284,98768,384,98940,284,98548,284,98968,100,98544,100,99073,100,98542,100,99083,100,98499,100,99197,200,98491,100,100020,100,98425,100,100027,100,,,100042,100,,,100051,100,,
2019-06-28 09:54:40.000000000,98832,174,98768,274,98940,174,98548,174,98968,174,98544,174,99073,174,98542,174,99083,174,98499,174,99197,200,98491,100,100020,100,98425,100,100027,100,,,100042,100,,,100051,100,,
2019-06-28 09:54:48.181306397,98832,174,98768,174,98940,174,98548,174,98968,174,98544,174,99073,174,98542,174,99083,174,98499,174,99197,200,98491,100,100020,100,98425,100,100027,100,,,100042,100,,,100051,100,,
2019-06-28 09:54:50.000000000,98832,225,98768,225,98940,221,98548,221,98968,221,98544,221,99073,100,98542,100,99083,100,98499,100,99197,200,98491,100,100020,100,98425,100,100027,100,,,100042,100,,,100051,100,,
2019-06-28 09:54:59.347078992,98832,225,98768,125,98940,221,98548,221,98968,221,98544,221,99073,100,98542,100,99083,100,98499,100,99197,200,98491,100,100020,100,98425,100,100027,100,,,100042,100,,,100051,100,,
2019-06-28 09:55:00.000000000,98832,174,98548,174,98940,174,98544,174,98968,174,98542,174,99073,174,98499,174,99083,174,98491,174,99197,200,98425,100,100020,100,,,100027,100,,,100042,100,,,100051,100,,
2019-06-28 09:55:10.000000000,98832,284,98548,284,98940,284,98544,284,98968,100,98542,100,99073,100,98499,100,99083,100,98491,100,99197,200,98425,100,100020,100,,,100027,100,,,100042,100,,,100051,100,,
2019-06-28 09:55:11.571899397,98652,100,98548,284,98832,284,98544,284,98940,284,98542,100,98968,100,98499,100,99073,100,98491,100,99083,100,98425,100,99197,200,,,100020,100,,,100027,100,,,100042,100,,
2019-06-28 09:55:20.000000000,98652,174,98548,174,98832,174,98544,174,98940,174,98542,174,98968,174,98499,174,99073,174,98491,174,99083,100,98425,100,99197,200,,,100020,100,,,100027,100,,,100042,100,,
2019-06-28 09:55:30.000000000,98652,225,98548,225,98832,221,98544,221,98940,221,98542,221,98968,100,98499,100,99073,100,98491,100,99083,100,98425,100,99197,200,,,100020,100,,,100027,100,,,100042,100,,
2019-06-28 09:55:38.414921796,98652,225,98548,225,98768,100,98544,221,98832,221,98542,221,98940,221,98499,100,98968,100,98491,100,99073,100,98425,100,99083,100,,,99197,200,,,100020,100,,,100027,100,,
2019-06-28 09:55:40.000000000,98652,468,98548,468,98768,100,98544,100,98832,100,98542,100,98940,100,98499,100,98968,100,98491,100,99073,100,98425,100,99083,100,,,99197,200,,,100020,100,,,100027,100,,
2019-06-28 09:55:46.210788083,98652,368,98548,468,98768,100,98544,100,98832,100,98542,100,98940,100,98499,100,98968,100,98491,100,99073,100,98425,100,99083,100,,,99197,200,,,100020,100,,,100027,100,,
2019-06-28 09:55:50.000000000,98768,284,98548,284,98832,284,98544,284,98940,100,98542,100,98968,100,98499,100,99073,100,98491,100,99083,100,98425,100,99197,200,,,100020,100,,,100027,100,,,100042,100,,
2019-06-28 09:55:59.364665371,98768,284,98548,284,98798,100,98544,284,98832,284,98542,100,98940,100,98499,100,98968,100,98491,100,99073,100,98425,100,99083,100,,,99197,200,,,100020,100,,,100027,100,,
2019-06-28 09:56:00.000000000,98768,284,98548,284,98798,284,98544,284,98832,100,98542,100,98940,100,98499,100,98968,100,98491,100,99073,100,98425,100,99083,100,,,99197,200,,,100020,100,,,100027,100,,
2019-06-28 09:56:10.000000000,98768,174,98548,174,98798,174,98544,174,98832,174,98542,174,98940,174,98499,174,98968,174,98491,174,99073,100,98425,100,99083,100,,,99197,200,,,100020,100,,,100027,100,,
2019-06-28 09:56:16.087166877,98768,174,98548,174,98798,174,98544,174,98832,174,98542,174,98940,174,98499,174,98968,174,98491,174,98977,100,98425,100,99073,100,,,99083,100,,,99197,200,,,100020,100,,
2019-06-28 09:56:20.000000000,98768,174,98548,174,98798,174,98544,174,98832,174,98542,174,98940,174,98499,174,98968,174,98491,174,98977,100,98425,100,99073,100,,,99083,100,,,99197,200,,,100020,100,,
2019-06-28 09:56:20.984079397,98768,174,98761,100,98798,174,98548,174,98832,174,98544,174,98940,174,98542,174,98968,174,98499,174,98977,100,98491,174,99073,100,98425,100,99083,100,,,99197,200,,,100020,100,,
2019-06-28 09:56:30.000000000,98768,284,98761,284,98798,284,98548,284,98832,100,98544,100,98940,100,98542,100,98968,100,98499,100,98977,100,98491,100,99073,100,98425,100,99083,100,,,99197,200,,,100020,100,,
2019-06-28 09:56:32.578011949,98768,284,98761,284,98798,284,98548,284,98832,100,98544,100,98940,100,98542,100,98960,100,98499,100,98968,100,98491,100,98977,100,98425,100,99073,100,,,99083,100,,,99197,200,,
2019-06-28 09:56:40.000000000,98768,284,98761,284,98798,284,98548,284,98832,100,98544,100,98940,100,98542,100,98960,100,98499,100,98968,100,98491,100,98977,100,98425,100,99073,100,,,99083,100,,,99197,200,,
2019-06-28 09:56:50.000000000,98768,225,98761,225,98798,221,98548,221,98832,221,98544,221,98940,100,98542,100,98960,100,98499,100,98968,100,98491,100,98977,100,98425,100,99073,100,,,99083,100,,,99197,200,,
2019-06-28 09:57:00.000000000,98768,284,98761,284,98798,284,98548,284,98832,100,98544,100,98940,100,98542,100,98960,100,98499,100,98968,100,98491,100,98977,100,98425,100,99073,100,,,99083,100,,,99197,200,,
2019-06-28 09:57:10.000000000,98768,192,98761,192,98798,192,98548,192,98832,192,98544,192,98940,192,98542,192,98960,100,98499,100,98968,100,98491,100,98977,100,98425,100,99073,100,,,99083,100,,,99197,200,,
2019-06-28 09:57:20.000000000,98768,468,98761,468,98798,100,98548,100,98832,100,98544,100,98940,100,98542,100,98960,100,98499,100,98968,100,98491,100,98977,100,98425,100,99073,100,,,99083,100,,,99197,200,,
2019-06-28 09:57:26.722362137,98768,468,98761,468,98798,100,98548,100,98832,100,98544,100,98940,100,98542,100,98960,100,98499,100,98968,100,98491,100,98977,100,98425,100,99073,100,,,99083,100,,,99197,200,,
2019-06-28 09:57:30.000000000,98768,192,98761,192,98798,192,98548,192,98832,192,98544,192,98940,192,98542,192,98960,100,98499,100,98968,100,98491,100,98977,100,98425,100,99073,100,,,99083,100,,,99197,200,,
2019-06-28 09:57:40.000000000,98768,284,98761,284,98798,284,98548,284,98832,100,98544,100,98940,100,98542,100,98960,100,98499,100,98968,100,98491,100,98977,100,98425,100,99073,100,,,99083,100,,,99197,200,,
2019-06-28 09:57:50.000000000,98768,468,98761,468,98798,100,98548,100,98832,100,98544,100,98940,100,98542,100,98960,100,98499,100,98968,100,98491,100,98977,100,98425,100,99073,100,,,99083,100,,,99197,200,,
2019-06-28 09:57:50.052782387,98768,468,98761,468,98798,100,98548,100,98832,100,98544,100,98940,100,98542,100,98960,100,98499,100,98968,100,98491,100,99073,100,98425,100,99083,100,,,99197,200,,,99446,100,,
2019-06-28 09:58:00.000000000,98768,225,98761,225,98798,221,98548,221,98832,221,98544,221,98940,100,98542,100,98960,100,98499,100,98968,100,98491,100,99073,100,98425,100,99083,100,,,99197,200,,,99446,100,,
2019-06-28 09:58:10.000000000,98768,192,98761,192,98798,192,98548,192,98832,192,98544,192,98940,192,98542,192,98960,100,98499,100,98968,100,98491,100,99073,100,98425,100,99083,100,,,99197,200,,,99446,100,,
2019-06-28 09:58:14.849034322,98768,192,98761,192,98798,92,98548,192,98832,192,98544,192,98921,100,98542,192,98940,192,98499,100,98960,100,98491,100,98968,100,98425,100,99073,100,,,99083,100,,,99197,200,,
2019-06-28 09:58:20.000000000,98768,468,98761,468,98832,100,98548,100,98921,100,98544,100,98940,100,98542,100,98960,100,98499,100,98968,100,98491,100,99073,100,98425,100,99083,100,,,99197,200,,,99446,100,,
2019-06-28 09:58:24.999230320,98768,468,98761,468,98832,100,98548,100,98921,100,98544,100,98940,100,98542,100,98960,100,98499,100,98968,100,98491,100,99073,100,98425,100,99083,100,,,99197,200,,,99250,100,,
2019-06-28 09:58:25.218765940,98768,468,98761,468,98832,100,98652,100,98921,100,98548,100,98940,100,98544,100,98960,100,98542,100,98968,100,98499,100,99073,100,98491,100,99083,100,98425,100,99197,200,,,99250,100,,
2019-06-28 09:58:26.494614620,98768,368,98761,468,98832,100,98652,100,98921,100,98548,100,98940,100,98544,100,98960,100,98542,100,98968,100,98499,100,99073,100,98491,100,99083,100,98425,100,99197,200,,,99250,100,,
2019-06-28 09:58:30.000000000,98832,192,98761,192,98921,192,98652,192,98940,192,98548,192,98960,192,98544,192,98968,100,98542,100,99073,100,98499,100,99083,100,98491,100,99197,200,98425,100,99250,100,,,99446,100,,
2019-06-28 09:58:36.253904426,98832,92,98761,192,98921,192,98652,192,98940,192,98548,192,98960,192,98544,192,98968,100,98499,100,99073,100,98491,100,99083,100,98425,100,99197,200,,,99250,100,,,99446,100,,
2019-06-28 09:58:40.000000000,98921,468,98761,468,98940,100,98652,100,98960,100,98548,100,98968,100,98544,100,99073,100,98499,100,99083,100,98491,100,99197,200,98425,100,99250,100,,,99446,100,,,99562,100,,
2019-06-28 09:58:50.000000000,98921,284,98761,284,98940,284,98652,284,98960,100,98548,100,98968,100,98544,100,99073,100,98499,100,99083,100,98491,100,99197,200,98425,100,99250,100,,,99446,100,,,99562,100,,
2019-06-28 09:59:00.000000000,98921,192,98761,192,98940,192,98652,192,98960,192,98548,192,98968,192,98544,192,99073,100,98499,100,99083,100,98491,100,99197,200,98425,100,99250,100,,,99446,100,,,99562,100,,
2019-06-28 09:59:10.000000000,98921,284,98761,284,98940,284,98652,284,98960,100,98548,100,98968,100,98544,100,99073,100,98499,100,99083,100,98491,100,99197,200,98425,100,99250,100,,,99446,100,,,99562,100,,
2019-06-28 09:59:13.891336885,98921,184,98761,284,98940,284,98652,284,98960,100,98548,100,98968,100,98544,100,99073,100,98499,100,99083,100,98491,100,99197,200,98425,100,99250,100,,,99446,100,,,99562,100,,
2019-06-28 09:59:20.000000000,98940,468,98761,468,98960,100,98652,100,98968,100,98548,100,99073,100,98544,100,99083,100,98499,100,99197,200,98491,100,99250,100,98425,100,99446,100,,,99562,100,,,100020,100,,
2019-06-28 09:59:30.000000000,98940,192,98761,192,98960,192,98652,192,98968,192,98548,192,99073,192,98544,192,99083,100,98499,100,99197,200,98491,100,99250,100,98425,100,99446,100,,,99562,100,,,100020,100,,
2019-06-28 09:59:30.641215921,98940,92,98761,192,98960,192,98652,192,98968,192,98548,192,99073,192,98544,192,99083,100,98499,100,99197,200,98491,100,99250,100,98425,100,99446,100,,,99562,100,,,100020,100,,
2019-06-28 09:59:35.518876083,98960,192,98940,8,98968,192,98761,192,99073,192,98652,192,99083,100,98548,192,99197,200,98544,192,99250,100,98499,100,99446,100,98491,100,100020,100,98425,100,100027,100,,,100042,100,,
2019-06-28 09:59:40.000000000,98960,192,98940,100,98968,192,98761,192,99073,192,98652,192,99083,192,98548,192,99197,200,98544,100,99250,100,98499,100,99446,100,98491,100,100020,100,98425,100,100027,100,,,100042,100,,
2019-06-28 09:59:50.000000000,98960,192,98940,100,98968,192,98761,192,99073,192,98652,192,99083,192,98548,192,99197,200,98544,100,99250,100,98499,100,99446,100,98491,100,100020,100,98425,100,100027,100,,,100042,100,,
2019-06-28 10:00:00.000000000,98960,284,98940,192,98968,284,98761,284,99073,100,98652,100,99083,100,98548,100,99197,200,98544,100,99250,100,98499,100,99446,100,98491,100,100020,100,98425,100,100027,100,,,100042,100,,
2019-06-28 10:00:10.000000000,98960,284,98940,192,98968,284,98761,284,99073,100,98652,100,99083,100,98548,100,99197,200,98544,100,99250,100,98499,100,99446,100,98491,100,100020,100,98425,100,100027,100,,,100042,100,,
2019-06-28 10:00:20.000000000,98960,192,98940,100,98968,192,98761,192,99073,192,98652,192,99083,192,98548,192,99197,200,98544,100,99250,100,98499,100,99446,100,98491,100,100020,100,98425,100,100027,100,,,100042,100,,
2019-06-28 10:00:25.704652713,98960,92,98940,100,98968,192,98761,192,99073,192,98652,192,99083,192,98548,192,99197,200,98544,100,99250,100,98499,100,99446,100,98491,100,100020,100,98425,100,100027,100,,,100042,100,,
2019-06-28 10:00:30.000000000,98968,284,98940,192,99073,284,98761,284,99083,100,98652,100,99197,200,98548,100,99250,100,98544,100,99446,100,98499,100,100020,100,98491,100,100027,100,98425,100,100042,100,,,100081,200,,
2019-06-28 10:00:40.000000000,98968,225,98940,133,99073,221,98761,221,99083,221,98652,221,99197,200,98548,100,99250,100,98544,100,99446,100,98499,100,100020,100,98491,100,100027,100,98425,100,100042,100,,,100081,200,,
2019-06-28 10:00:50.000000000,98968,174,98940,82,99073,174,98761,174,99083,174,98652,174,99197,274,98548,174,99250,174,98544,174,99446,100,98499,100,100020,100,98491,100,100027,100,98425,100,100042,100,,,100081,200,,
2019-06-28 10:00:50.199029795,98968,74,98940,82,99073,174,98761,174,99083,174,98652,174,99197,274,98548,174,99250,174,98544,174,100020,100,98499,100,100027,100,98491,100,100042,100,98425,100,100081,200,,,,,,
2019-06-28 10:01:00.000000000,99073,284,98940,192,99083,284,98761,284,99197,200,98652,100,99250,100,98548,100,100020,100,98544,100,100027,100,98499,100,100042,100,98491,100,100081,200,98425,100,,,,,,,,
2019-06-28 10:01:08.788462897,99073,284,98940,192,99083,284,98761,284,99197,200,98548,100,99250,100,98544,100,100020,100,98499,100,100027,100,98491,100,100042,100,98425,100,100081,200,,,,,,,,,,
2019-06-28 10:01:10.000000000,99073,192,98940,100,99083,192,98761,192,99197,292,98548,192,99250,192,98544,192,100020,100,98499,100,100027,100,98491,100,100042,100,98425,100,100081,200,,,,,,,,,,
2019-06-28 10:01:11.517845028,99073,192,98960,100,99083,192,98940,100,99197,292,98761,192,99250,192,98548,192,100020,100,98544,192,100027,100,98499,100,100042,100,98491,100,100081,200,98425,100,,,,,,,,
2019-06-28 10:01:20.000000000,99073,284,98960,284,99083,284,98940,192,99197,200,98761,100,99250,100,98548,100,100020,100,98544,100,100027,100,98499,100,100042,100,98491,100,100081,200,98425,100,,,,,,,,
2019-06-28 10:01:30.000000000,99073,284,98960,284,99083,284,98940,192,99197,200,98761,100,99250,100,98548,100,100020,100,98544,100,100027,100,98499,100,100042,100,98491,100,100081,200,98425,100,,,,,,,,
2019-06-28 10:01:40.000000000,99073,192,98960,192,99083,192,98940,100,99197,292,98761,192,99250,192,98548,192,100020,100,98544,100,100027,100,98499,100,100042,100,98491,100,100081,200,98425,100,,,,,,,,
2019-06-28 10:01:50.000000000,99073,192,98960,192,99083,192,98940,100,99197,292,98761,192,99250,192,98548,192,100020,100,98544,100,100027,100,98499,100,100042,100,98491,100,100081,200,98425,100,,,,,,,,
2019-06-28 10:02:00.000000000,99073,174,98960,174,99083,174,98940,82,99197,274,98761,174,99250,174,98548,174,100020,174,98544,174,100027,100,98499,100,100042,100,98491,100,100081,200,98425,100,,,,,,,,
2019-06-28 10:02:10.000000000,99073,468,98960,468,99083,100,98940,8,99197,200,98761,100,99250,100,98548,100,100020,100,98544,100,100027,100,98499,100,100042,100,98491,100,100081,200,98425,100,,,,,,,,
2019-06-28 10:02:20.000000000,99073,225,98960,225,99083,221,98940,129,99197,321,98761,221,99250,100,98548,100,100020,100,98544,100,100027,100,98499,100,100042,100,98491,100,100081,200,98425,100,,,,,,,,
2019-06-28 10:02:30.000000000,99073,284,98960,284,99083,284,98940,192,99197,200,98761,100,99250,100,98548,100,100020,100,98544,100,100027,100,98499,100,100042,100,98491,100,100081,200,98425,100,,,,,,,,
2019-06-28 10:02:33.368181763,99073,284,98960,384,99083,284,98940,192,99197,200,98761,100,99250,100,98548,100,100020,100,98544,100,100027,100,98499,100,100042,100,98491,100,100081,200,98425,100,,,,,,,,
2019-06-28 10:02:40.000000000,99073,192,98960,292,99083,192,98940,100,99197,292,98761,192,99250,192,98548,192,100020,100,98544,100,100027,100,98499,100,100042,100,98491,100,100081,200,98425,100,,,,,,,,
2019-06-28 10:02:50.000000000,99073,225,98960,325,99083,221,98940,129,99197,321,98761,221,99250,100,98548,100,100020,100,98544,100,100027,100,98499,100,100042,100,98491,100,100081,200,98425,100,,,,,,,,
2019-06-28 10:03:00.000000000,99073,192,98960,292,99083,192,98940,100,99197,292,98761,192,99250,192,98548,192,100020,100,98544,100,100027,100,98499,100,100042,100,98491,100,100081,200,98425,100,,,,,,,,
2019-06-28 10:03:06.892308122,99073,92,98960,292,99083,192,98940,100,99197,292,98761,192,99250,192,98548,192,100020,100,98544,100,100027,100,98499,100,100042,100,98491,100,100081,200,98425,100,,,,,,,,
2019-06-28 10:03:10.000000000,99083,284,98960,384,99197,384,98940,192,99250,100,98761,100,100020,100,98548,100,100027,100,98544,100,100042,100,98499,100,100081,200,98491,100,,,98425,100,,,,,,,,
2019-06-28 10:03:17.924901300,99083,284,98968,100,99197,384,98960,384,99250,100,98940,192,100020,100,98761,100,100027,100,98548,100,100042,100,98544,100,100081,200,98499,100,,,98491,100,,,98425,100,,,,
2019-06-28 10:03:20.000000000,99083,174,98968,174,99197,274,98960,274,99250,174,98940,82,100020,174,98761,174,100027,174,98548,174,100042,100,98544,100,100081,200,98499,100,,,98491,100,,,98425,100,,,,
2019-06-28 10:03:21.518988099,99083,74,98968,174,99197,274,98960,274,99250,174,98940,82,100020,174,98761,174,100027,174,98548,174,100042,100,98544,100,100081,200,98499,100,,,98491,100,,,98425,100,,,,
2019-06-28 10:03:26.448952590,99083,74,98968,174,99197,274,98960,274,99250,174,98940,82,100020,174,98761,174,100027,174,98548,174,100042,100,98544,100,100081,200,98499,100,100394,100,98491,100,,,98425,100,,,,
2019-06-28 10:03:26.524569699,99083,74,99073,100,99197,274,98968,174,99250,174,98960,274,100020,174,98940,82,100027,174,98761,174,100042,100,98548,174,100081,200,98544,100,100394,100,98499,100,,,98491,100,,,98425,100
2019-06-28 10:03:30.000000000,99197,292,99073,192,99250,192,98968,192,100020,192,98960,292,100027,192,98940,100,100042,100,98761,100,100081,200,98548,100,100394,100,98544,100,,,98499,100,,,98491,100,,,98425,100
2019-06-28 10:03:37.565700964,99197,292,99073,192,99250,192,98968,192,100020,192,98960,292,100027,192,98940,100,100042,100,98761,100,100081,200,98548,100,100394,100,98544,100,100602,100,98499,100,,,98491,100,,,98425,100
2019-06-28 10:03:40.000000000,99197,292,99073,192,99250,192,98968,192,100020,192,98960,292,100027,192,98940,100,100042,100,98761,100,100081,200,98548,100,100394,100,98544,100,100602,100,98499,100,,,98491,100,,,98425,100
2019-06-28 10:03:45.681636237,99197,292,99073,292,99250,192,98968,192,100020,192,98960,292,100027,192,98940,100,100042,100,98761,100,100081,200,98548,100,100394,100,98544,100,100602,100,98499,100,,,98491,100,,,98425,100
2019-06-28 10:03:50.000000000,99197,384,99073,384,99250,284,98968,284,100020,100,98960,200,100027,100,98940,8,100042,100,98761,100,100081,200,98548,100,100394,100,98544,100,100602,100,98499,100,,,98491,100,,,98425,100
2019-06-28 10:03:55.966457801,99197,384,99073,384,99250,284,98968,284,100020,100,98960,200,100027,100,98940,8,100042,100,98761,100,100081,200,98548,100,100304,100,98544,100,100394,100,98499,100,100602,100,98491,100,,,98425,100
2019-06-28 10:04:00.000000000,99197,568,99073,568,99250,100,98968,100,100020,100,98960,200,100027,100,98940,8,100042,100,98761,100,100081,200,98548,100,100304,100,98544,100,100394,100,98499,100,100602,100,98491,100,,,98425,100
2019-06-28 10:04:01.155690139,99197,468,99073,568,99250,100,98968,100,100020,100,98960,200,100027,100,98940,8,100042,100,98761,100,100081,200,98548,100,100304,100,98544,100,100394,100,98499,100,100602,100,98491,100,,,98425,100
2019-06-28 10:04:10.000000000,99197,468,99073,568,99250,100,98968,100,100020,100,98960,200,100027,100,98940,8,100042,100,98761,100,100081,200,98548,100,100304,100,98544,100,100394,100,98499,100,100602,100,98491,100,,,98425,100
2019-06-28 10:04:20.000000000,99197,174,99073,274,99250,174,98968,174,100020,174,98960,274,100027,174,98940,82,100042,174,98761,174,100081,200,98548,100,100304,100,98544,100,100394,100,98499,100,100602,100,98491,100,,,98425,100
2019-06-28 10:04:30.000000000,99197,284,99073,384,99250,284,98968,284,100020,100,98960,200,100027,100,98940,8,100042,100,98761,100,100081,200,98548,100,100304,100,98544,100,100394,100,98499,100,100602,100,98491,100,,,98425,100
2019-06-28 10:04:40.000000000,99197,174,99073,274,99250,174,98968,174,100020,174,98960,274,100027,174,98940,82,100042,174,98761,174,100081,200,98548,100,100304,100,98544,100,100394,100,98499,100,100602,100,98491,100,,,98425,100
2019-06-28 10:04:50.000000000,99197,192,99073,292,99250,192,98968,192,100020,192,98960,292,100027,192,98940,100,100042,100,98761,100,100081,200,98548,100,100304,100,98544,100,100394,100,98499,100,100602,100,98491,100,,,98425,100
2019-06-28 10:04:51.955372954,99197,192,99073,292,99250,192,98968,192,100020,192,98960,292,100027,192,98940,100,100042,100,98761,100,100081,200,98548,100,100304,100,98544,100,100394,100,98499,100,100602,100,98491,100,100909,100,98425,100
2019-06-28 10:05:00.000000000,99197,468,99073,568,99250,100,98968,100,100020,100,98960,200,100027,100,98940,8,100042,100,98761,100,100081,200,98548,100,100304,100,98544,100,100394,100,98499,100,100602,100,98491,100,100909,100,98425,100
2019-06-28 10:05:10.000000000,99197,174,99073,274,99250,174,98968,174,100020,174,98960,274,100027,174,98940,82,100042,174,98761,174,100081,200,98548,100,100304,100,98544,100,100394,100,98499,100,100602,100,98491,100,100909,100,98425,100
2019-06-28 10:05:11.422800916,99197,74,99073,274,99250,174,98968,174,100020,174,98960,274,100027,174,98940,82,100042,174,98761,174,100081,200,98548,100,100304,100,98544,100,100394,100,98499,100,100602,100,98491,100,100909,100,98425,100
2019-06-28 10:05:20.000000000,99250,468,99073,568,100020,100,98968,100,100027,100,98960,200,100042,100,98940,8,100081,200,98761,100,100304,100,98548,100,100394,100,98544,100,100602,100,98499,100,100909,100,98491,100,,,98425,100
2019-06-28 10:05:30.000000000,99250,225,99073,325,100020,221,98968,221,100027,221,98960,321,100042,100,98940,8,100081,200,98761,100,100304,100,98548,100,100394,100,98544,100,100602,100,98499,100,100909,100,98491,100,,,98425,100
2019-06-28 10:05:36.136315051,99250,125,99073,325,100020,221,98968,221,100027,221,98960,321,100042,100,98940,8,100081,200,98761,100,100304,100,98548,100,100394,100,98544,100,100602,100,98499,100,100909,100,98491,100,,,98425,100
2019-06-28 10:05:36.480128191,99250,25,99073,325,100020,221,98968,221,100027,221,98960,321,100042,100,98940,8,100081,200,98761,100,100304,100,98548,100,100394,100,98544,100,100909,100,98499,100,,,98491,100,,,98425,100
2019-06-28 10:05:40.000000000,100020,284,99073,384,100027,284,98968,284,100042,100,98960,200,100081,200,98940,8,100304,100,98761,100,100394,100,98548,100,100909,100,98544,100,,,98499,100,,,98491,100,,,98425,100
2019-06-28 10:05:44.642515343,100020,184,99073,384,100027,284,98968,284,100042,100,98960,200,100081,200,98940,8,100304,100,98761,100,100394,100,98548,100,100909,100,98544,100,,,98499,100,,,98491,100,,,98425,100
2019-06-28 10:05:46.016417200,100020,184,99864,100,100027,284,99073,384,100042,100,98968,284,100081,200,98960,200,100304,100,98940,8,100394,100,98761,100,100909,100,98548,100,,,98544,100,,,98499,100,,,98491,100
2019-06-28 10:05:50.000000000,100027,174,99864,174,100042,174,99073,274,100081,274,98968,174,100304,174,98960,274,100394,174,98940,82,100909,100,98761,100,,,98548,100,,,98544,100,,,98499,100,,,98491,100
2019-06-28 10:06:00.000000000,100027,225,99864,225,100042,221,99073,321,100081,321,98968,221,100304,100,98960,200,100394,100,98940,8,100909,100,98761,100,,,98548,100,,,98544,100,,,98499,100,,,98491,100
2019-06-28 10:06:02.037939011,100027,125,99864,225,100042,221,99073,321,100081,321,98968,221,100304,100,98960,200,100394,100,98940,8,100909,100,98761,100,,,98548,100,,,98544,100,,,98499,100,,,98491,100
2019-06-28 10:06:04.433960490,100027,125,99864,225,100042,221,99073,321,100081,321,98968,221,100304,100,98960,200,100394,100,98940,8,100408,100,98761,100,100909,100,98548,100,,,98544,100,,,98499,100,,,98491,100
2019-06-28 10:06:10.000000000,100042,468,99864,468,100081,200,99073,200,100304,100,98968,100,100394,100,98960,200,100408,100,98940,8,100909,100,98761,100,,,98548,100,,,98544,100,,,98499,100,,,98491,100
2019-06-28 10:06:13.263423937,100042,368,99864,468,100081,200,99073,200,100304,100,98968,100,100394,100,98960,200,100408,100,98940,8,100909,100,98761,100,,,98548,100,,,98544,100,,,98499,100,,,98491,100
2019-06-28 10:06:20.000000000,100081,568,99864,468,100304,100,99073,200,100394,100,98968,100,100408,100,98960,200,100909,100,98940,8,,,98761,100,,,98548,100,,,98544,100,,,98499,100,,,98491,100
2019-06-28 10:06:30.000000000,100081,274,99864,174,100304,174,99073,274,100394,174,98968,174,100408,174,98960,274,100909,174,98940,82,,,98761,100,,,98548,100,,,98544,100,,,98499,100,,,98491,100
2019-06-28 10:06:40.000000000,100081,292,99864,192,100304,192,99073,292,100394,192,98968,192,100408,192,98960,292,100909,100,98940,8,,,98761,100,,,98548,100,,,98544,100,,,98499,100,,,98491,100
2019-06-28 10:06:44.955496519,100081,192,99864,192,100304,192,99073,292,100384,100,98968,192,100394,192,98960,292,100408,192,98940,8,100909,100,98761,100,,,98548,100,,,98544,100,,,98499,100,,,98491,100
2019-06-28 10:06:50.000000000,100081,174,99864,174,100304,174,99073,274,100384,174,98968,174,100394,174,98960,274,100408,174,98940,82,100909,100,98761,100,,,98548,100,,,98544,100,,,98499,100,,,98491,100
2019-06-28 10:06:59.322419321,100081,174,99864,174,100304,174,99073,274,100384,174,98968,174,100394,174,98960,274,100408,174,98940,82,100504,100,98761,100,100909,100,98548,100,,,98544,100,,,98499,100,,,98491,100
2019-06-28 10:07:00.000000000,100081,174,99864,174,100304,174,99073,274,100384,174,98968,174,100394,174,98960,274,100408,174,98940,82,100504,100,98761,100,100909,100,98548,100,,,98544,100,,,98499,100,,,98491,100
2019-06-28 10:07:10.000000000,100081,284,99864,284,100304,284,99073,384,100384,100,98968,100,100394,100,98960,200,100408,100,98940,8,100504,100,98761,100,100909,100,98548,100,,,98544,100,,,98499,100,,,98491,100
2019-06-28 10:07:20.000000000,100081,225,99864,225,100304,221,99073,321,100384,221,98968,221,100394,100,98960,200,100408,100,98940,8,100504,100,98761,100,100909,100,98548,100,,,98544,100,,,98499,100,,,98491,100
2019-06-28 10:07:30.000000000,100081,174,99864,174,100304,174,99073,274,100384,174,98968,174,100394,174,98960,274,100408,174,98940,82,100504,100,98761,100,100909,100,98548,100,,,98544,100,,,98499,100,,,98491,100
2019-06-28 10:07:34.620535536,100081,174,99864,174,100304,174,99073,174,100384,174,98968,174,100394,174,98960,274,100408,174,98940,82,100504,100,98761,100,100909,100,98548,100,,,98544,100,,,98499,100,,,98491,100
2019-06-28 10:07:38.477604919,100081,174,99864,174,100153,100,99073,174,100304,174,98968,174,100384,174,98960,274,100394,174,98940,82,100408,174,98761,100,100504,100,98548,100,100909,100,98544,100,,,98499,100,,,98491,100
2019-06-28 10:07:40.000000000,100081,468,99864,468,100153,100,99073,100,100304,100,98968,100,100384,100,98960,200,100394,100,98940,8,100408,100,98761,100,100504,100,98548,100,100909,100,98544,100,,,98499,100,,,98491,100
2019-06-28 10:07:50.000000000,100081,192,99864,192,100153,192,99073,192,100304,192,98968,192,100384,192,98960,292,100394,100,98940,8,100408,100,98761,100,100504,100,98548,100,100909,100,98544,100,,,98499,100,,,98491,100
2019-06-28 10:08:00.000000000,100081,225,99864,225,100153,221,99073,221,100304,221,98968,221,100384,100,98960,200,100394,100,98940,8,100408,100,98761,100,100504,100,98548,100,100909,100,98544,100,,,98499,100,,,98491,100
2019-06-28 10:08:06.086743613,100081,225,99995,100,100153,221,99864,225,100304,221,99073,221,100384,100,98968,221,100394,100,98960,200,100408,100,98940,8,100504,100,98761,100,100909,100,98548,100,,,98544,100,,,98499,100
2019-06-28 10:08:10.000000000,100081,284,99995,284,100153,284,99864,284,100304,100,99073,100,100384,100,98968,100,100394,100,98960,200,100408,100,98940,8,100504,100,98761,100,100909,100,98548,100,,,98544,100,,,98499,100
2019-06-28 10:08:20.000000000,100081,468,99995,468,100153,100,99864,100,100304,100,99073,100,100384,100,98968,100,100394,100,98960,200,100408,100,98940,8,100504,100,98761,100,100909,100,98548,100,,,98544,100,,,98499,100
2019-06-28 10:08:30.000000000,100081,225,99995,225,100153,221,99864,221,100304,221,99073,221,100384,100,98968,100,100394,100,98960,200,100408,100,98940,8,100504,100,98761,100,100909,100,98548,100,,,98544,100,,,98499,100
2019-06-28 10:08:40.000000000,100081,174,99995,174,100153,174,99864,174,100304,174,99073,174,100384,174,98968,174,100394,174,98960,274,100408,100,98940,8,100504,100,98761,100,100909,100,98548,100,,,98544,100,,,98499,100
2019-06-28 10:08:50.000000000,100081,225,99995,225,100153,221,99864,221,100304,221,99073,221,100384,100,98968,100,100394,100,98960,200,100408,100,98940,8,100504,100,98761,100,100909,100,98548,100,,,98544,100,,,98499,100
2019-06-28 10:09:00.000000000,100081,284,99995,284,100153,284,99864,284,100304,100,99073,100,100384,100,98968,100,100394,100,98960,200,100408,100,98940,8,100504,100,98761,100,100909,100,98548,100,,,98544,100,,,98499,100
2019-06-28 10:09:10.000000000,100081,468,99995,468,100153,100,99864,100,100304,100,99073,100,100384,100,98968,100,100394,100,98960,200,100408,100,98940,8,100504,100,98761,100,100909,100,98548,100,,,98544,100,,,98499,100
2019-06-28 10:09:20.000000000,100081,468,99995,468,100153,100,99864,100,100304,100,99073,100,100384,100,98968,100,100394,100,98960,200,100408,100,98940,8,100504,100,98761,100,100909,100,98548,100,,,98544,100,,,98499,100
2019-06-28 10:09:24.821088074,100081,368,99995,468,100153,100,99864,100,100304,100,99073,100,100384,100,98968,100,100394,100,98960,200,100408,100,98940,8,100909,100,98761,100,,,98548,100,,,98544,100,,,98499,100
2019-06-28 10:09:30.000000000,100153,468,99995,468,100304,100,99864,100,100384,100,99073,100,100394,100,98968,100,100408,100,98960,200,100909,100,98940,8,,,98761,100,,,98548,100,,,98544,100,,,98499,100
2019-06-28 10:09:38.721969456,100153,468,100042,100,100304,100,99995,468,100384,100,99864,100,100394,100,99073,100,100408,100,98968,100,100909,100,98960,200,,,98940,8,,,98761,100,,,98548,100,,,98544,100
2019-06-28 10:09:40.000000000,100153,225,100042,225,100304,221,99995,221,100384,221,99864,221,100394,100,99073,100,100408,100,98968,100,100909,100,98960,200,,,98940,8,,,98761,100,,,98548,100,,,98544,100
2019-06-28 10:09:48.884895419,100153,225,100042,225,100304,221,99995,221,100384,221,99864,221,100394,100,99073,100,100408,100,98968,100,100460,100,98960,200,100909,100,98940,8,,,98761,100,,,98548,100,,,98499,100
2019-06-28 10:09:49.194868891,100153,125,100042,225,100304,221,99995,221,100384,221,99864,221,100394,100,99073,100,100408,100,98968,100,100460,100,98960,200,100909,100,98940,8,,,98761,100,,,98548,100,,,98499,100
2019-06-28 10:09:50.000000000,100304,174,100042,174,100384,174,99995,174,100394,174,99864,174,100408,174,99073,174,100460,174,98968,174,100909,100,98960,200,,,98940,8,,,98761,100,,,98548,100,,,98499,100
2019-06-28 10:10:00.000000000,100304,225,100042,225,100384,221,99995,221,100394,221,99864,221,100408,100,99073,100,100460,100,98968,100,100909,100,98960,200,,,98940,8,,,98761,100,,,98548,100,,,98499,100
2019-06-28 10:10:07.729092166,100304,125,100042,225,100384,221,99995,221,100394,221,99864,221,100408,100,99073,100,100460,100,98968,100,100909,100,98960,200,,,98940,8,,,98761,100,,,98548,100,,,98499,100
2019-06-28 10:10:10.000000000,100384,225,100042,225,100394,221,99995,221,100408,221,99864,221,100460,100,99073,100,100909,100,98968,100,,,98960,200,,,98940,8,,,98761,100,,,98548,100,,,98499,100
2019-06-28 10:10:16.986151865,100384,125,100042,225,100394,221,99995,221,100408,221,99864,221,100460,100,99073,100,100909,100,98968,100,,,98960,200,,,98940,8,,,98761,100,,,98548,100,,,98499,100
2019-06-28 10:10:20.000000000,100394,192,100042,192,100408,192,99995,192,100460,192,99864,192,100909,192,99073,192,,,98968,100,,,98960,200,,,98940,8,,,98761,100,,,98548,100,,,98499,100
2019-06-28 10:10:22.557509624,100394,192,100304,100,100408,192,100042,192,100460,192,99995,192,100909,192,99864,192,,,99073,192,,,98968,100,,,98960,200,,,98940,8,,,98761,100,,,98548,100
2019-06-28 10:10:30.000000000,100394,174,100304,174,100408,174,100042,174,100460,174,99995,174,100909,174,99864,174,100910,74,99073,174,,,98968,100,,,98960,200,,,98940,8,,,98761,100,,,98548,100
2019-06-28 10:10:40.000000000,100394,468,100304,468,100408,100,100042,100,100460,100,99995,100,100909,100,99864,100,,,99073,100,,,98968,100,,,98960,200,,,98940,8,,,98761,100,,,98548,100
2019-06-28 10:10:50.000000000,100394,174,100304,174,100408,174,100042,174,100460,174,99995,174,100909,174,99864,174,100910,74,99073,174,,,98968,100,,,98960,200,,,98940,8,,,98761,100,,,98548,100
2019-06-28 10:11:00.000000000,100394,225,100304,225,100408,221,100042,221,100460,221,99995,221,100909,100,99864,100,,,99073,100,,,98968,100,,,98960,200,,,98940,8,,,98761,100,,,98548,100
2019-06-28 10:11:10.000000000,100394,174,100304,174,100408,174,100042,174,100460,174,99995,174,100909,174,99864,174,100910,74,99073,174,,,98968,100,,,98960,200,,,98940,8,,,98761,100,,,98548,100
2019-06-28 10:11:13.695655783,100394,174,100304,74,100408,174,100042,174,100460,174,99995,174,100909,174,99864,174,100910,74,99073,174,,,98968,100,,,98960,200,,,98940,8,,,98761,100,,,98548,100
2019-06-28 10:11:18.735913429,100304,26,100042,174,100394,174,99995,174,100408,174,99864,174,100460,174,99073,174,100909,174,98968,100,100910,74,98960,200,,,98940,8,,,98761,100,,,98548,100,,,98499,100
2019-06-28 10:11:20.000000000,100304,118,100042,192,100394,192,99995,192,100408,192,99864,192,100460,192,99073,192,100909,100,98968,100,,,98960,200,,,98940,8,,,98761,100,,,98548,100,,,98499,100
2019-06-28 10:11:30.000000000,100304,394,100042,468,100394,100,99995,100,100408,100,99864,100,100460,100,99073,100,100909,100,98968,100,,,98960,200,,,98940,8,,,98761,100,,,98548,100,,,98499,100
2019-06-28 10:11:31.022223627,100257,100,100042,468,100304,394,99995,100,100394,100,99864,100,100408,100,99073,100,100460,100,98968,100,100909,100,98960,200,,,98940,8,,,98761,100,,,98548,100,,,98499,100
2019-06-28 10:11:39.836856595,100257,100,100042,468,100304,494,99995,100,100394,100,99864,100,100408,100,99073,100,100460,100,98968,100,100909,100,98960,200,,,98940,8,,,98761,100,,,98548,100,,,98499,100
2019-06-28 10:11:40.000000000,100257,468,100042,468,100304,126,99995,100,100394,100,99864,100,100408,100,99073,100,100460,100,98968,100,100909,100,98960,200,,,98940,8,,,98761,100,,,98548,100,,,98499,100
2019-06-28 10:11:45.296827879,100257,468,100042,468,100304,126,100026,100,100394,100,99995,100,100408,100,99864,100,100460,100,99073,100,100909,100,98968,100,,,98960,200,,,98940,8,,,98761,100,,,98548,100
2019-06-28 10:11:46.041498168,100257,468,100042,468,100304,226,100026,100,100394,100,99995,100,100408,100,99864,100,100460,100,99073,100,100909,100,98968,100,,,98960,200,,,98940,8,,,98761,100,,,98548,100
