,ask_price_1,ask_size_1,bid_price_1,bid_size_1,ask_price_2,ask_size_2,bid_price_2,bid_size_2,ask_price_3,ask_size_3,bid_price_3,bid_size_3,ask_price_4,ask_size_4,bid_price_4,bid_size_4,ask_price_5,ask_size_5,bid_price_5,bid_size_5,ask_price_6,ask_size_6,bid_price_6,bid_size_6,ask_price_7,ask_size_7,bid_price_7,bid_size_7,ask_price_8,ask_size_8,bid_price_8,bid_size_8,ask_price_9,ask_size_9,bid_price_9,bid_size_9,ask_price_10,ask_size_10,bid_price_10,bid_size_10
2019-06-28 09:30:00.000000000,100055,100,,,,,,,,,,,,,,,,,,,,,,,,,,,,,,,,,,,,,,
2019-06-28 09:30:00.000000002,99998,100,,,100055,100,,,,,,,,,,,,,,,,,,,,,,,,,,,,,,,,,,
2019-06-28 09:30:00.000000003,99998,100,99964,100,100055,100,,,,,,,,,,,,,,,,,,,,,,,,,,,,,,,,,,
2019-06-28 09:30:00.000000004,99992,100,99964,100,99998,100,,,100055,100,,,100116,100,,,,,,,,,,,,,,,,,,,,,,,,,,
2019-06-28 09:30:00.000000008,99992,100,,,99998,100,,,100055,100,,,100116,100,,,,,,,,,,,,,,,,,,,,,,,,,,
2019-06-28 09:30:00.000000009,99992,100,,,99998,100,,,100055,100,,,100076,100,,,100116,100,,,,,,,,,,,,,,,,,,,,,,
2019-06-28 09:30:00.000000014,99992,100,99929,100,99998,100,,,100055,100,,,100076,100,,,100116,100,,,,,,,,,,,,,,,,,,,,,,
2019-06-28 09:30:00.000000016,99992,100,99929,100,99998,100,99890,100,100055,100,99888,100,100076,100,,,100116,100,,,,,,,,,,,,,,,,,,,,,,
2019-06-28 09:30:00.000000017,99992,100,99929,100,99998,100,99890,100,100055,100,99888,100,100076,100,,,100116,100,,,100164,100,,,,,,,,,,,,,,,,,,
2019-06-28 09:30:00.000000018,99992,100,99929,100,99998,100,99890,100,100055,100,99888,100,100076,100,,,100116,100,,,100164,100,,,100172,100,,,,,,,,,,,,,,
2019-06-28 09:30:00.000000022,99992,100,99890,100,99998,100,99888,100,100055,100,,,100076,100,,,100116,100,,,100164,100,,,100172,100,,,,,,,,,,,,,,
2019-06-28 09:30:00.000000023,99992,100,99890,100,99998,100,99888,100,100055,100,99838,100,100076,100,,,100116,100,,,100164,100,,,100172,100,,,,,,,,,,,,,,
2019-06-28 09:30:00.000000024,99992,100,99890,100,99998,100,99888,100,100055,100,99871,100,100076,100,99838,100,100116,100,,,100164,100,,,100172,100,,,,,,,,,,,,,,
2019-06-28 09:30:00.000000029,99992,100,99929,200,99998,100,99897,100,100055,100,99890,100,100076,100,99888,100,100116,100,99886,100,100164,100,99871,100,100172,100,99838,100,,,,,,,,,,,,
2019-06-28 09:30:00.000000030,99992,100,99929,200,99998,100,99897,100,100055,100,99890,100,100076,100,99889,100,100091,100,99888,100,100116,100,99886,100,100164,100,99871,100,100172,100,99838,100,,,,,,,,
2019-06-28 09:30:00.000000031,99992,100,99929,300,99998,100,99897,100,100055,100,99890,100,100076,100,99889,100,100091,100,99888,100,100116,100,99886,100,100164,100,99871,100,100172,100,99838,100,,,,,,,,
2019-06-28 09:30:00.000000032,99992,100,99929,300,99998,100,99897,100,100055,100,99890,100,100076,100,99889,100,100091,100,99888,100,100116,100,99886,100,100164,100,99871,100,100172,100,99838,100,,,,,,,,
2019-06-28 09:30:00.000000039,99998,100,99929,300,100055,100,99897,100,100076,100,99890,100,100091,100,99889,100,100116,100,99888,100,100164,100,99886,100,100172,100,99871,100,,,99838,100,,,,,,,,
2019-06-28 09:30:00.000000040,100055,100,99929,300,100076,100,99897,100,100091,100,99890,100,100116,100,99889,100,100164,100,99888,100,100172,100,99886,100,,,99871,100,,,99838,100,,,,,,,,
2019-06-28 09:30:00.000000044,100055,100,99992,100,100076,100,99929,300,100091,100,99897,100,100106,100,99890,100,100116,100,99889,100,100164,100,99888,100,100172,100,99886,100,,,99871,100,,,99838,100,,,,
2019-06-28 09:30:00.000000048,100055,100,99992,100,100076,100,99929,300,100091,100,99897,100,100106,100,99890,100,100116,100,99889,100,100124,100,99888,100,100164,100,99886,100,100172,100,99871,100,,,99838,100,,,,
2019-06-28 09:30:00.000000053,100055,100,99992,100,100076,100,99966,100,100091,100,99929,300,100106,100,99897,100,100116,100,99890,100,100124,100,99889,100,100164,100,99888,100,100172,100,99886,100,,,99871,100,,,99838,100
2019-06-28 09:30:00.000000056,99998,100,99992,100,100055,100,99966,100,100076,100,99929,300,100091,100,99897,100,100106,100,99890,100,100116,100,99889,100,100124,100,99888,100,100164,100,99886,100,100172,100,99871,100,,,99838,100
2019-06-28 09:30:00.000000060,99998,100,99992,100,100055,100,99986,100,100076,100,99966,100,100091,100,99929,300,100106,100,99897,100,100116,100,99890,100,100124,100,99889,100,100164,100,99888,100,100172,100,99886,100,,,99871,100
2019-06-28 09:30:00.000000062,99998,100,99992,100,100055,100,99986,100,100076,100,99966,100,100091,100,99929,300,100106,100,99897,100,100116,100,99890,100,100124,100,99889,100,100164,100,99888,100,100172,100,99886,100,,,99874,100
2019-06-28 09:30:00.000000064,99998,100,99992,100,100055,100,99986,100,100076,100,99966,100,100091,100,99929,300,100106,100,99925,100,100116,100,99897,100,100124,100,99890,100,100164,100,99889,100,100172,100,99888,100,,,99886,100
2019-06-28 09:30:00.000000066,99998,100,99992,200,100055,100,99986,100,100073,100,99966,100,100076,100,99929,300,100091,100,99925,100,100106,100,99897,100,100116,100,99890,100,100124,100,99889,100,100164,100,99888,100,100172,100,99886,100
2019-06-28 09:30:00.000000072,99998,100,99992,200,100013,100,99986,100,100055,100,99966,100,100073,100,99929,300,100076,100,99925,100,100091,100,99897,100,100106,100,99890,100,100116,100,99889,100,100124,100,99888,100,100164,100,99886,100
2019-06-28 09:30:00.000000073,99998,100,99992,200,100013,100,99986,100,100055,100,99966,100,100073,100,99929,300,100076,100,99925,100,100091,100,99897,100,100106,100,99890,100,100116,100,99889,100,100124,100,99888,100,100164,100,99886,100
2019-06-28 09:30:00.000000076,99998,100,99992,200,100013,100,99986,100,100055,100,99966,100,100073,100,99929,300,100076,100,99925,100,100091,100,99908,100,100106,100,99897,100,100116,100,99890,100,100124,100,99889,100,100164,100,99888,100
2019-06-28 09:30:00.000000077,99998,100,99992,200,100013,100,99986,100,100055,100,99966,100,100073,100,99929,300,100076,100,99925,100,100091,100,99908,100,100106,100,99897,100,100116,100,99890,100,100117,100,99889,100,100124,100,99888,100
2019-06-28 09:30:00.000000078,99998,100,99992,200,100013,100,99986,100,100055,100,99966,100,100073,100,99929,300,100076,100,99925,100,100091,100,99908,100,100106,100,99897,100,100116,100,99890,100,100117,100,99889,100,100124,100,99888,100
2019-06-28 09:30:00.000000081,99998,100,99992,200,100013,100,99986,100,100048,100,99966,100,100055,100,99929,300,100073,100,99925,100,100076,100,99908,100,100091,100,99897,100,100106,100,99890,100,100116,100,99889,100,100117,100,99888,100
2019-06-28 09:30:00.000000082,99998,100,99997,100,100013,100,99992,200,100048,100,99986,100,100055,100,99966,100,100073,100,99929,300,100076,100,99925,100,100091,100,99908,100,100106,100,99897,100,100116,100,99890,100,100117,100,99889,100
2019-06-28 09:30:00.000000085,99998,100,99997,100,100013,100,99992,200,100048,100,99986,100,100055,100,99966,100,100073,100,99955,100,100076,100,99929,300,100091,100,99925,100,100106,100,99908,100,100116,100,99897,100,100117,100,99890,100
2019-06-28 09:30:00.000000086,99998,100,99997,100,100013,100,99992,200,100048,100,99986,100,100055,100,99966,100,100073,100,99955,100,100076,100,99929,300,100091,100,99925,100,100106,100,99908,100,100111,100,99897,100,100116,100,99890,100
2019-06-28 09:30:00.000000088,99998,200,99997,100,100013,100,99992,200,100021,100,99986,100,100048,100,99966,100,100055,100,99955,100,100073,100,99929,300,100076,100,99925,100,100091,100,99908,100,100106,100,99897,100,100111,100,99890,100
2019-06-28 09:30:00.000000090,99998,400,99997,100,100013,100,99992,200,100021,100,99988,100,100048,100,99986,100,100055,100,99966,100,100073,100,99955,100,100076,100,99929,300,100091,100,99925,100,100106,100,99908,100,100111,100,99897,100
2019-06-28 09:30:00.000000091,99998,400,99997,100,100013,100,99992,200,100017,100,99988,100,100021,100,99986,100,100048,100,99966,100,100055,100,99955,100,100073,100,99938,100,100076,100,99929,300,100091,100,99925,100,100106,100,99908,100
2019-06-28 09:30:00.000000092,99998,400,99997,100,100013,100,99992,200,100017,100,99988,100,100021,100,99986,100,100048,100,99968,100,100055,100,99966,100,100073,100,99955,100,100076,100,99938,100,100091,100,99929,300,100106,100,99925,100
2019-06-28 09:30:00.000000093,99998,400,99997,100,100013,100,99992,200,100017,100,99988,200,100021,100,99986,100,100048,100,99968,100,100055,100,99966,100,100063,100,99955,100,100073,100,99938,100,100076,100,99929,300,100091,100,99925,100
2019-06-28 09:30:00.000000095,99998,400,99992,200,100013,100,99988,200,100017,100,99986,100,100021,100,99968,100,100048,100,99966,100,100055,100,99955,100,100063,100,99938,100,100073,100,99929,300,100076,100,99925,100,100091,100,99908,100
2019-06-28 09:30:00.000000098,99997,100,99992,200,99998,400,99988,200,100013,100,99986,100,100017,100,99968,100,100021,100,99966,100,100048,100,99955,100,100055,100,99938,100,100063,100,99929,300,100073,100,99925,100,100076,100,99908,100
2019-06-28 09:30:00.000000099,99998,400,99997,100,100013,100,99992,200,100017,100,99988,200,100021,100,99986,100,100048,100,99968,100,100055,100,99966,100,100063,100,99955,100,100073,100,99938,100,100076,100,99929,300,100091,100,99925,100
2019-06-28 09:30:10.000000000,99998,760,99997,460,100013,100,99992,200,100017,100,99988,200,100021,100,99986,100,100048,100,99968,100,100055,100,99966,100,100063,100,99955,100,100073,100,99938,100,100076,100,99929,300,100091,100,99925,100
2019-06-28 09:30:20.000000000,99998,580,99997,280,100013,280,99992,380,100017,100,99988,200,100021,100,99986,100,100048,100,99968,100,100055,100,99966,100,100063,100,99955,100,100073,100,99938,100,100076,100,99929,300,100091,100,99925,100
2019-06-28 09:30:27.006164310,99998,580,99997,280,100013,280,99992,380,100017,100,99988,200,100021,100,99986,100,100048,100,99968,100,100055,100,99966,100,100063,100,99955,100,100073,100,99938,100,100076,100,99929,300,100091,100,99925,100
2019-06-28 09:30:30.000000000,99998,522,99997,222,100013,219,99992,319,100017,219,99988,319,100021,100,99986,100,100048,100,99968,100,100055,100,99966,100,100063,100,99955,100,100073,100,99938,100,100076,100,99929,300,100091,100,99925,100
2019-06-28 09:30:40.000000000,99998,472,99997,172,100013,172,99992,272,100017,172,99988,272,100021,172,99986,172,100048,172,99968,172,100055,100,99966,100,100063,100,99955,100,100073,100,99938,100,100076,100,99929,300,100091,100,99925,100
2019-06-28 09:30:50.000000000,99998,580,99997,280,100013,280,99992,380,100017,100,99988,200,100021,100,99986,100,100048,100,99968,100,100055,100,99966,100,100063,100,99955,100,100073,100,99938,100,100076,100,99929,300,100091,100,99925,100
2019-06-28 09:31:00.000000000,99998,522,99997,222,100013,219,99992,319,100017,219,99988,319,100021,100,99986,100,100048,100,99968,100,100055,100,99966,100,100063,100,99955,100,100073,100,99938,100,100076,100,99929,300,100091,100,99925,100
2019-06-28 09:31:05.402910824,99998,422,99997,222,100013,219,99992,319,100017,219,99988,319,100021,100,99986,100,100048,100,99968,100,100055,100,99966,100,100063,100,99955,100,100073,100,99938,100,100076,100,99929,300,100091,100,99925,100
2019-06-28 09:31:06.808419796,99998,422,99997,222,100013,219,99992,319,100017,219,99988,319,100021,100,99986,100,100048,100,99968,100,100055,100,99966,100,100063,100,99955,100,100073,100,99938,100,100076,100,99929,300,100091,100,99925,100
2019-06-28 09:31:08.567764275,99998,322,99997,222,100013,219,99992,319,100017,219,99988,319,100021,100,99986,100,100048,100,99968,100,100055,100,99966,100,100063,100,99955,100,100073,100,99938,100,100076,100,99929,300,100091,100,99925,100
2019-06-28 09:31:10.000000000,99998,560,99997,460,100013,100,99992,200,100017,100,99988,200,100021,100,99986,100,100048,100,99968,100,100055,100,99966,100,100063,100,99955,100,100073,100,99938,100,100076,100,99929,300,100091,100,99925,100
2019-06-28 09:31:20.000000000,99998,560,99997,460,100013,100,99992,200,100017,100,99988,200,100021,100,99986,100,100048,100,99968,100,100055,100,99966,100,100063,100,99955,100,100073,100,99938,100,100076,100,99929,300,100091,100,99925,100
2019-06-28 09:31:30.000000000,99998,322,99997,222,100013,219,99992,319,100017,219,99988,319,100021,100,99986,100,100048,100,99968,100,100055,100,99966,100,100063,100,99955,100,100073,100,99938,100,100076,100,99929,300,100091,100,99925,100
2019-06-28 09:31:40.000000000,99998,290,99997,190,100013,190,99992,290,100017,190,99988,290,100021,190,99986,190,100048,100,99968,100,100055,100,99966,100,100063,100,99955,100,100073,100,99938,100,100076,100,99929,300,100091,100,99925,100
2019-06-28 09:31:50.000000000,99998,560,99997,460,100013,100,99992,200,100017,100,99988,200,100021,100,99986,100,100048,100,99968,100,100055,100,99966,100,100063,100,99955,100,100073,100,99938,100,100076,100,99929,300,100091,100,99925,100
2019-06-28 09:31:54.805935333,99998,560,99997,460,100013,100,99992,200,100017,100,99988,200,100021,100,99986,100,100048,100,99968,100,100055,100,99966,100,100063,100,99955,100,100073,100,99938,100,100076,100,99929,300,100091,100,99925,100
2019-06-28 09:32:00.000000000,99998,322,99997,222,100013,219,99992,319,100017,219,99988,319,100021,100,99986,100,100048,100,99968,100,100055,100,99966,100,100063,100,99955,100,100073,100,99938,100,100076,100,99929,300,100091,100,99925,100
2019-06-28 09:32:07.002536703,99998,322,99997,122,100013,219,99992,219,100017,219,99988,319,100021,100,99986,100,100048,100,99968,100,100055,100,99966,100,100063,100,99955,100,100073,100,99938,100,100076,100,99929,300,100091,100,99925,100
2019-06-28 09:32:10.000000000,99998,290,99992,190,100013,190,99988,290,100017,190,99986,190,100021,190,99968,190,100048,100,99966,100,100055,100,99955,100,100063,100,99938,100,100073,100,99929,300,100076,100,99925,100,100091,100,99908,100
2019-06-28 09:32:14.214731579,99997,100,99992,190,99998,290,99988,290,100013,190,99986,190,100017,190,99968,190,100021,190,99966,100,100048,100,99955,100,100055,100,99938,100,100063,100,99929,300,100073,100,99925,100,100076,100,99908,100
2019-06-28 09:32:15.724952756,99997,100,99992,190,99998,290,99988,290,100013,190,99986,190,100017,190,99968,190,100021,190,99966,100,100048,100,99955,100,100055,100,99938,100,100063,100,99929,300,100073,100,99925,100,100076,100,99908,100
2019-06-28 09:32:18.548562169,99997,100,99992,190,99998,290,99988,290,100013,190,99986,190,100017,190,99968,190,100021,190,99966,100,100048,100,99955,100,100055,100,99938,100,100063,100,99929,300,100073,100,99925,100,100076,100,99920,100
2019-06-28 09:32:20.000000000,99997,222,99992,222,99998,319,99988,319,100013,219,99986,219,100017,100,99968,100,100021,100,99966,100,100048,100,99955,100,100055,100,99938,100,100063,100,99929,300,100073,100,99925,100,100076,100,99920,100
2019-06-28 09:32:23.078464166,99997,322,99992,222,99998,319,99988,319,100013,219,99986,219,100017,100,99968,100,100021,100,99966,100,100048,100,99955,100,100055,100,99938,100,100063,100,99929,300,100073,100,99925,100,100076,100,99920,100
2019-06-28 09:32:26.164685653,99997,222,99992,222,99998,319,99988,319,100013,219,99986,219,100017,100,99968,100,100021,100,99966,100,100048,100,99955,100,100055,100,99938,100,100063,100,99929,300,100073,100,99925,100,100076,100,99920,100
2019-06-28 09:32:30.000000000,99997,222,99992,222,99998,319,99988,319,100013,219,99986,219,100017,100,99968,100,100021,100,99966,100,100048,100,99955,100,100055,100,99938,100,100063,100,99929,300,100073,100,99925,100,100076,100,99920,100
2019-06-28 09:32:36.926711067,99997,322,99992,222,99998,319,99988,319,100013,219,99986,219,100017,100,99968,100,100021,100,99966,100,100048,100,99955,100,100055,100,99938,100,100063,100,99929,300,100073,100,99925,100,100076,100,99920,100
2019-06-28 09:32:40.000000000,99997,322,99992,222,99998,319,99988,319,100013,219,99986,219,100017,100,99968,100,100021,100,99966,100,100048,100,99955,100,100055,100,99938,100,100063,100,99929,300,100073,100,99925,100,100076,100,99920,100
2019-06-28 09:32:40.731584619,99997,322,99992,222,99998,319,99988,319,100013,219,99986,219,100017,100,99968,100,100021,100,99966,100,100048,100,99955,100,100055,100,99938,100,100063,100,99929,300,100073,100,99925,100,100076,100,99920,100
2019-06-28 09:32:50.000000000,99997,380,99992,280,99998,380,99988,380,100013,100,99986,100,100017,100,99968,100,100021,100,99966,100,100048,100,99955,100,100055,100,99938,100,100063,100,99929,300,100073,100,99925,100,100076,100,99920,100
2019-06-28 09:32:58.535857392,99997,380,99992,280,99998,380,99988,380,100013,100,99986,100,100017,100,99968,100,100021,100,99966,100,100048,100,99955,100,100055,100,99938,100,100063,100,99929,300,100073,100,99925,100,100076,100,99920,100
2019-06-28 09:33:00.000000000,99997,560,99992,460,99998,200,99988,200,100013,100,99986,100,100017,100,99968,100,100021,100,99966,100,100048,100,99955,100,100055,100,99938,100,100063,100,99929,300,100073,100,99925,100,100076,100,99920,100
2019-06-28 09:33:00.662811446,99997,560,99992,460,99998,200,99988,200,100013,100,99986,100,100017,100,99968,100,100021,100,99966,100,100048,100,99955,100,100055,100,99938,100,100063,100,99929,300,100073,100,99925,100,100076,100,99920,100
2019-06-28 09:33:02.565890590,99997,560,99992,460,99998,200,99988,200,100013,100,99986,100,100017,100,99968,100,100021,100,99966,100,100048,100,99955,100,100055,100,99938,100,100063,100,99929,300,100073,100,99925,100,100076,100,99920,100
2019-06-28 09:33:04.332825148,99997,560,99992,360,99998,200,99988,200,100013,100,99986,100,100017,100,99968,100,100021,100,99966,100,100048,100,99955,100,100055,100,99938,100,100063,100,99929,300,100073,100,99925,100,100076,100,99920,100
2019-06-28 09:33:10.000000000,99997,290,99988,290,99998,290,99986,190,100013,190,99968,190,100017,190,99966,190,100021,100,99955,100,100048,100,99938,100,100055,100,99929,300,100063,100,99925,100,100073,100,99920,100,100076,100,99908,100
2019-06-28 09:33:13.573748445,99997,290,99988,290,99998,290,99986,190,100013,190,99968,190,100017,190,99966,190,100021,100,99955,100,100048,100,99938,100,100055,100,99929,200,100063,100,99925,100,100073,100,99920,100,100076,100,99908,100
2019-06-28 09:33:16.513767633,99997,290,99988,190,99998,290,99986,190,100013,190,99968,190,100017,190,99966,190,100021,100,99955,100,100048,100,99938,100,100055,100,99929,200,100063,100,99925,100,100073,100,99920,100,100076,100,99908,100
2019-06-28 09:33:20.000000000,99997,290,99988,190,99998,290,99986,190,100013,190,99968,190,100017,190,99966,190,100021,100,99955,100,100048,100,99938,100,100055,100,99929,200,100063,100,99925,100,100073,100,99920,100,100076,100,99908,100
2019-06-28 09:33:30.000000000,99997,380,99988,280,99998,380,99986,280,100013,100,99968,100,100017,100,99966,100,100021,100,99955,100,100048,100,99938,100,100055,100,99929,200,100063,100,99925,100,100073,100,99920,100,100076,100,99908,100
2019-06-28 09:33:40.000000000,99997,380,99988,280,99998,380,99986,280,100013,100,99968,100,100017,100,99966,100,100021,100,99955,100,100048,100,99938,100,100055,100,99929,200,100063,100,99925,100,100073,100,99920,100,100076,100,99908,100
2019-06-28 09:33:50.000000000,99997,560,99988,460,99998,200,99986,100,100013,100,99968,100,100017,100,99966,100,100021,100,99955,100,100048,100,99938,100,100055,100,99929,200,100063,100,99925,100,100073,100,99920,100,100076,100,99908,100
2019-06-28 09:33:55.359354615,99997,560,99988,460,99998,200,99986,100,100013,100,99968,100,100017,100,99966,100,100021,100,99955,100,100048,100,99938,100,100055,100,99929,200,100063,100,99925,100,100073,100,99920,100,100076,100,99908,100
2019-06-28 09:33:55.937538839,99997,560,99988,460,99998,200,99986,100,100013,100,99968,100,100017,100,99966,100,100021,100,99955,100,100048,100,99938,100,100055,100,99929,200,100063,100,99925,100,100073,100,99920,100,100076,100,99908,100
2019-06-28 09:34:00.000000000,99997,322,99988,222,99998,319,99986,219,100013,219,99968,219,100017,100,99966,100,100021,100,99955,100,100048,100,99938,100,100055,100,99929,200,100063,100,99925,100,100073,100,99920,100,100076,100,99908,100
2019-06-28 09:34:01.234559329,99997,322,99988,222,99998,319,99986,219,100013,219,99968,219,100017,100,99966,100,100021,100,99938,100,100048,100,99929,200,100055,100,99925,100,100063,100,99920,100,100073,100,99908,100,100076,100,99897,100
2019-06-28 09:34:07.732476911,99992,100,99988,222,99997,322,99986,219,99998,319,99968,219,100013,219,99966,100,100017,100,99938,100,100021,100,99929,200,100048,100,99925,100,100055,100,99920,100,100063,100,99908,100,100073,100,99897,100
2019-06-28 09:34:10.000000000,99992,222,99988,222,99997,319,99986,219,99998,319,99968,219,100013,100,99966,100,100017,100,99938,100,100021,100,99929,200,100048,100,99925,100,100055,100,99920,100,100063,100,99908,100,100073,100,99897,100
2019-06-28 09:34:20.000000000,99992,190,99988,190,99997,290,99986,190,99998,290,99968,190,100013,190,99966,190,100017,100,99938,100,100021,100,99929,200,100048,100,99925,100,100055,100,99920,100,100063,100,99908,100,100073,100,99897,100
2019-06-28 09:34:25.154193140,99992,290,99988,190,99997,290,99986,190,99998,290,99968,190,100013,190,99966,190,100017,100,99938,100,100021,100,99929,200,100048,100,99925,100,100055,100,99920,100,100063,100,99908,100,100073,100,99897,100
2019-06-28 09:34:30.000000000,99992,272,99988,172,99997,272,99986,172,99998,272,99968,172,100013,172,99966,172,100017,172,99938,172,100021,100,99929,200,100048,100,99925,100,100055,100,99920,100,100063,100,99908,100,100073,100,99897,100
2019-06-28 09:34:40.000000000,99992,380,99988,280,99997,380,99986,280,99998,200,99968,100,100013,100,99966,100,100017,100,99938,100,100021,100,99929,200,100048,100,99925,100,100055,100,99920,100,100063,100,99908,100,100073,100,99897,100
2019-06-28 09:34:42.818285551,99992,380,99988,280,99997,380,99986,280,99998,200,99968,100,100013,100,99966,100,100017,100,99938,100,100021,100,99929,200,100048,100,99925,100,100055,100,99920,100,100063,100,99908,100,100073,100,99897,100
2019-06-28 09:34:50.000000000,99992,560,99988,460,99997,200,99986,100,99998,200,99968,100,100013,100,99966,100,100017,100,99938,100,100021,100,99929,200,100048,100,99925,100,100055,100,99920,100,100063,100,99908,100,100073,100,99897,100
2019-06-28 09:34:52.188566571,99992,460,99988,460,99997,200,99986,100,99998,200,99968,100,100013,100,99966,100,100017,100,99938,100,100021,100,99929,200,100048,100,99925,100,100055,100,99920,100,100063,100,99908,100,100073,100,99897,100
2019-06-28 09:35:00.000000000,99992,222,99988,222,99997,319,99986,219,99998,319,99968,219,100013,100,99966,100,100017,100,99938,100,100021,100,99929,200,100048,100,99925,100,100055,100,99920,100,100063,100,99908,100,100073,100,99897,100
2019-06-28 09:35:04.143078406,99992,222,99988,222,99997,319,99986,219,99998,319,99968,219,100013,100,99966,100,100017,100,99938,100,100021,100,99929,200,100048,100,99925,100,100055,100,99920,100,100063,100,99908,100,100073,100,99897,100
2019-06-28 09:35:10.000000000,99992,460,99988,460,99997,200,99986,100,99998,200,99968,100,100013,100,99966,100,100017,100,99938,100,100021,100,99929,200,100048,100,99925,100,100055,100,99920,100,100063,100,99908,100,100073,100,99897,100
2019-06-28 09:35:20.000000000,99992,222,99988,222,99997,319,99986,219,99998,319,99968,219,100013,100,99966,100,100017,100,99938,100,100021,100,99929,200,100048,100,99925,100,100055,100,99920,100,100063,100,99908,100,100073,100,99897,100
2019-06-28 09:35:30.000000000,99992,190,99988,190,99997,290,99986,190,99998,290,99968,190,100013,190,99966,190,100017,100,99938,100,100021,100,99929,200,100048,100,99925,100,100055,100,99920,100,100063,100,99908,100,100073,100,99897,100
2019-06-28 09:35:40.000000000,99992,280,99988,280,99997,380,99986,280,99998,200,99968,100,100013,100,99966,100,100017,100,99938,100,100021,100,99929,200,100048,100,99925,100,100055,100,99920,100,100063,100,99908,100,100073,100,99897,100
2019-06-28 09:35:50.000000000,99992,222,99988,222,99997,319,99986,219,99998,319,99968,219,100013,100,99966,100,100017,100,99938,100,100021,100,99929,200,100048,100,99925,100,100055,100,99920,100,100063,100,99908,100,100073,100,99897,100
2019-06-28 09:35:50.721033715,99992,222,99989,100,99997,319,99988,222,99998,319,99986,219,100013,100,99968,219,100017,100,99966,100,100021,100,99938,100,100048,100,99929,200,100055,100,99925,100,100063,100,99920,100,100073,100,99908,100
2019-06-28 09:35:51.644352777,99992,222,99989,100,99997,319,99988,222,99998,319,99986,219,100013,100,99968,219,100017,100,99966,100,100021,100,99938,100,100048,100,99929,200,100055,100,99925,100,100063,100,99920,100,100073,100,99908,100
2019-06-28 09:36:00.000000000,99992,190,99989,190,99997,290,99988,190,99998,290,99986,190,100013,190,99968,190,100017,100,99966,100,100021,100,99938,100,100048,100,99929,200,100055,100,99925,100,100063,100,99920,100,100073,100,99908,100
2019-06-28 09:36:10.000000000,99992,172,99989,172,99997,272,99988,172,99998,272,99986,172,100013,172,99968,172,100017,172,99966,172,100021,100,99938,100,100048,100,99929,200,100055,100,99925,100,100063,100,99920,100,100073,100,99908,100
2019-06-28 09:36:15.399287633,99992,172,99989,172,99997,272,99988,172,99998,272,99986,172,100004,100,99968,172,100013,172,99966,172,100017,172,99938,100,100021,100,99929,200,100048,100,99925,100,100055,100,99920,100,100063,100,99908,100
2019-06-28 09:36:16.965777566,99992,172,99989,172,99997,272,99988,172,99998,272,99986,172,100004,100,99968,172,100013,172,99966,172,100017,172,99938,100,100021,100,99929,200,100048,100,99925,100,100055,100,99920,100,100063,100,99908,100
2019-06-28 09:36:20.000000000,99992,172,99989,172,99997,272,99988,172,99998,272,99986,172,100004,172,99968,172,100013,172,99966,172,100017,100,99938,100,100021,100,99929,200,100048,100,99925,100,100055,100,99920,100,100063,100,99908,100
2019-06-28 09:36:30.000000000,99992,172,99989,172,99997,272,99988,172,99998,272,99986,172,100004,172,99968,172,100013,172,99966,172,100017,100,99938,100,100021,100,99929,200,100048,100,99925,100,100055,100,99920,100,100063,100,99908,100
2019-06-28 09:36:40.000000000,99992,222,99989,222,99997,319,99988,219,99998,319,99986,219,100004,100,99968,100,100013,100,99966,100,100017,100,99938,100,100021,100,99929,200,100048,100,99925,100,100055,100,99920,100,100063,100,99908,100
2019-06-28 09:36:50.000000000,99992,460,99989,460,99997,200,99988,100,99998,200,99986,100,100004,100,99968,100,100013,100,99966,100,100017,100,99938,100,100021,100,99929,200,100048,100,99925,100,100055,100,99920,100,100063,100,99908,100
2019-06-28 09:37:00.000000000,99992,460,99989,460,99997,200,99988,100,99998,200,99986,100,100004,100,99968,100,100013,100,99966,100,100017,100,99938,100,100021,100,99929,200,100048,100,99925,100,100055,100,99920,100,100063,100,99908,100
2019-06-28 09:37:10.000000000,99992,172,99989,172,99997,272,99988,172,99998,272,99986,172,100004,172,99968,172,100013,172,99966,172,100017,100,99938,100,100021,100,99929,200,100048,100,99925,100,100055,100,99920,100,100063,100,99908,100
2019-06-28 09:37:20.000000000,99992,460,99989,460,99997,200,99988,100,99998,200,99986,100,100004,100,99968,100,100013,100,99966,100,100017,100,99938,100,100021,100,99929,200,100048,100,99925,100,100055,100,99920,100,100063,100,99908,100
2019-06-28 09:37:30.000000000,99992,460,99989,460,99997,200,99988,100,99998,200,99986,100,100004,100,99968,100,100013,100,99966,100,100017,100,99938,100,100021,100,99929,200,100048,100,99925,100,100055,100,99920,100,100063,100,99908,100
2019-06-28 09:37:31.916718250,99992,460,99989,460,99997,200,99988,100,99998,200,99986,100,100004,100,99968,100,100013,100,99966,100,100017,100,99938,100,100021,100,99929,200,100048,100,99925,100,100055,100,99920,100,100063,100,99908,100
2019-06-28 09:37:33.138332278,99992,460,99989,360,99997,200,99988,100,99998,200,99986,100,100004,100,99968,100,100013,100,99966,100,100017,100,99938,100,100021,100,99929,200,100048,100,99925,100,100055,100,99908,100,100063,100,99894,100
2019-06-28 09:37:40.000000000,99992,460,99988,460,99997,200,99986,100,99998,200,99968,100,100004,100,99966,100,100013,100,99938,100,100017,100,99929,200,100021,100,99925,100,100048,100,99908,100,100055,100,99894,100,100063,100,99890,100
2019-06-28 09:37:47.494142937,99992,460,99988,360,99997,200,99986,100,99998,200,99968,100,100004,100,99966,100,100013,100,99938,100,100017,100,99929,200,100021,100,99925,100,100048,100,99908,100,100055,100,99894,100,100063,100,99890,100
2019-06-28 09:37:50.000000000,99992,280,99986,280,99997,380,99968,280,99998,200,99966,100,100004,100,99938,100,100013,100,99929,200,100017,100,99925,100,100021,100,99908,100,100048,100,99894,100,100055,100,99890,100,100063,100,99888,100
2019-06-28 09:38:00.000000000,99992,280,99986,280,99997,380,99968,280,99998,200,99966,100,100004,100,99938,100,100013,100,99929,200,100017,100,99925,100,100021,100,99908,100,100048,100,99894,100,100055,100,99890,100,100063,100,99888,100
2019-06-28 09:38:10.000000000,99992,190,99986,190,99997,290,99968,190,99998,290,99966,190,100004,190,99938,190,100013,100,99929,200,100017,100,99925,100,100021,100,99908,100,100048,100,99894,100,100055,100,99890,100,100063,100,99888,100
2019-06-28 09:38:18.476164106,99992,190,99986,190,99997,290,99968,190,99998,290,99966,190,100004,190,99938,190,100013,100,99929,200,100017,100,99925,100,100021,100,99908,100,100048,100,99894,100,100055,100,99890,100,100063,100,99888,100
2019-06-28 09:38:20.000000000,99992,280,99986,280,99997,380,99968,280,99998,200,99966,100,100004,100,99938,100,100013,100,99929,200,100017,100,99925,100,100021,100,99908,100,100048,100,99894,100,100055,100,99890,100,100063,100,99888,100
2019-06-28 09:38:28.690565064,99992,280,99986,280,99997,380,99968,280,99998,200,99966,100,100013,100,99938,100,100017,100,99929,200,100021,100,99925,100,100048,100,99908,100,100055,100,99894,100,100063,100,99890,100,100073,100,99888,100
2019-06-28 09:38:30.000000000,99992,460,99986,460,99997,200,99968,100,99998,200,99966,100,100013,100,99938,100,100017,100,99929,200,100021,100,99925,100,100048,100,99908,100,100055,100,99894,100,100063,100,99890,100,100073,100,99888,100
2019-06-28 09:38:40.000000000,99992,172,99986,172,99997,272,99968,172,99998,272,99966,172,100013,172,99938,172,100017,172,99929,272,100021,100,99925,100,100048,100,99908,100,100055,100,99894,100,100063,100,99890,100,100073,100,99888,100
2019-06-28 09:38:50.000000000,99992,190,99986,190,99997,290,99968,190,99998,290,99966,190,100013,190,99938,190,100017,100,99929,200,100021,100,99925,100,100048,100,99908,100,100055,100,99894,100,100063,100,99890,100,100073,100,99888,100
2019-06-28 09:39:00.000000000,99992,172,99986,172,99997,272,99968,172,99998,272,99966,172,100013,172,99938,172,100017,172,99929,272,100021,100,99925,100,100048,100,99908,100,100055,100,99894,100,100063,100,99890,100,100073,100,99888,100
2019-06-28 09:39:07.651257133,99992,172,99986,172,99997,272,99968,172,99998,272,99966,172,100013,172,99938,172,100017,172,99929,272,100021,100,99925,100,100048,100,99908,100,100055,100,99894,100,100063,100,99890,100,100073,100,99888,100
2019-06-28 09:39:10.000000000,99992,172,99986,172,99997,272,99968,172,99998,272,99966,172,100013,172,99938,172,100017,172,99929,272,100021,100,99925,100,100048,100,99908,100,100055,100,99894,100,100063,100,99890,100,100073,100,99888,100
2019-06-28 09:39:20.000000000,99992,280,99986,280,99997,380,99968,280,99998,200,99966,100,100013,100,99938,100,100017,100,99929,200,100021,100,99925,100,100048,100,99908,100,100055,100,99894,100,100063,100,99890,100,100073,100,99888,100
2019-06-28 09:39:28.349399402,99992,280,99990,100,99997,280,99986,280,99998,200,99968,280,100013,100,99966,100,100017,100,99938,100,100021,100,99929,200,100048,100,99925,100,100055,100,99908,100,100063,100,99894,100,100073,100,99890,100
2019-06-28 09:39:30.000000000,99992,280,99990,280,99997,280,99986,280,99998,200,99968,100,100013,100,99966,100,100017,100,99938,100,100021,100,99929,200,100048,100,99925,100,100055,100,99908,100,100063,100,99894,100,100073,100,99890,100
2019-06-28 09:39:40.000000000,99992,222,99990,222,99997,219,99986,219,99998,319,99968,219,100013,100,99966,100,100017,100,99938,100,100021,100,99929,200,100048,100,99925,100,100055,100,99908,100,100063,100,99894,100,100073,100,99890,100
2019-06-28 09:39:46.710544312,99992,222,99990,222,99997,219,99986,219,99998,319,99968,219,100013,100,99966,100,100017,100,99938,100,100021,100,99929,200,100048,100,99925,100,100055,100,99917,100,100063,100,99908,100,100073,100,99894,100
2019-06-28 09:39:48.334406756,99992,222,99990,222,99997,219,99986,219,99998,319,99968,219,100013,100,99966,100,100017,100,99938,100,100021,100,99929,200,100048,100,99925,100,100055,100,99917,100,100063,100,99908,100,100073,100,99894,100
2019-06-28 09:39:50.000000000,99992,172,99990,172,99997,172,99986,172,99998,272,99968,172,100013,172,99966,172,100017,172,99938,172,100021,100,99929,200,100048,100,99925,100,100055,100,99917,100,100063,100,99908,100,100073,100,99894,100
2019-06-28 09:39:50.895638073,99992,172,99990,72,99997,172,99986,172,99998,272,99968,172,100013,172,99966,172,100017,172,99938,172,100021,100,99929,200,100048,100,99925,100,100055,100,99917,100,100073,100,99908,100,100076,100,99894,100
2019-06-28 09:40:00.000000000,99992,222,99986,222,99997,219,99968,219,99998,319,99966,219,100013,100,99938,100,100017,100,99929,200,100021,100,99925,100,100048,100,99917,100,100055,100,99908,100,100073,100,99894,100,100076,100,99890,100
2019-06-28 09:40:01.008968319,99990,100,99986,222,99992,222,99968,219,99997,219,99966,219,99998,219,99938,100,100013,100,99929,200,100017,100,99925,100,100021,100,99917,100,100048,100,99908,100,100055,100,99894,100,100073,100,99890,100
2019-06-28 09:40:10.000000000,99990,222,99986,222,99992,219,99968,219,99997,219,99966,219,99998,100,99938,100,100013,100,99929,200,100017,100,99925,100,100021,100,99917,100,100048,100,99908,100,100055,100,99894,100,100073,100,99890,100
2019-06-28 09:40:20.000000000,99990,190,99986,190,99992,190,99968,190,99997,190,99966,190,99998,190,99938,190,100013,100,99929,200,100017,100,99925,100,100021,100,99917,100,100048,100,99908,100,100055,100,99894,100,100073,100,99890,100
2019-06-28 09:40:26.035366544,99990,190,99986,190,99992,190,99968,190,99997,190,99966,190,99998,190,99938,190,100013,100,99929,100,100017,100,99925,100,100021,100,99917,100,100048,100,99908,100,100055,100,99894,100,100073,100,99890,100
2019-06-28 09:40:30.000000000,99990,172,99986,172,99992,172,99968,172,99997,172,99966,172,99998,172,99938,172,100013,172,99929,172,100017,100,99925,100,100021,100,99917,100,100048,100,99908,100,100055,100,99894,100,100073,100,99890,100
2019-06-28 09:40:34.346207679,99990,172,99986,72,99992,172,99968,172,99997,172,99966,172,99998,172,99938,172,100013,172,99929,172,100021,100,99925,100,100048,100,99917,100,100055,100,99908,100,100073,100,99894,100,100076,100,99890,100
2019-06-28 09:40:40.000000000,99990,460,99968,460,99992,100,99966,100,99997,100,99938,100,99998,100,99929,100,100013,100,99925,100,100021,100,99917,100,100048,100,99908,100,100055,100,99894,100,100073,100,99890,100,100076,100,99888,100
2019-06-28 09:40:50.000000000,99990,190,99968,190,99992,190,99966,190,99997,190,99938,190,99998,190,99929,190,100013,100,99925,100,100021,100,99917,100,100048,100,99908,100,100055,100,99894,100,100073,100,99890,100,100076,100,99888,100
2019-06-28 09:41:00.000000000,99990,222,99968,222,99992,219,99966,219,99997,219,99938,219,99998,100,99929,100,100013,100,99925,100,100021,100,99917,100,100048,100,99908,100,100055,100,99894,100,100073,100,99890,100,100076,100,99888,100
2019-06-28 09:41:03.027199316,99989,100,99968,222,99990,122,99966,219,99992,219,99938,219,99997,219,99929,100,99998,100,99925,100,100013,100,99917,100,100021,100,99908,100,100048,100,99894,100,100055,100,99890,100,100073,100,99888,100
2019-06-28 09:41:10.000000000,99989,222,99968,222,99992,219,99966,219,99997,219,99938,219,99998,100,99929,100,100013,100,99925,100,100021,100,99917,100,100048,100,99908,100,100055,100,99894,100,100073,100,99890,100,100076,100,99888,100
2019-06-28 09:41:15.394923230,99989,222,99968,222,99992,219,99966,219,99997,219,99938,219,99998,100,99929,100,100013,100,99925,100,100021,100,99917,100,100048,100,99908,100,100055,100,99890,100,100073,100,99888,100,100076,100,99886,100
2019-06-28 09:41:20.000000000,99989,460,99968,460,99992,100,99966,100,99997,100,99938,100,99998,100,99929,100,100013,100,99925,100,100021,100,99917,100,100048,100,99908,100,100055,100,99890,100,100073,100,99888,100,100076,100,99886,100
2019-06-28 09:41:30.000000000,99989,172,99968,172,99992,172,99966,172,99997,172,99938,172,99998,172,99929,172,100013,172,99925,172,100021,100,99917,100,100048,100,99908,100,100055,100,99890,100,100073,100,99888,100,100076,100,99886,100
2019-06-28 09:41:40.000000000,99989,190,99968,190,99992,190,99966,190,99997,190,99938,190,99998,190,99929,190,100013,100,99925,100,100021,100,99917,100,100048,100,99908,100,100055,100,99890,100,100073,100,99888,100,100076,100,99886,100
2019-06-28 09:41:42.731188332,99989,190,99968,190,99992,190,99966,190,99997,190,99938,190,99998,190,99929,190,100013,100,99925,100,100021,100,99917,100,100048,100,99908,100,100055,100,99890,100,100073,100,99888,100,100076,100,99886,100
2019-06-28 09:41:50.000000000,99989,280,99968,280,99992,280,99966,280,99997,100,99938,100,99998,100,99929,100,100013,100,99925,100,100021,100,99917,100,100048,100,99908,100,100055,100,99890,100,100073,100,99888,100,100076,100,99886,100
2019-06-28 09:42:00.000000000,99989,172,99968,172,99992,172,99966,172,99997,172,99938,172,99998,172,99929,172,100013,172,99925,172,100021,100,99917,100,100048,100,99908,100,100055,100,99890,100,100073,100,99888,100,100076,100,99886,100
2019-06-28 09:42:10.000000000,99989,190,99968,190,99992,190,99966,190,99997,190,99938,190,99998,190,99929,190,100013,100,99925,100,100021,100,99917,100,100048,100,99908,100,100055,100,99890,100,100073,100,99888,100,100076,100,99886,100
2019-06-28 09:42:16.190994508,99989,190,99968,90,99992,190,99966,190,99997,190,99938,190,99998,190,99929,190,100013,100,99925,100,100021,100,99917,100,100048,100,99908,100,100055,100,99890,100,100073,100,99888,100,100076,100,99886,100
2019-06-28 09:42:20.000000000,99989,172,99966,172,99992,172,99938,172,99997,172,99929,172,99998,172,99925,172,100013,172,99917,172,100021,100,99908,100,100048,100,99890,100,100055,100,99888,100,100073,100,99886,100,100076,100,99884,100
2019-06-28 09:42:30.000000000,99989,190,99966,190,99992,190,99938,190,99997,190,99929,190,99998,190,99925,190,100013,100,99917,100,100021,100,99908,100,100048,100,99890,100,100055,100,99888,100,100073,100,99886,100,100076,100,99884,100
2019-06-28 09:42:40.000000000,99989,460,99966,460,99992,100,99938,100,99997,100,99929,100,99998,100,99925,100,100013,100,99917,100,100021,100,99908,100,100048,100,99890,100,100055,100,99888,100,100073,100,99886,100,100076,100,99884,100
2019-06-28 09:42:50.000000000,99989,222,99966,222,99992,219,99938,219,99997,219,99929,219,99998,100,99925,100,100013,100,99917,100,100021,100,99908,100,100048,100,99890,100,100055,100,99888,100,100073,100,99886,100,100076,100,99884,100
2019-06-28 09:43:00.000000000,99989,222,99966,222,99992,219,99938,219,99997,219,99929,219,99998,100,99925,100,100013,100,99917,100,100021,100,99908,100,100048,100,99890,100,100055,100,99888,100,100073,100,99886,100,100076,100,99884,100
2019-06-28 09:43:10.000000000,99989,460,99966,460,99992,100,99938,100,99997,100,99929,100,99998,100,99925,100,100013,100,99917,100,100021,100,99908,100,100048,100,99890,100,100055,100,99888,100,100073,100,99886,100,100076,100,99884,100
2019-06-28 09:43:19.071943453,99989,360,99966,460,99992,100,99938,100,99997,100,99929,100,99998,100,99925,100,100013,100,99917,100,100021,100,99908,100,100048,100,99888,100,100055,100,99886,100,100073,100,99884,100,100076,100,99882,100
2019-06-28 09:43:20.000000000,99992,172,99966,172,99997,172,99938,172,99998,172,99929,172,100013,172,99925,172,100021,172,99917,172,100048,100,99908,100,100055,100,99888,100,100073,100,99886,100,100076,100,99884,100,100092,100,99882,100
2019-06-28 09:43:30.000000000,99992,172,99966,172,99997,172,99938,172,99998,172,99929,172,100013,172,99925,172,100021,172,99917,172,100048,100,99908,100,100055,100,99888,100,100073,100,99886,100,100076,100,99884,100,100092,100,99882,100
2019-06-28 09:43:39.942765743,99992,72,99966,172,99997,172,99938,172,99998,172,99929,172,100013,172,99925,172,100021,172,99917,172,100048,100,99908,100,100055,100,99888,100,100073,100,99886,100,100076,100,99884,100,100092,100,99882,100
2019-06-28 09:43:40.000000000,99997,190,99966,190,99998,190,99938,190,100013,190,99929,190,100021,190,99925,190,100048,100,99917,100,100055,100,99908,100,100073,100,99888,100,100076,100,99886,100,100092,100,99884,100,100106,100,99882,100
2019-06-28 09:43:50.000000000,99997,190,99966,190,99998,190,99938,190,100013,190,99929,190,100021,190,99925,190,100048,100,99917,100,100055,100,99908,100,100073,100,99888,100,100076,100,99886,100,100092,100,99884,100,100106,100,99882,100
2019-06-28 09:44:00.000000000,99997,222,99966,222,99998,219,99938,219,100013,219,99929,219,100021,100,99925,100,100048,100,99917,100,100055,100,99908,100,100073,100,99888,100,100076,100,99886,100,100092,100,99884,100,100106,100,99882,100
2019-06-28 09:44:10.000000000,99997,460,99966,460,99998,100,99938,100,100013,100,99929,100,100021,100,99925,100,100048,100,99917,100,100055,100,99908,100,100073,100,99888,100,100076,100,99886,100,100092,100,99884,100,100106,100,99882,100
2019-06-28 09:44:12.687016822,99997,460,99989,100,99998,100,99966,460,100013,100,99938,100,100021,100,99929,100,100048,100,99925,100,100055,100,99917,100,100073,100,99908,100,100076,100,99888,100,100092,100,99886,100,100106,100,99884,100
2019-06-28 09:44:20.000000000,99997,460,99989,460,99998,100,99966,100,100013,100,99938,100,100021,100,99929,100,100048,100,99925,100,100055,100,99917,100,100073,100,99908,100,100076,100,99888,100,100092,100,99886,100,100106,100,99884,100
2019-06-28 09:44:30.000000000,99997,190,99989,190,99998,190,99966,190,100013,190,99938,190,100021,190,99929,190,100048,100,99925,100,100055,100,99917,100,100073,100,99908,100,100076,100,99888,100,100092,100,99886,100,100106,100,99884,100
2019-06-28 09:44:40.000000000,99997,222,99989,222,99998,219,99966,219,100013,219,99938,219,100021,100,99929,100,100048,100,99925,100,100055,100,99917,100,100073,100,99908,100,100076,100,99888,100,100092,100,99886,100,100106,100,99884,100
2019-06-28 09:44:49.814011862,99997,222,99989,322,99998,219,99966,219,100013,219,99938,219,100021,100,99929,100,100048,100,99925,100,100055,100,99917,100,100073,100,99908,100,100076,100,99888,100,100092,100,99886,100,100106,100,99884,100
2019-06-28 09:44:50.000000000,99997,280,99989,380,99998,280,99966,280,100013,100,99938,100,100021,100,99929,100,100048,100,99925,100,100055,100,99917,100,100073,100,99908,100,100076,100,99888,100,100092,100,99886,100,100106,100,99884,100
2019-06-28 09:44:51.366610471,99997,180,99989,380,99998,280,99966,280,100013,100,99938,100,100021,100,99929,100,100048,100,99925,100,100055,100,99917,100,100073,100,99908,100,100076,100,99888,100,100092,100,99886,100,100106,100,99884,100
2019-06-28 09:45:00.000000000,99998,222,99989,322,100013,219,99966,219,100021,219,99938,219,100048,100,99929,100,100055,100,99925,100,100073,100,99917,100,100076,100,99908,100,100092,100,99888,100,100106,100,99886,100,100172,100,99884,100
2019-06-28 09:45:10.000000000,99998,460,99989,560,100013,100,99966,100,100021,100,99938,100,100048,100,99929,100,100055,100,99925,100,100073,100,99917,100,100076,100,99908,100,100092,100,99888,100,100106,100,99886,100,100172,100,99884,100
2019-06-28 09:45:10.690673426,99998,460,99992,100,100013,100,99989,560,100021,100,99966,100,100048,100,99938,100,100055,100,99929,100,100073,100,99925,100,100076,100,99917,100,100092,100,99908,100,100106,100,99888,100,100172,100,99886,100
2019-06-28 09:45:20.000000000,99998,190,99992,190,100013,190,99989,290,100021,190,99966,190,100048,190,99938,190,100055,100,99929,100,100073,100,99925,100,100076,100,99917,100,100092,100,99908,100,100106,100,99888,100,100172,100,99886,100
2019-06-28 09:45:20.933069814,99998,90,99992,190,100013,190,99989,290,100021,190,99966,190,100048,190,99938,90,100055,100,99929,100,100073,100,99925,100,100076,100,99917,100,100092,100,99908,100,100106,100,99888,100,100172,100,99886,100
2019-06-28 09:45:30.000000000,100013,172,99992,172,100021,172,99989,272,100048,172,99966,172,100055,172,99929,172,100073,172,99925,172,100076,100,99917,100,100092,100,99908,100,100106,100,99888,100,100172,100,99886,100,100205,100,99884,100
2019-06-28 09:45:40.000000000,100013,190,99992,190,100021,190,99989,290,100048,190,99966,190,100055,190,99929,190,100073,100,99925,100,100076,100,99917,100,100092,100,99908,100,100106,100,99888,100,100172,100,99886,100,100205,100,99884,100
2019-06-28 09:45:50.000000000,100013,280,99992,280,100021,280,99989,380,100048,100,99966,100,100055,100,99929,100,100073,100,99925,100,100076,100,99917,100,100092,100,99908,100,100106,100,99888,100,100172,100,99886,100,100205,100,99884,100
2019-06-28 09:46:00.000000000,100013,190,99992,190,100021,190,99989,290,100048,190,99966,190,100055,190,99929,190,100073,100,99925,100,100076,100,99917,100,100092,100,99908,100,100106,100,99888,100,100172,100,99886,100,100205,100,99884,100
2019-06-28 09:46:10.000000000,100013,190,99992,190,100021,190,99989,290,100048,190,99966,190,100055,190,99929,190,100073,100,99925,100,100076,100,99917,100,100092,100,99908,100,100106,100,99888,100,100172,100,99886,100,100205,100,99884,100
2019-06-28 09:46:10.024624553,100013,90,99992,190,100021,190,99989,290,100048,190,99966,190,100055,190,99929,190,100073,100,99925,100,100076,100,99917,100,100092,100,99908,100,100106,100,99888,100,100172,100,99886,100,100205,100,99884,100
2019-06-28 09:46:20.000000000,100021,190,99992,190,100048,190,99989,290,100055,190,99966,190,100073,190,99929,190,100076,100,99925,100,100092,100,99917,100,100106,100,99908,100,100172,100,99888,100,100205,100,99886,100,100257,100,99884,100
2019-06-28 09:46:23.813140614,100021,190,99992,190,100048,190,99989,290,100055,190,99966,190,100073,190,99929,190,100076,100,99925,100,100092,100,99917,100,100106,100,99908,100,100172,100,99888,100,100205,100,99886,100,100257,100,99884,100
2019-06-28 09:46:30.000000000,100021,190,99992,190,100048,190,99989,290,100055,190,99966,190,100073,190,99929,190,100076,100,99925,100,100092,100,99917,100,100106,100,99908,100,100172,100,99888,100,100205,100,99886,100,100257,100,99884,100
2019-06-28 09:46:40.000000000,100021,280,99992,280,100048,280,99989,380,100055,100,99966,100,100073,100,99929,100,100076,100,99925,100,100092,100,99917,100,100106,100,99908,100,100172,100,99888,100,100205,100,99886,100,100257,100,99884,100
2019-06-28 09:46:50.000000000,100021,280,99992,280,100048,280,99989,380,100055,100,99966,100,100073,100,99929,100,100076,100,99925,100,100092,100,99917,100,100106,100,99908,100,100172,100,99888,100,100205,100,99886,100,100257,100,99884,100
2019-06-28 09:47:00.000000000,100021,190,99992,190,100048,190,99989,290,100055,190,99966,190,100073,190,99929,190,100076,100,99925,100,100092,100,99917,100,100106,100,99908,100,100172,100,99888,100,100205,100,99886,100,100257,100,99884,100
2019-06-28 09:47:07.041240709,100021,190,99992,190,100048,190,99989,290,100055,190,99966,190,100073,190,99929,190,100076,100,99925,100,100092,100,99917,100,100106,100,99908,100,100172,100,99888,100,100205,100,99886,100,100257,100,99884,100
2019-06-28 09:47:10.000000000,100021,460,99992,460,100048,100,99989,200,100055,100,99966,100,100073,100,99929,100,100076,100,99925,100,100092,100,99917,100,100106,100,99908,100,100172,100,99888,100,100205,100,99886,100,100257,100,99884,100
2019-06-28 09:47:20.000000000,100021,280,99992,280,100048,280,99989,380,100055,100,99966,100,100073,100,99929,100,100076,100,99925,100,100092,100,99917,100,100106,100,99908,100,100172,100,99888,100,100205,100,99886,100,100257,100,99884,100
2019-06-28 09:47:30.000000000,100021,172,99992,172,100048,172,99989,272,100055,172,99966,172,100073,172,99929,172,100076,172,99925,172,100092,100,99917,100,100106,100,99908,100,100172,100,99888,100,100205,100,99886,100,100257,100,99884,100
2019-06-28 09:47:40.000000000,100021,222,99992,222,100048,219,99989,319,100055,219,99966,219,100073,100,99929,100,100076,100,99925,100,100092,100,99917,100,100106,100,99908,100,100172,100,99888,100,100205,100,99886,100,100257,100,99884,100
2019-06-28 09:47:50.000000000,100021,172,99992,172,100048,172,99989,272,100055,172,99966,172,100073,172,99929,172,100076,172,99925,172,100092,100,99917,100,100106,100,99908,100,100172,100,99888,100,100205,100,99886,100,100257,100,99884,100
2019-06-28 09:48:00.000000000,100021,190,99992,190,100048,190,99989,290,100055,190,99966,190,100073,190,99929,190,100076,100,99925,100,100092,100,99917,100,100106,100,99908,100,100172,100,99888,100,100205,100,99886,100,100257,100,99884,100
2019-06-28 09:48:01.244478413,100021,90,99992,190,100048,190,99989,290,100055,190,99966,190,100073,190,99929,190,100076,100,99925,100,100092,100,99917,100,100106,100,99908,100,100172,100,99888,100,100205,100,99886,100,100257,100,99884,100
2019-06-28 09:48:02.172769664,100021,90,100013,100,100048,190,99992,190,100055,190,99989,290,100073,190,99966,190,100076,100,99929,190,100092,100,99925,100,100106,100,99917,100,100172,100,99908,100,100205,100,99888,100,100257,100,99886,100
2019-06-28 09:48:10.000000000,100048,172,100013,172,100055,172,99992,172,100073,172,99989,272,100076,172,99966,172,100092,172,99929,172,100106,100,99925,100,100172,100,99917,100,100205,100,99908,100,100257,100,99888,100,100440,100,99886,100
2019-06-28 09:48:11.073263075,100048,172,100013,272,100055,172,99992,172,100073,172,99989,172,100076,172,99966,172,100092,172,99929,172,100106,100,99925,100,100172,100,99917,100,100205,100,99908,100,100257,100,99888,100,100440,100,99886,100
2019-06-28 09:48:20.000000000,100048,222,100013,322,100055,219,99992,219,100073,219,99989,219,100076,100,99966,100,100092,100,99929,100,100106,100,99925,100,100172,100,99917,100,100205,100,99908,100,100257,100,99888,100,100440,100,99886,100
2019-06-28 09:48:30.000000000,100048,280,100013,380,100055,280,99992,280,100073,100,99989,100,100076,100,99966,100,100092,100,99929,100,100106,100,99925,100,100172,100,99917,100,100205,100,99908,100,100257,100,99888,100,100440,100,99886,100
2019-06-28 09:48:33.224845740,100048,280,100013,380,100055,280,99992,280,100073,100,99989,100,100076,100,99966,100,100092,100,99929,100,100106,100,99925,100,100172,100,99917,100,100205,100,99908,100,100257,100,99888,100,100440,100,99886,100
2019-06-28 09:48:40.000000000,100048,190,100013,290,100055,190,99992,190,100073,190,99989,190,100076,190,99966,190,100092,100,99929,100,100106,100,99925,100,100172,100,99917,100,100205,100,99908,100,100257,100,99888,100,100440,100,99886,100
2019-06-28 09:48:40.414625053,100048,190,100013,290,100055,190,99992,190,100073,190,99989,190,100076,190,99966,190,100092,100,99929,100,100106,100,99925,100,100172,100,99917,100,100205,100,99888,100,100257,100,99886,100,100440,100,99884,100
2019-06-28 09:48:42.649819082,100048,190,100013,290,100055,190,99992,190,100073,190,99989,190,100076,190,99966,190,100092,100,99929,100,100106,100,99925,100,100172,100,99917,100,100205,100,99888,100,100257,100,99886,100,100440,100,99884,100
2019-06-28 09:48:50.000000000,100048,172,100013,272,100055,172,99992,172,100073,172,99989,172,100076,172,99966,172,100092,172,99929,172,100106,100,99925,100,100172,100,99917,100,100205,100,99888,100,100257,100,99886,100,100440,100,99884,100
2019-06-28 09:48:58.172371073,100048,172,100013,272,100055,172,99992,172,100073,172,99989,172,100076,172,99966,172,100092,172,99929,172,100106,100,99925,100,100172,100,99917,100,100205,100,99888,100,100257,100,99886,100,100440,100,99884,100
2019-06-28 09:49:00.000000000,100048,280,100013,380,100055,280,99992,280,100073,100,99989,100,100076,100,99966,100,100092,100,99929,100,100106,100,99925,100,100172,100,99917,100,100205,100,99888,100,100257,100,99886,100,100440,100,99884,100
2019-06-28 09:49:06.613354071,100048,280,100013,380,100055,280,99992,280,100073,100,99989,100,100076,100,99966,100,100092,100,99929,100,100106,100,99925,100,100172,100,99917,100,100205,100,99888,100,100257,100,99886,100,100440,100,99884,100
2019-06-28 09:49:10.000000000,100048,280,100013,380,100055,280,99992,280,100073,100,99989,100,100076,100,99966,100,100092,100,99929,100,100106,100,99925,100,100172,100,99917,100,100205,100,99888,100,100257,100,99886,100,100440,100,99884,100
2019-06-28 09:49:19.160412422,100048,180,100013,380,100055,280,99992,280,100073,100,99989,100,100076,100,99966,100,100092,100,99929,100,100106,100,99925,100,100172,100,99917,100,100205,100,99888,100,100257,100,99886,100,100440,100,99884,100
2019-06-28 09:49:20.000000000,100055,460,100013,560,100073,100,99992,100,100076,100,99989,100,100092,100,99966,100,100106,100,99929,100,100172,100,99925,100,100205,100,99917,100,100257,100,99888,100,100440,100,99886,100,100491,100,99884,100
2019-06-28 09:49:21.512398483,100055,360,100013,560,100073,100,99992,100,100076,100,99989,100,100092,100,99966,100,100106,100,99929,100,100172,100,99925,100,100205,100,99917,100,100257,100,99888,100,100440,100,99886,100,100491,100,99884,100
2019-06-28 09:49:30.000000000,100073,222,100013,322,100076,219,99992,219,100092,219,99989,219,100106,100,99966,100,100172,100,99929,100,100205,100,99925,100,100257,100,99917,100,100440,100,99888,100,100491,100,99886,100,100504,100,99884,100
2019-06-28 09:49:40.000000000,100073,280,100013,380,100076,280,99992,280,100092,100,99989,100,100106,100,99966,100,100172,100,99929,100,100205,100,99925,100,100257,100,99917,100,100440,100,99888,100,100491,100,99886,100,100504,100,99884,100
2019-06-28 09:49:50.000000000,100073,460,100013,560,100076,100,99992,100,100092,100,99989,100,100106,100,99966,100,100172,100,99929,100,100205,100,99925,100,100257,100,99917,100,100440,100,99888,100,100491,100,99886,100,100504,100,99884,100
2019-06-28 09:49:56.588179234,100073,360,100013,560,100076,100,99992,100,100092,100,99989,100,100106,100,99966,100,100172,100,99929,100,100205,100,99925,100,100257,100,99917,100,100440,100,99888,100,100491,100,99886,100,100504,100,99884,100
2019-06-28 09:50:00.000000000,100076,222,100013,322,100092,219,99992,219,100106,219,99989,219,100172,100,99966,100,100205,100,99929,100,100257,100,99925,100,100440,100,99917,100,100491,100,99888,100,100504,100,99886,100,100641,100,99884,100
2019-06-28 09:50:10.000000000,100076,222,100013,322,100092,219,99992,219,100106,219,99989,219,100172,100,99966,100,100205,100,99929,100,100257,100,99925,100,100440,100,99917,100,100491,100,99888,100,100504,100,99886,100,100641,100,99884,100
2019-06-28 09:50:10.086537797,100076,122,100013,322,100092,219,99992,219,100106,219,99989,219,100172,100,99966,100,100205,100,99929,100,100257,100,99925,100,100440,100,99917,100,100491,100,99886,100,100504,100,99884,100,100641,100,99882,100
2019-06-28 09:50:20.000000000,100092,172,100013,272,100106,172,99992,172,100172,172,99989,172,100205,172,99966,172,100257,172,99929,172,100440,100,99925,100,100491,100,99917,100,100504,100,99886,100,100641,100,99884,100,100826,100,99882,100
2019-06-28 09:50:27.172390729,100092,172,100073,100,100106,172,100013,272,100172,172,99992,172,100205,172,99989,172,100257,172,99966,172,100440,100,99929,172,100491,100,99925,100,100504,100,99917,100,100641,100,99886,100,100826,100,99884,100
2019-06-28 09:50:30.000000000,100092,190,100073,190,100106,190,100013,290,100172,190,99992,190,100205,190,99989,190,100257,100,99966,100,100440,100,99929,100,100491,100,99925,100,100504,100,99917,100,100641,100,99886,100,100826,100,99884,100
2019-06-28 09:50:37.802778729,100092,190,100073,190,100106,190,100013,290,100172,190,99992,90,100205,190,99989,190,100257,100,99966,100,100440,100,99929,100,100491,100,99925,100,100504,100,99917,100,100641,100,99886,100,100826,100,99884,100
2019-06-28 09:50:40.000000000,100092,172,100073,172,100106,172,100013,272,100172,172,99989,172,100205,172,99966,172,100257,172,99929,172,100440,100,99925,100,100491,100,99917,100,100504,100,99886,100,100641,100,99884,100,100826,100,99882,100
2019-06-28 09:50:47.094117709,100092,72,100073,172,100106,172,100013,272,100172,172,99989,172,100205,172,99966,172,100257,172,99929,172,100440,100,99925,100,100491,100,99917,100,100504,100,99886,100,100641,100,99884,100,100826,100,99882,100
2019-06-28 09:50:50.000000000,100106,172,100073,172,100172,172,100013,272,100205,172,99989,172,100257,172,99966,172,100440,172,99929,172,100491,100,99925,100,100504,100,99917,100,100641,100,99886,100,100826,100,99884,100,100949,100,99882,100
2019-06-28 09:50:50.976687477,100106,172,100076,100,100172,172,100073,172,100205,172,100013,272,100257,172,99989,172,100440,172,99966,172,100491,100,99929,72,100504,100,99925,100,100641,100,99917,100,100826,100,99886,100,100949,100,99884,100
2019-06-28 09:51:00.000000000,100106,172,100076,172,100172,172,100073,172,100205,172,100013,272,100257,172,99989,172,100440,172,99966,172,100491,100,99925,100,100504,100,99917,100,100641,100,99886,100,100826,100,99884,100,100949,100,99882,100
2019-06-28 09:51:08.930620917,100106,172,100076,272,100172,172,100073,172,100205,172,100013,272,100257,172,99989,72,100440,172,99966,172,100491,100,99925,100,100504,100,99917,100,100641,100,99886,100,100826,100,99884,100,100949,100,99882,100
2019-06-28 09:51:10.000000000,100106,222,100076,322,100172,219,100073,219,100205,219,100013,319,100257,100,99966,100,100440,100,99925,100,100491,100,99917,100,100504,100,99886,100,100641,100,99884,100,100826,100,99882,100,100949,100,99874,100
2019-06-28 09:51:12.201520421,100106,222,100076,322,100172,219,100073,219,100205,219,100013,319,100257,100,99966,100,100294,100,99925,100,100440,100,99917,100,100491,100,99886,100,100504,100,99882,100,100641,100,99874,100,100826,100,99871,100
2019-06-28 09:51:14.819411502,100106,222,100076,422,100172,219,100073,219,100205,219,100013,319,100257,100,99966,100,100294,100,99925,100,100440,100,99917,100,100491,100,99886,100,100504,100,99882,100,100641,100,99874,100,100826,100,99871,100
2019-06-28 09:51:16.109914429,100106,222,100076,422,100172,219,100073,219,100205,219,100013,319,100257,100,99966,100,100294,100,99925,100,100400,100,99917,100,100440,100,99886,100,100491,100,99882,100,100504,100,99874,100,100641,100,99871,100
2019-06-28 09:51:17.854394894,100106,222,100076,522,100172,219,100073,219,100205,219,100013,319,100257,100,99966,100,100294,100,99925,100,100400,100,99917,100,100440,100,99886,100,100491,100,99882,100,100504,100,99874,100,100641,100,99871,100
2019-06-28 09:51:17.927165621,100106,122,100076,522,100172,219,100073,219,100205,219,100013,319,100257,100,99966,100,100294,100,99925,100,100400,100,99917,100,100440,100,99886,100,100491,100,99882,100,100504,100,99874,100,100641,100,99871,100
2019-06-28 09:51:19.161752100,100106,122,100076,422,100172,219,100073,219,100205,219,100013,319,100257,100,99966,100,100294,100,99925,100,100400,100,99917,100,100440,100,99886,100,100491,100,99882,100,100504,100,99874,100,100641,100,99871,100
2019-06-28 09:51:20.000000000,100172,172,100076,372,100205,172,100073,172,100257,172,100013,272,100294,172,99966,172,100400,172,99925,172,100440,100,99917,100,100491,100,99886,100,100504,100,99882,100,100641,100,99874,100,100949,100,99871,100
2019-06-28 09:51:25.698880881,100172,172,100092,100,100205,172,100076,272,100257,172,100073,172,100294,172,100013,272,100400,172,99966,172,100440,100,99925,172,100491,100,99917,100,100504,100,99886,100,100641,100,99882,100,100949,100,99874,100
2019-06-28 09:51:30.000000000,100172,460,100092,460,100205,100,100076,200,100257,100,100073,100,100294,100,100013,200,100400,100,99966,100,100440,100,99925,100,100491,100,99917,100,100504,100,99886,100,100641,100,99882,100,100949,100,99874,100
2019-06-28 09:51:30.233337192,100172,460,100092,460,100205,100,100076,200,100248,100,100073,100,100257,100,100013,200,100294,100,99966,100,100400,100,99925,100,100440,100,99917,100,100491,100,99886,100,100504,100,99882,100,100641,100,99874,100
2019-06-28 09:51:35.106997861,100136,100,100092,460,100172,460,100076,200,100205,100,100073,100,100248,100,100013,200,100257,100,99966,100,100294,100,99925,100,100400,100,99917,100,100440,100,99886,100,100491,100,99882,100,100504,100,99874,100
2019-06-28 09:51:40.000000000,100136,172,100092,172,100172,172,100076,272,100205,172,100073,172,100248,172,100013,272,100257,172,99966,172,100294,100,99925,100,100400,100,99917,100,100440,100,99886,100,100491,100,99882,100,100504,100,99874,100
2019-06-28 09:51:43.405185717,100136,172,100092,172,100172,172,100076,272,100205,172,100073,172,100217,100,100013,272,100248,172,99966,172,100257,172,99925,100,100294,100,99917,100,100400,100,99886,100,100440,100,99882,100,100491,100,99874,100
2019-06-28 09:51:47.827770364,100136,172,100092,72,100172,172,100076,272,100205,172,100073,172,100217,100,100013,272,100248,172,99966,172,100257,172,99925,100,100294,100,99917,100,100400,100,99886,100,100440,100,99882,100,100491,100,99874,100
2019-06-28 09:51:50.000000000,100136,280,100076,380,100172,280,100073,280,100205,100,100013,200,100217,100,99966,100,100248,100,99925,100,100257,100,99917,100,100294,100,99886,100,100400,100,99882,100,100440,100,99874,100,100491,100,99871,100
2019-06-28 09:52:00.000000000,100136,280,100076,380,100172,280,100073,280,100205,100,100013,200,100217,100,99966,100,100248,100,99925,100,100257,100,99917,100,100294,100,99886,100,100400,100,99882,100,100440,100,99874,100,100491,100,99871,100
2019-06-28 09:52:09.178735258,100136,280,100093,100,100172,280,100076,380,100205,100,100073,280,100217,100,100013,200,100248,100,99966,100,100257,100,99925,100,100294,100,99917,100,100400,100,99886,100,100440,100,99882,100,100491,100,99874,100
2019-06-28 09:52:10.000000000,100136,280,100093,280,100172,280,100076,380,100205,100,100073,100,100217,100,100013,200,100248,100,99966,100,100257,100,99925,100,100294,100,99917,100,100400,100,99886,100,100440,100,99882,100,100491,100,99874,100
2019-06-28 09:52:16.704995385,100136,180,100093,280,100172,280,100076,380,100205,100,100073,100,100217,100,100013,200,100248,100,99966,100,100257,100,99925,100,100294,100,99917,100,100400,100,99886,100,100440,100,99882,100,100491,100,99874,100
2019-06-28 09:52:20.000000000,100172,190,100093,190,100205,190,100076,290,100217,190,100073,190,100248,190,100013,290,100257,100,99966,100,100294,100,99925,100,100400,100,99917,100,100440,100,99886,100,100491,100,99882,100,100504,100,99874,100
2019-06-28 09:52:22.734487631,100172,190,100094,100,100205,190,100093,190,100217,190,100076,190,100248,190,100073,190,100257,100,100013,290,100294,100,99966,100,100400,100,99925,100,100440,100,99917,100,100491,100,99886,100,100504,100,99882,100
2019-06-28 09:52:30.000000000,100172,460,100094,460,100205,100,100093,100,100217,100,100076,100,100248,100,100073,100,100257,100,100013,200,100294,100,99966,100,100400,100,99925,100,100440,100,99917,100,100491,100,99886,100,100504,100,99882,100
2019-06-28 09:52:40.000000000,100172,280,100094,280,100205,280,100093,280,100217,100,100076,100,100248,100,100073,100,100257,100,100013,200,100294,100,99966,100,100400,100,99925,100,100440,100,99917,100,100491,100,99886,100,100504,100,99882,100
2019-06-28 09:52:41.814229989,100172,280,100094,280,100205,280,100093,280,100217,100,100076,100,100248,100,100073,100,100294,100,100013,200,100400,100,99966,100,100440,100,99925,100,100491,100,99917,100,100504,100,99886,100,100584,100,99882,100
2019-06-28 09:52:46.510316446,100172,280,100094,280,100205,280,100093,280,100217,100,100076,100,100248,100,100073,100,100294,100,100013,200,100400,100,99966,100,100440,100,99925,100,100491,100,99917,100,100494,100,99886,100,100504,100,99882,100
2019-06-28 09:52:50.000000000,100172,280,100094,280,100205,280,100093,280,100217,100,100076,100,100248,100,100073,100,100294,100,100013,200,100400,100,99966,100,100440,100,99925,100,100491,100,99917,100,100494,100,99886,100,100504,100,99882,100
2019-06-28 09:52:50.998202176,100172,180,100094,280,100205,280,100093,280,100217,100,100076,100,100248,100,100073,100,100294,100,100013,200,100400,100,99966,100,100440,100,99925,100,100491,100,99917,100,100494,100,99886,100,100504,100,99882,100
2019-06-28 09:52:54.033525259,100172,180,100094,280,100205,280,100093,280,100217,100,100076,100,100248,100,100073,100,100294,100,100013,200,100400,100,99966,100,100420,100,99925,100,100440,100,99917,100,100491,100,99886,100,100494,100,99882,100
2019-06-28 09:53:00.000000000,100205,460,100094,460,100217,100,100093,100,100248,100,100076,100,100294,100,100073,100,100400,100,100013,200,100420,100,99966,100,100440,100,99925,100,100491,100,99917,100,100494,100,99886,100,100504,100,99882,100
2019-06-28 09:53:06.476197650,100205,460,100094,460,100217,100,100093,100,100248,100,100076,100,100294,100,100073,100,100357,100,100013,200,100400,100,99966,100,100420,100,99925,100,100440,100,99917,100,100491,100,99886,100,100494,100,99882,100
2019-06-28 09:53:10.000000000,100205,280,100094,280,100217,280,100093,280,100248,100,100076,100,100294,100,100073,100,100357,100,100013,200,100400,100,99966,100,100420,100,99925,100,100440,100,99917,100,100491,100,99886,100,100494,100,99882,100
2019-06-28 09:53:14.674677741,100205,280,100136,100,100217,280,100094,280,100248,100,100093,280,100294,100,100076,100,100357,100,100073,100,100400,100,100013,200,100420,100,99966,100,100440,100,99925,100,100491,100,99917,100,100494,100,99886,100
2019-06-28 09:53:20.000000000,100205,460,100136,460,100217,100,100094,100,100248,100,100093,100,100294,100,100076,100,100357,100,100073,100,100400,100,100013,200,100420,100,99966,100,100440,100,99925,100,100491,100,99917,100,100494,100,99886,100
2019-06-28 09:53:23.834830995,100205,460,100136,460,100217,100,100094,100,100248,100,100093,100,100294,100,100076,100,100357,100,100073,100,100400,100,100013,200,100420,100,99966,100,100440,100,99925,100,100491,100,99917,100,100494,100,99886,100
2019-06-28 09:53:30.000000000,100205,190,100136,190,100217,190,100094,190,100248,190,100093,190,100294,190,100076,190,100357,100,100073,100,100400,100,100013,200,100420,100,99966,100,100440,100,99925,100,100491,100,99917,100,100494,100,99886,100
2019-06-28 09:53:40.000000000,100205,280,100136,280,100217,280,100094,280,100248,100,100093,100,100294,100,100076,100,100357,100,100073,100,100400,100,100013,200,100420,100,99966,100,100440,100,99925,100,100491,100,99917,100,100494,100,99886,100
2019-06-28 09:53:50.000000000,100205,460,100136,460,100217,100,100094,100,100248,100,100093,100,100294,100,100076,100,100357,100,100073,100,100400,100,100013,200,100420,100,99966,100,100440,100,99925,100,100491,100,99917,100,100494,100,99886,100
2019-06-28 09:54:00.000000000,100205,222,100136,222,100217,219,100094,219,100248,219,100093,219,100294,100,100076,100,100357,100,100073,100,100400,100,100013,200,100420,100,99966,100,100440,100,99925,100,100491,100,99917,100,100494,100,99886,100
2019-06-28 09:54:10.000000000,100205,190,100136,190,100217,190,100094,190,100248,190,100093,190,100294,190,100076,190,100357,100,100073,100,100400,100,100013,200,100420,100,99966,100,100440,100,99925,100,100491,100,99917,100,100494,100,99886,100
2019-06-28 09:54:16.051212500,100205,190,100136,190,100217,190,100094,190,100248,190,100093,190,100294,90,100076,190,100357,100,100073,100,100400,100,100013,200,100420,100,99966,100,100440,100,99925,100,100491,100,99917,100,100494,100,99886,100
2019-06-28 09:54:20.000000000,100205,222,100136,222,100217,219,100094,219,100248,219,100093,219,100357,100,100076,100,100400,100,100073,100,100420,100,100013,200,100440,100,99966,100,100491,100,99925,100,100494,100,99917,100,100502,100,99886,100
2019-06-28 09:54:22.683777574,100205,222,100136,222,100217,219,100094,219,100248,219,100093,219,100357,100,100076,100,100400,100,100073,100,100420,100,100013,200,100440,100,99966,100,100494,100,99925,100,100502,100,99917,100,100504,100,99886,100
2019-06-28 09:54:25.710820366,100205,222,100136,222,100217,219,100094,219,100248,119,100093,219,100357,100,100076,100,100400,100,100073,100,100420,100,100013,200,100440,100,99966,100,100494,100,99925,100,100502,100,99917,100,100504,100,99886,100
2019-06-28 09:54:30.000000000,100205,222,100136,222,100217,219,100094,219,100357,219,100093,219,100400,100,100076,100,100420,100,100073,100,100440,100,100013,200,100494,100,99966,100,100502,100,99925,100,100504,100,99917,100,100584,100,99886,100
2019-06-28 09:54:40.000000000,100205,190,100136,190,100217,190,100094,190,100357,190,100093,190,100400,190,100076,190,100420,100,100073,100,100440,100,100013,200,100494,100,99966,100,100502,100,99925,100,100504,100,99917,100,100584,100,99886,100
2019-06-28 09:54:49.685216890,100205,90,100136,190,100217,190,100094,190,100357,190,100093,190,100400,190,100076,190,100420,100,100073,100,100440,100,100013,200,100494,100,99966,100,100502,100,99925,100,100504,100,99917,100,100584,100,99886,100
2019-06-28 09:54:50.000000000,100217,190,100136,190,100357,190,100094,190,100400,190,100093,190,100420,190,100076,190,100440,100,100073,100,100494,100,100013,200,100502,100,99966,100,100504,100,99925,100,100584,100,99917,100,100641,100,99886,100
2019-06-28 09:54:53.803546781,100217,90,100136,190,100357,190,100094,190,100400,190,100093,190,100420,90,100076,190,100440,100,100073,100,100494,100,100013,200,100502,100,99966,100,100504,100,99925,100,100584,100,99917,100,100641,100,99886,100
2019-06-28 09:55:00.000000000,100357,172,100136,172,100400,172,100094,172,100440,172,100093,172,100494,172,100076,172,100502,172,100073,172,100504,100,100013,200,100584,100,99966,100,100641,100,99925,100,100949,100,99917,100,100969,100,99886,100
2019-06-28 09:55:02.799435839,100357,172,100136,72,100400,172,100094,172,100440,172,100093,172,100494,172,100076,172,100502,172,100073,172,100504,100,100013,200,100584,100,99966,100,100641,100,99925,100,100949,100,99917,100,100969,100,99886,100
2019-06-28 09:55:10.000000000,100357,280,100094,280,100400,280,100093,280,100440,100,100076,100,100494,100,100073,100,100502,100,100013,200,100504,100,99966,100,100584,100,99925,100,100641,100,99917,100,100949,100,99886,100,100969,100,99882,100
2019-06-28 09:55:20.000000000,100357,460,100094,460,100400,100,100093,100,100440,100,100076,100,100494,100,100073,100,100502,100,100013,200,100504,100,99966,100,100584,100,99925,100,100641,100,99917,100,100949,100,99886,100,100969,100,99882,100
2019-06-28 09:55:30.000000000,100357,460,100094,460,100400,100,100093,100,100440,100,100076,100,100494,100,100073,100,100502,100,100013,200,100504,100,99966,100,100584,100,99925,100,100641,100,99917,100,100949,100,99886,100,100969,100,99882,100
2019-06-28 09:55:35.812426807,100357,360,100094,460,100400,100,100093,100,100440,100,100076,100,100494,100,100073,100,100502,100,100013,200,100504,100,99966,100,100584,100,99925,100,100641,100,99917,100,100949,100,99886,100,100969,100,99882,100
2019-06-28 09:55:40.000000000,100400,222,100094,222,100440,219,100093,219,100494,219,100076,219,100502,100,100073,100,100504,100,100013,200,100584,100,99966,100,100641,100,99925,100,100949,100,99917,100,100969,100,99886,100,101504,100,99882,100
2019-06-28 09:55:45.733540286,100400,122,100094,222,100440,219,100093,219,100494,219,100076,219,100502,100,100073,100,100504,100,100013,200,100584,100,99966,100,100641,100,99925,100,100949,100,99917,100,100969,100,99886,100,101504,100,99882,100
2019-06-28 09:55:50.000000000,100440,222,100094,222,100494,219,100093,219,100502,219,100076,219,100504,100,100073,100,100584,100,100013,200,100641,100,99966,100,100949,100,99925,100,100969,100,99917,100,101504,100,99886,100,101581,100,99882,100
2019-06-28 09:56:00.000000000,100440,190,100094,190,100494,190,100093,190,100502,190,100076,190,100504,190,100073,190,100584,100,100013,200,100641,100,99966,100,100949,100,99925,100,100969,100,99917,100,101504,100,99886,100,101581,100,99882,100
2019-06-28 09:56:08.860114256,100440,190,100357,100,100494,190,100094,190,100502,190,100093,190,100504,190,100076,190,100584,100,100073,190,100641,100,100013,200,100949,100,99966,100,100969,100,99925,100,101504,100,99917,100,101581,100,99886,100
2019-06-28 09:56:10.000000000,100440,172,100357,172,100494,172,100094,172,100502,172,100093,172,100504,172,100076,172,100584,172,100073,172,100641,100,100013,200,100949,100,99966,100,100969,100,99925,100,101504,100,99917,100,101581,100,99886,100
2019-06-28 09:56:12.248153273,100440,72,100357,172,100494,172,100094,172,100502,172,100093,172,100504,172,100076,172,100584,172,100073,172,100641,100,100013,200,100949,100,99966,100,100969,100,99925,100,101504,100,99917,100,101581,100,99886,100
2019-06-28 09:56:20.000000000,100494,280,100357,280,100502,280,100094,280,100504,100,100093,100,100584,100,100076,100,100641,100,100073,100,100949,100,100013,200,100969,100,99966,100,101504,100,99925,100,101581,100,99917,100,,,99886,100
2019-06-28 09:56:30.000000000,100494,190,100357,190,100502,190,100094,190,100504,190,100093,190,100584,190,100076,190,100641,100,100073,100,100949,100,100013,200,100969,100,99966,100,101504,100,99925,100,101581,100,99917,100,,,99886,100
2019-06-28 09:56:40.000000000,100494,460,100357,460,100502,100,100094,100,100504,100,100093,100,100584,100,100076,100,100641,100,100073,100,100949,100,100013,200,100969,100,99966,100,101504,100,99925,100,101581,100,99917,100,,,99886,100
2019-06-28 09:56:50.000000000,100494,280,100357,280,100502,280,100094,280,100504,100,100093,100,100584,100,100076,100,100641,100,100073,100,100949,100,100013,200,100969,100,99966,100,101504,100,99925,100,101581,100,99917,100,,,99886,100
2019-06-28 09:56:53.630514147,100494,280,100400,100,100502,280,100357,280,100504,100,100094,280,100584,100,100093,100,100641,100,100076,100,100949,100,100073,100,100969,100,100013,200,101504,100,99966,100,101581,100,99925,100,,,99917,100
2019-06-28 09:57:00.000000000,100494,222,100400,222,100502,219,100357,219,100504,219,100094,219,100584,100,100093,100,100641,100,100076,100,100949,100,100073,100,100969,100,100013,200,101504,100,99966,100,101581,100,99925,100,,,99917,100
2019-06-28 09:57:10.000000000,100494,222,100400,222,100502,219,100357,219,100504,219,100094,219,100584,100,100093,100,100641,100,100076,100,100949,100,100073,100,100969,100,100013,200,101504,100,99966,100,101581,100,99925,100,,,99917,100
2019-06-28 09:57:14.900427138,100494,222,100400,322,100502,219,100357,219,100504,219,100094,219,100584,100,100076,100,100641,100,100073,100,100949,100,100013,200,100969,100,99966,100,101504,100,99925,100,101581,100,99917,100,,,99886,100
2019-06-28 09:57:20.000000000,100494,460,100400,560,100502,100,100357,100,100504,100,100094,100,100584,100,100076,100,100641,100,100073,100,100949,100,100013,200,100969,100,99966,100,101504,100,99925,100,101581,100,99917,100,,,99886,100
2019-06-28 09:57:30.000000000,100494,222,100400,322,100502,219,100357,219,100504,219,100094,219,100584,100,100076,100,100641,100,100073,100,100949,100,100013,200,100969,100,99966,100,101504,100,99925,100,101581,100,99917,100,,,99886,100
2019-06-28 09:57:40.000000000,100494,172,100400,272,100502,172,100357,172,100504,172,100094,172,100584,172,100076,172,100641,172,100073,172,100949,100,100013,200,100969,100,99966,100,101504,100,99925,100,101581,100,99917,100,,,99886,100
2019-06-28 09:57:50.000000000,100494,172,100400,272,100502,172,100357,172,100504,172,100094,172,100584,172,100076,172,100641,172,100073,172,100949,100,100013,200,100969,100,99966,100,101504,100,99925,100,101581,100,99917,100,,,99886,100
2019-06-28 09:58:00.000000000,100494,172,100400,272,100502,172,100357,172,100504,172,100094,172,100584,172,100076,172,100641,172,100073,172,100949,100,100013,200,100969,100,99966,100,101504,100,99925,100,101581,100,99917,100,,,99886,100
2019-06-28 09:58:00.400415098,100494,72,100400,272,100502,172,100357,172,100504,172,100094,172,100584,172,100076,172,100641,172,100073,172,100949,100,100013,200,100969,100,99966,100,101504,100,99925,100,101581,100,99917,100,,,99886,100
2019-06-28 09:58:00.414759739,100494,72,100400,272,100502,172,100357,172,100504,172,100094,172,100584,172,100076,172,100641,172,100073,172,100949,100,100013,100,100969,100,99966,100,101504,100,99925,100,101581,100,99917,100,,,99886,100
2019-06-28 09:58:10.000000000,100502,172,100400,272,100504,172,100357,172,100584,172,100094,172,100641,172,100076,172,100949,172,100073,172,100969,100,100013,100,101504,100,99966,100,101581,100,99925,100,,,99917,100,,,99886,100
2019-06-28 09:58:11.450630734,100502,172,100400,272,100504,172,100357,172,100584,172,100094,172,100641,172,100076,172,100949,172,100073,172,100969,100,100013,100,101504,100,99966,100,101581,100,99925,100,102007,100,99917,100,,,99886,100
2019-06-28 09:58:16.077208045,100502,72,100400,272,100504,172,100357,172,100584,172,100094,172,100641,172,100076,172,100949,172,100073,172,100969,100,100013,100,101504,100,99966,100,101581,100,99925,100,102007,100,99917,100,,,99886,100
2019-06-28 09:58:20.000000000,100504,222,100400,322,100584,219,100357,219,100641,219,100094,219,100949,100,100076,100,100969,100,100073,100,101504,100,100013,100,101581,100,99966,100,102007,100,99925,100,,,99917,100,,,99886,100
2019-06-28 09:58:20.073889028,100504,222,100400,322,100584,219,100357,219,100641,219,100094,219,100949,100,100076,100,100969,100,100073,100,101581,100,100013,100,101930,100,99966,100,102007,100,99925,100,,,99917,100,,,99886,100
2019-06-28 09:58:30.000000000,100504,190,100400,290,100584,190,100357,190,100641,190,100094,190,100949,190,100076,190,100969,100,100073,100,101581,100,100013,100,101930,100,99966,100,102007,100,99925,100,,,99917,100,,,99886,100
2019-06-28 09:58:37.419829212,100504,90,100400,290,100584,190,100357,190,100641,190,100094,190,100949,190,100076,190,100969,100,100073,100,101581,100,100013,100,101930,100,99966,100,102007,100,99925,100,,,99917,100,,,99886,100
2019-06-28 09:58:40.000000000,100584,280,100400,380,100641,280,100357,280,100949,100,100094,100,100969,100,100076,100,101581,100,100073,100,101930,100,100013,100,102007,100,99966,100,,,99925,100,,,99917,100,,,99886,100
2019-06-28 09:58:48.288826854,100584,280,100502,100,100641,280,100400,380,100949,100,100357,280,100969,100,100094,100,101581,100,100076,100,101930,100,100073,100,102007,100,100013,100,,,99966,100,,,99925,100,,,99917,100
2019-06-28 09:58:50.000000000,100584,190,100502,190,100641,190,100400,290,100949,190,100357,190,100969,190,100094,190,101581,100,100076,100,101930,100,100073,100,102007,100,100013,100,,,99966,100,,,99925,100,,,99917,100
2019-06-28 09:59:00.000000000,100584,172,100502,172,100641,172,100400,272,100949,172,100357,172,100969,172,100094,172,101581,172,100076,172,101930,100,100073,100,102007,100,100013,100,,,99966,100,,,99925,100,,,99917,100
2019-06-28 09:59:08.675418359,100584,172,100502,272,100641,172,100400,272,100949,172,100357,172,100969,172,100094,172,101581,172,100076,172,101930,100,100073,100,102007,100,100013,100,,,99966,100,,,99925,100,,,99917,100
2019-06-28 09:59:09.298241931,100584,72,100502,272,100641,172,100400,272,100949,172,100357,172,100969,172,100094,172,101581,172,100076,172,101930,100,100073,100,102007,100,100013,100,,,99966,100,,,99925,100,,,99917,100
2019-06-28 09:59:10.000000000,100641,280,100502,380,100949,280,100400,380,100969,100,100357,100,101581,100,100094,100,101930,100,100076,100,102007,100,100073,100,,,100013,100,,,99966,100,,,99925,100,,,99917,100
2019-06-28 09:59:11.439793086,100641,280,100502,380,100949,280,100400,380,100969,100,100357,100,101581,100,100094,100,101696,100,100076,100,101930,100,100073,100,102007,100,100013,100,,,99966,100,,,99925,100,,,99917,100
2019-06-28 09:59:20.000000000,100641,280,100502,380,100949,280,100400,380,100969,100,100357,100,101581,100,100094,100,101696,100,100076,100,101930,100,100073,100,102007,100,100013,100,,,99966,100,,,99925,100,,,99917,100
2019-06-28 09:59:30.000000000,100641,222,100502,322,100949,219,100400,319,100969,219,100357,219,101581,100,100094,100,101696,100,100076,100,101930,100,100073,100,102007,100,100013,100,,,99966,100,,,99925,100,,,99917,100
2019-06-28 09:59:36.490717181,100641,222,100504,100,100949,219,100502,322,100969,219,100400,319,101581,100,100357,219,101696,100,100094,100,101930,100,100076,100,102007,100,100073,100,,,100013,100,,,99966,100,,,99925,100
2019-06-28 09:59:40.000000000,100641,172,100504,172,100949,172,100502,272,100969,172,100400,272,101581,172,100357,172,101696,172,100094,172,101930,100,100076,100,102007,100,100073,100,,,100013,100,,,99966,100,,,99925,100
2019-06-28 09:59:42.826179541,100641,72,100504,172,100949,172,100502,272,100969,172,100400,272,101581,172,100357,172,101696,172,100094,172,101930,100,100076,100,102007,100,100073,100,,,100013,100,,,99966,100,,,99925,100
2019-06-28 09:59:50.000000000,100949,222,100504,222,100969,219,100502,319,101581,219,100400,319,101696,100,100357,100,101930,100,100094,100,102007,100,100076,100,,,100073,100,,,100013,100,,,99966,100,,,99925,100
2019-06-28 09:59:52.943465005,100949,122,100504,222,100969,219,100502,319,101581,219,100400,319,101696,100,100357,100,101930,100,100094,100,102007,100,100076,100,,,100073,100,,,100013,100,,,99966,100,,,99925,100
2019-06-28 09:59:55.938231565,100949,22,100504,222,100969,219,100502,319,101581,219,100400,319,101696,100,100357,100,101930,100,100094,100,102007,100,100076,100,,,100073,100,,,100013,100,,,99966,100,,,99925,100
2019-06-28 10:00:00.000000000,100969,172,100504,172,101581,172,100502,272,101696,172,100400,272,101930,172,100357,172,102007,172,100094,172,,,100076,100,,,100073,100,,,100013,100,,,99966,100,,,99925,100
2019-06-28 10:00:09.697586830,100969,172,100504,172,101581,172,100502,272,101696,172,100400,272,101930,172,100357,172,101996,100,100094,172,102007,172,100076,100,,,100073,100,,,100013,100,,,99966,100,,,99925,100
2019-06-28 10:00:10.000000000,100969,222,100504,222,101581,219,100502,319,101696,219,100400,319,101930,100,100357,100,101996,100,100094,100,102007,100,100076,100,,,100073,100,,,100013,100,,,99966,100,,,99925,100
2019-06-28 10:00:20.000000000,100969,190,100504,190,101581,190,100502,290,101696,190,100400,290,101930,190,100357,190,101996,100,100094,100,102007,100,100076,100,,,100073,100,,,100013,100,,,99966,100,,,99925,100
2019-06-28 10:00:26.913160144,100969,90,100504,190,101581,190,100502,290,101696,190,100400,290,101930,190,100357,190,101996,100,100094,100,102007,100,100076,100,,,100073,100,,,100013,100,,,99966,100,,,99925,100
2019-06-28 10:00:30.000000000,101581,172,100504,172,101696,172,100502,272,101930,172,100400,272,101996,172,100357,172,102007,172,100094,172,,,100076,100,,,100073,100,,,100013,100,,,99966,100,,,99925,100
2019-06-28 10:00:40.000000000,101581,460,100504,460,101696,100,100502,200,101930,100,100400,200,101996,100,100357,100,102007,100,100094,100,,,100076,100,,,100073,100,,,100013,100,,,99966,100,,,99925,100
2019-06-28 10:00:50.000000000,101581,460,100504,460,101696,100,100502,200,101930,100,100400,200,101996,100,100357,100,102007,100,100094,100,,,100076,100,,,100073,100,,,100013,100,,,99966,100,,,99925,100
2019-06-28 10:00:58.932561207,101581,460,100949,100,101696,100,100504,460,101930,100,100502,200,101996,100,100400,100,102007,100,100357,100,,,100094,100,,,100076,100,,,100073,100,,,100013,100,,,99966,100
2019-06-28 10:01:00.000000000,101581,172,100949,172,101696,172,100504,172,101930,172,100502,272,101996,172,100400,172,102007,172,100357,172,,,100094,100,,,100076,100,,,100073,100,,,100013,100,,,99966,100
2019-06-28 10:01:10.000000000,101581,280,100949,280,101696,280,100504,280,101930,100,100502,200,101996,100,100400,100,102007,100,100357,100,,,100094,100,,,100076,100,,,100073,100,,,100013,100,,,99966,100
2019-06-28 10:01:20.000000000,101581,460,100949,460,101696,100,100504,100,101930,100,100502,200,101996,100,100400,100,102007,100,100357,100,,,100094,100,,,100076,100,,,100073,100,,,100013,100,,,99966,100
2019-06-28 10:01:30.000000000,101581,190,100949,190,101696,190,100504,190,101930,190,100502,290,101996,190,100400,190,102007,100,100357,100,,,100094,100,,,100076,100,,,100073,100,,,100013,100,,,99966,100
2019-06-28 10:01:38.011639491,101581,90,100949,190,101696,190,100504,190,101930,190,100502,290,101996,190,100400,190,102007,100,100357,100,,,100094,100,,,100076,100,,,100073,100,,,100013,100,,,99966,100
2019-06-28 10:01:40.000000000,101696,222,100949,222,101930,219,100504,219,101996,219,100502,319,102007,100,100400,100,,,100357,100,,,100094,100,,,100076,100,,,100073,100,,,100013,100,,,99966,100
2019-06-28 10:01:50.000000000,101696,460,100949,460,101930,100,100504,100,101996,100,100502,200,102007,100,100400,100,,,100357,100,,,100094,100,,,100076,100,,,100073,100,,,100013,100,,,99966,100
2019-06-28 10:02:00.000000000,101696,222,100949,222,101930,219,100504,219,101996,219,100502,319,102007,100,100400,100,,,100357,100,,,100094,100,,,100076,100,,,100073,100,,,100013,100,,,99966,100
2019-06-28 10:02:10.000000000,101696,172,100949,172,101930,172,100504,172,101996,172,100502,272,102007,172,100400,172,102008,72,100357,172,,,100094,100,,,100076,100,,,100073,100,,,100013,100,,,99966,100
2019-06-28 10:02:20.000000000,101696,222,100949,222,101930,219,100504,219,101996,219,100502,319,102007,100,100400,100,,,100357,100,,,100094,100,,,100076,100,,,100073,100,,,100013,100,,,99966,100
2019-06-28 10:02:27.727491423,101696,122,100949,222,101930,219,100504,219,101996,219,100502,319,102007,100,100400,100,,,100357,100,,,100094,100,,,100076,100,,,100073,100,,,100013,100,,,99966,100
2019-06-28 10:02:30.000000000,101930,222,100949,222,101996,219,100504,219,102007,219,100502,319,,,100400,100,,,100357,100,,,100094,100,,,100076,100,,,100073,100,,,100013,100,,,99966,100
2019-06-28 10:02:33.928456224,101930,222,100949,222,101996,219,100504,219,102007,219,100502,319,102071,100,100400,100,,,100357,100,,,100094,100,,,100076,100,,,100073,100,,,100013,100,,,99966,100
2019-06-28 10:02:37.126429737,101930,222,101581,100,101996,219,100949,222,102007,219,100504,219,102071,100,100502,219,,,100400,100,,,100357,100,,,100094,100,,,100076,100,,,100073,100,,,100013,100
2019-06-28 10:02:40.000000000,101930,172,101581,172,101996,172,100949,172,102007,172,100504,172,102071,172,100502,172,102072,72,100400,172,,,100357,100,,,100094,100,,,100076,100,,,100073,100,,,100013,100
2019-06-28 10:02:50.000000000,101930,190,101581,190,101996,190,100949,190,102007,190,100504,190,102071,190,100502,190,,,100400,100,,,100357,100,,,100094,100,,,100076,100,,,100073,100,,,100013,100
2019-06-28 10:03:00.000000000,101930,222,101581,222,101996,219,100949,219,102007,219,100504,219,102071,100,100502,100,,,100400,100,,,100357,100,,,100094,100,,,100076,100,,,100073,100,,,100013,100
2019-06-28 10:03:04.174684716,101930,222,101581,122,101996,219,100949,219,102007,219,100504,219,102071,100,100502,100,,,100400,100,,,100357,100,,,100094,100,,,100076,100,,,100073,100,,,100013,100
2019-06-28 10:03:04.489011693,101695,100,101581,122,101930,222,100949,219,101996,219,100504,219,102007,219,100502,100,102071,100,100400,100,,,100357,100,,,100094,100,,,100073,100,,,100013,100,,,99966,100
2019-06-28 10:03:08.777500265,101695,100,101581,122,101930,222,101004,100,101996,219,100949,219,102007,219,100504,219,102071,100,100502,100,,,100400,100,,,100357,100,,,100094,100,,,100073,100,,,100013,100
2019-06-28 10:03:10.000000000,101695,222,101004,222,101930,219,100949,219,101996,219,100504,219,102007,100,100502,100,102071,100,100400,100,,,100357,100,,,100094,100,,,100073,100,,,100013,100,,,99966,100
2019-06-28 10:03:17.505258578,101695,222,101352,100,101930,219,101004,222,101996,219,100949,219,102007,100,100504,219,102071,100,100502,100,,,100400,100,,,100357,100,,,100094,100,,,100073,100,,,100013,100
2019-06-28 10:03:20.000000000,101695,172,101352,172,101930,172,101004,172,101996,172,100949,172,102007,172,100504,172,102071,172,100502,172,,,100400,100,,,100357,100,,,100094,100,,,100073,100,,,100013,100
2019-06-28 10:03:30.000000000,101695,460,101352,460,101930,100,101004,100,101996,100,100949,100,102007,100,100504,100,102071,100,100502,100,,,100400,100,,,100357,100,,,100094,100,,,100073,100,,,100013,100
2019-06-28 10:03:40.000000000,101695,280,101352,280,101930,280,101004,280,101996,100,100949,100,102007,100,100504,100,102071,100,100502,100,,,100400,100,,,100357,100,,,100094,100,,,100073,100,,,100013,100
2019-06-28 10:03:48.652093075,101530,100,101352,180,101695,280,101004,280,101930,280,100949,100,101996,100,100504,100,102007,100,100502,100,102071,100,100400,100,,,100357,100,,,100094,100,,,100073,100,,,100013,100
2019-06-28 10:03:50.000000000,101530,190,101004,190,101695,190,100949,190,101930,190,100504,190,101996,190,100502,190,102007,100,100400,100,102071,100,100357,100,,,100094,100,,,100073,100,,,100013,100,,,99966,100
2019-06-28 10:04:00.000000000,101530,190,101004,190,101695,190,100949,190,101930,190,100504,190,101996,190,100502,190,102007,100,100400,100,102071,100,100357,100,,,100094,100,,,100073,100,,,100013,100,,,99966,100
2019-06-28 10:04:10.000000000,101530,222,101004,222,101695,219,100949,219,101930,219,100504,219,101996,100,100502,100,102007,100,100400,100,102071,100,100357,100,,,100094,100,,,100073,100,,,100013,100,,,99966,100
2019-06-28 10:04:20.000000000,101530,190,101004,190,101695,190,100949,190,101930,190,100504,190,101996,190,100502,190,102007,100,100400,100,102071,100,100357,100,,,100094,100,,,100073,100,,,100013,100,,,99966,100
2019-06-28 10:04:28.569941235,101530,190,101004,190,101695,190,100949,190,101868,100,100504,190,101930,190,100502,190,101996,190,100400,100,102007,100,100357,100,102071,100,100094,100,,,100073,100,,,100013,100,,,99966,100
2019-06-28 10:04:29.251005185,101530,90,101004,190,101695,190,100949,190,101868,100,100504,190,101930,190,100502,190,101996,190,100400,100,102007,100,100357,100,102071,100,100094,100,,,100073,100,,,100013,100,,,99966,100
2019-06-28 10:04:30.000000000,101695,280,101004,280,101868,280,100949,280,101930,100,100504,100,101996,100,100502,100,102007,100,100400,100,102071,100,100357,100,,,100094,100,,,100073,100,,,100013,100,,,99966,100
2019-06-28 10:04:40.000000000,101695,190,101004,190,101868,190,100949,190,101930,190,100504,190,101996,190,100502,190,102007,100,100400,100,102071,100,100357,100,,,100094,100,,,100073,100,,,100013,100,,,99966,100
2019-06-28 10:04:50.000000000,101695,280,101004,280,101868,280,100949,280,101930,100,100504,100,101996,100,100502,100,102007,100,100400,100,102071,100,100357,100,,,100094,100,,,100073,100,,,100013,100,,,99966,100
2019-06-28 10:04:53.264538187,101529,100,101004,280,101695,280,100949,280,101868,280,100504,100,101930,100,100502,100,101996,100,100400,100,102007,100,100094,100,102071,100,100073,100,,,100013,100,,,99966,100,,,99925,100
2019-06-28 10:05:00.000000000,101529,190,101004,190,101695,190,100949,190,101868,190,100504,190,101930,190,100502,190,101996,100,100400,100,102007,100,100094,100,102071,100,100073,100,,,100013,100,,,99966,100,,,99925,100
2019-06-28 10:05:10.000000000,101529,172,101004,172,101695,172,100949,172,101868,172,100504,172,101930,172,100502,172,101996,172,100400,172,102007,100,100094,100,102071,100,100073,100,,,100013,100,,,99966,100,,,99925,100
2019-06-28 10:05:20.000000000,101529,460,101004,460,101695,100,100949,100,101868,100,100504,100,101930,100,100502,100,101996,100,100400,100,102007,100,100094,100,102071,100,100073,100,,,100013,100,,,99966,100,,,99925,100
2019-06-28 10:05:30.000000000,101529,172,101004,172,101695,172,100949,172,101868,172,100504,172,101930,172,100502,172,101996,172,100400,172,102007,100,100094,100,102071,100,100073,100,,,100013,100,,,99966,100,,,99925,100
2019-06-28 10:05:40.000000000,101529,460,101004,460,101695,100,100949,100,101868,100,100504,100,101930,100,100502,100,101996,100,100400,100,102007,100,100094,100,102071,100,100073,100,,,100013,100,,,99966,100,,,99925,100
2019-06-28 10:05:45.016314541,101529,460,101004,460,101611,100,100949,100,101695,100,100504,100,101868,100,100502,100,101930,100,100400,100,101996,100,100094,100,102007,100,100073,100,102071,100,100013,100,,,99966,100,,,99925,100
2019-06-28 10:05:50.000000000,101529,222,101004,222,101611,219,100949,219,101695,219,100504,219,101868,100,100502,100,101930,100,100400,100,101996,100,100094,100,102007,100,100073,100,102071,100,100013,100,,,99966,100,,,99925,100
2019-06-28 10:05:56.685027837,101529,222,101004,222,101581,100,100949,219,101611,219,100504,219,101695,219,100502,100,101868,100,100400,100,101930,100,100094,100,101996,100,100073,100,102007,100,100013,100,102071,100,99966,100,,,99925,100
2019-06-28 10:06:00.000000000,101529,190,101004,190,101581,190,100949,190,101611,190,100504,190,101695,190,100502,190,101868,100,100400,100,101930,100,100094,100,101996,100,100073,100,102007,100,100013,100,102071,100,99966,100,,,99925,100
2019-06-28 10:06:10.000000000,101529,222,101004,222,101581,219,100949,219,101611,219,100504,219,101695,100,100502,100,101868,100,100400,100,101930,100,100094,100,101996,100,100073,100,102007,100,100013,100,102071,100,99966,100,,,99925,100
2019-06-28 10:06:20.000000000,101529,460,101004,460,101581,100,100949,100,101611,100,100504,100,101695,100,100502,100,101868,100,100400,100,101930,100,100094,100,101996,100,100073,100,102007,100,100013,100,102071,100,99966,100,,,99925,100
2019-06-28 10:06:23.519597594,101529,460,101241,100,101581,100,101004,460,101611,100,100949,100,101695,100,100504,100,101868,100,100502,100,101930,100,100400,100,101996,100,100094,100,102007,100,100073,100,102071,100,100013,100,,,99966,100
2019-06-28 10:06:30.000000000,101529,280,101241,280,101581,280,101004,280,101611,100,100949,100,101695,100,100504,100,101868,100,100502,100,101930,100,100400,100,101996,100,100094,100,102007,100,100073,100,102071,100,100013,100,,,99966,100
2019-06-28 10:06:40.000000000,101529,222,101241,222,101581,219,101004,219,101611,219,100949,219,101695,100,100504,100,101868,100,100502,100,101930,100,100400,100,101996,100,100094,100,102007,100,100073,100,102071,100,100013,100,,,99966,100
2019-06-28 10:06:49.295621568,101255,100,101241,222,101529,222,101004,219,101581,219,100949,219,101611,219,100504,100,101695,100,100502,100,101868,100,100400,100,101930,100,100094,100,101996,100,100073,100,102007,100,100013,100,102071,100,99966,100
2019-06-28 10:06:50.000000000,101255,172,101241,172,101529,172,101004,172,101581,172,100949,172,101611,172,100504,172,101695,172,100502,172,101868,100,100400,100,101930,100,100094,100,101996,100,100073,100,102007,100,100013,100,102071,100,99966,100
2019-06-28 10:07:00.000000000,101255,222,101241,222,101529,219,101004,219,101581,219,100949,219,101611,100,100504,100,101695,100,100502,100,101868,100,100400,100,101930,100,100094,100,101996,100,100073,100,102007,100,100013,100,102071,100,99966,100
2019-06-28 10:07:10.000000000,101255,280,101241,280,101529,280,101004,280,101581,100,100949,100,101611,100,100504,100,101695,100,100502,100,101868,100,100400,100,101930,100,100094,100,101996,100,100073,100,102007,100,100013,100,102071,100,99966,100
2019-06-28 10:07:13.278718115,101255,280,101241,280,101529,280,101004,280,101581,100,100949,100,101611,100,100905,100,101695,100,100504,100,101868,100,100502,100,101930,100,100400,100,101996,100,100094,100,102007,100,100073,100,102071,100,100013,100
2019-06-28 10:07:19.924974124,101255,280,101241,180,101529,280,101004,280,101581,100,100949,100,101611,100,100905,100,101695,100,100504,100,101868,100,100502,100,101930,100,100400,100,101996,100,100094,100,102007,100,100073,100,102071,100,100013,100
2019-06-28 10:07:20.000000000,101255,172,101004,172,101529,172,100949,172,101581,172,100905,172,101611,172,100504,172,101695,172,100502,172,101868,100,100400,100,101930,100,100094,100,101996,100,100073,100,102007,100,100013,100,102071,100,99925,100
2019-06-28 10:07:24.866690814,101255,172,101004,172,101529,172,100949,172,101581,172,100905,172,101611,172,100678,100,101695,172,100504,172,101868,100,100502,172,101930,100,100400,100,101996,100,100094,100,102007,100,100073,100,102071,100,100013,100
2019-06-28 10:07:28.651785042,101255,172,101004,172,101529,172,100990,100,101581,172,100949,172,101611,172,100905,72,101695,172,100678,100,101868,100,100504,172,101930,100,100502,172,101996,100,100400,100,102007,100,100094,100,102071,100,100073,100
2019-06-28 10:07:30.000000000,101255,222,101004,222,101529,219,100990,219,101581,219,100949,219,101611,100,100678,100,101695,100,100504,100,101868,100,100502,100,101930,100,100400,100,101996,100,100094,100,102007,100,100073,100,102071,100,100013,100
2019-06-28 10:07:40.000000000,101255,222,101004,222,101529,219,100990,219,101581,219,100949,219,101611,100,100678,100,101695,100,100504,100,101868,100,100502,100,101930,100,100400,100,101996,100,100094,100,102007,100,100073,100,102071,100,100013,100
2019-06-28 10:07:40.642325016,101255,222,101004,222,101528,100,100990,219,101529,219,100949,219,101581,219,100678,100,101611,100,100504,100,101695,100,100502,100,101868,100,100400,100,101930,100,100094,100,101996,100,100073,100,102007,100,100013,100
2019-06-28 10:07:45.211369040,101255,222,101004,222,101310,100,100990,219,101528,100,100949,219,101529,219,100678,100,101581,219,100504,100,101611,100,100502,100,101695,100,100400,100,101868,100,100094,100,101930,100,100073,100,101996,100,100013,100
2019-06-28 10:07:50.000000000,101255,222,101004,222,101310,219,100990,219,101528,219,100949,219,101529,100,100678,100,101581,100,100504,100,101611,100,100502,100,101695,100,100400,100,101868,100,100094,100,101930,100,100073,100,101996,100,100013,100
2019-06-28 10:08:00.000000000,101255,222,101004,222,101310,219,100990,219,101528,219,100949,219,101529,100,100678,100,101581,100,100504,100,101611,100,100502,100,101695,100,100400,100,101868,100,100094,100,101930,100,100073,100,101996,100,100013,100
2019-06-28 10:08:10.000000000,101255,460,101004,460,101310,100,100990,100,101528,100,100949,100,101529,100,100678,100,101581,100,100504,100,101611,100,100502,100,101695,100,100400,100,101868,100,100094,100,101930,100,100073,100,101996,100,100013,100
2019-06-28 10:08:20.000000000,101255,460,101004,460,101310,100,100990,100,101528,100,100949,100,101529,100,100678,100,101581,100,100504,100,101611,100,100502,100,101695,100,100400,100,101868,100,100094,100,101930,100,100073,100,101996,100,100013,100
2019-06-28 10:08:21.294395408,101255,460,101004,460,101310,100,100990,100,101528,100,100949,100,101529,100,100678,100,101562,100,100504,100,101581,100,100502,100,101611,100,100400,100,101695,100,100094,100,101868,100,100073,100,101930,100,100013,100
2019-06-28 10:08:30.000000000,101255,280,101004,280,101310,280,100990,280,101528,100,100949,100,101529,100,100678,100,101562,100,100504,100,101581,100,100502,100,101611,100,100400,100,101695,100,100094,100,101868,100,100073,100,101930,100,100013,100
2019-06-28 10:08:38.712820967,101255,180,101004,280,101310,280,100990,280,101528,100,100949,100,101529,100,100678,100,101562,100,100504,100,101581,100,100502,100,101611,100,100400,100,101695,100,100094,100,101868,100,100073,100,101930,100,100013,100
2019-06-28 10:08:40.000000000,101310,222,101004,222,101528,219,100990,219,101529,219,100949,219,101562,100,100678,100,101581,100,100504,100,101611,100,100502,100,101695,100,100400,100,101868,100,100094,100,101930,100,100073,100,101996,100,100013,100
2019-06-28 10:08:42.210846146,101310,222,101150,100,101528,219,101004,222,101529,219,100990,219,101562,100,100949,219,101581,100,100678,100,101611,100,100504,100,101695,100,100502,100,101868,100,100400,100,101930,100,100094,100,101996,100,100073,100
2019-06-28 10:08:50.000000000,101310,280,101150,280,101528,280,101004,280,101529,100,100990,100,101562,100,100949,100,101581,100,100678,100,101611,100,100504,100,101695,100,100502,100,101868,100,100400,100,101930,100,100094,100,101996,100,100073,100
2019-06-28 10:09:00.000000000,101310,172,101150,172,101528,172,101004,172,101529,172,100990,172,101562,172,100949,172,101581,172,100678,172,101611,100,100504,100,101695,100,100502,100,101868,100,100400,100,101930,100,100094,100,101996,100,100073,100
2019-06-28 10:09:10.000000000,101310,222,101150,222,101528,219,101004,219,101529,219,100990,219,101562,100,100949,100,101581,100,100678,100,101611,100,100504,100,101695,100,100502,100,101868,100,100400,100,101930,100,100094,100,101996,100,100073,100
2019-06-28 10:09:12.138572813,101254,100,101150,222,101310,222,101004,219,101528,219,100990,219,101529,219,100949,100,101562,100,100678,100,101581,100,100504,100,101611,100,100502,100,101695,100,100400,100,101868,100,100094,100,101930,100,100073,100
