,ask_price_1,ask_size_1,bid_price_1,bid_size_1,ask_price_2,ask_size_2,bid_price_2,bid_size_2,ask_price_3,ask_size_3,bid_price_3,bid_size_3,ask_price_4,ask_size_4,bid_price_4,bid_size_4,ask_price_5,ask_size_5,bid_price_5,bid_size_5,ask_price_6,ask_size_6,bid_price_6,bid_size_6,ask_price_7,ask_size_7,bid_price_7,bid_size_7,ask_price_8,ask_size_8,bid_price_8,bid_size_8,ask_price_9,ask_size_9,bid_price_9,bid_size_9,ask_price_10,ask_size_10,bid_price_10,bid_size_10
2019-06-28 09:30:00.000000000,100018,100,,,,,,,,,,,,,,,,,,,,,,,,,,,,,,,,,,,,,,
2019-06-28 09:30:00.000000001,99910,100,,,100018,100,,,,,,,,,,,,,,,,,,,,,,,,,,,,,,,,,,
2019-06-28 09:30:00.000000005,100018,100,99904,100,,,99885,100,,,,,,,,,,,,,,,,,,,,,,,,,,,,,,,,
2019-06-28 09:30:00.000000008,100018,100,99925,100,,,99904,100,,,99885,100,,,,,,,,,,,,,,,,,,,,,,,,,,,,
2019-06-28 09:30:00.000000012,100017,100,100005,100,100018,100,99925,100,,,99912,100,,,99904,100,,,99885,100,,,,,,,,,,,,,,,,,,,,
2019-06-28 09:30:00.000000014,100017,100,100005,100,100018,100,99925,100,100041,100,99912,100,,,99904,100,,,99885,100,,,,,,,,,,,,,,,,,,,,
2019-06-28 09:30:00.000000015,100017,100,100005,100,100018,100,99978,100,100041,100,99942,100,100103,100,99925,100,,,99912,100,,,99904,100,,,99885,100,,,,,,,,,,,,
2019-06-28 09:30:00.000000018,100017,100,100005,100,100018,100,99978,100,100041,100,99957,100,100094,100,99942,100,100103,100,99925,100,,,99912,100,,,99904,100,,,99885,100,,,,,,,,
2019-06-28 09:30:00.000000019,100017,100,100005,100,100018,100,99978,100,100041,100,99957,100,100049,100,99942,100,100094,100,99925,100,100103,100,99912,100,,,99904,100,,,99885,100,,,99841,100,,,,
2019-06-28 09:30:00.000000022,100017,100,100005,100,100018,100,99978,100,100041,100,99957,100,100049,100,99942,100,100094,100,99925,100,100103,100,99912,100,,,99904,100,,,99885,100,,,99841,100,,,99803,100
2019-06-28 09:30:00.000000023,100017,100,100005,100,100018,100,99978,100,100041,100,99957,100,100049,100,99947,100,100094,100,99942,100,100103,100,99925,100,,,99912,100,,,99904,100,,,99885,100,,,99841,100
2019-06-28 09:30:00.000000024,100017,100,100005,100,100018,100,99978,100,100033,100,99957,100,100041,100,99947,100,100049,100,99942,100,100094,100,99925,100,100103,100,99912,100,,,99904,100,,,99885,100,,,99841,100
2019-06-28 09:30:00.000000027,100017,100,100005,100,100018,100,99978,100,100033,100,99957,100,100041,100,99947,100,100049,100,99942,100,100094,100,99925,100,100103,100,99912,100,,,99904,100,,,99888,100,,,99885,100
2019-06-28 09:30:00.000000028,100018,100,100005,100,100033,100,99978,100,100041,100,99957,100,100049,100,99947,100,100094,100,99942,100,100103,100,99925,100,,,99912,100,,,99904,100,,,99888,100,,,99885,100
2019-06-28 09:30:00.000000030,100018,100,100005,100,100033,100,99978,100,100041,100,99958,100,100049,100,99957,100,100094,100,99947,100,100103,100,99942,100,,,99925,100,,,99912,100,,,99904,100,,,99888,100
2019-06-28 09:30:00.000000032,100018,100,100005,100,100033,100,99978,100,100041,100,99975,100,100049,100,99958,100,100094,100,99957,100,100103,100,99947,100,,,99942,100,,,99925,100,,,99912,100,,,99904,100
2019-06-28 09:30:00.000000034,100018,100,100005,100,100033,100,99978,100,100041,100,99975,100,100049,100,99972,100,100094,100,99958,100,100103,100,99957,100,,,99947,100,,,99942,100,,,99925,100,,,99912,100
2019-06-28 09:30:00.000000035,100018,100,100005,100,100033,100,99978,100,100041,100,99975,100,100049,100,99972,100,100094,100,99958,100,100103,100,99957,100,,,99947,100,,,99942,100,,,99925,100,,,99921,100
2019-06-28 09:30:00.000000036,100018,100,100005,100,100033,100,99978,100,100041,100,99975,100,100049,100,99972,100,100094,100,99958,100,100103,100,99957,100,,,99947,100,,,99942,100,,,99925,100,,,99921,100
2019-06-28 09:30:00.000000039,100018,100,100005,100,100033,100,99985,100,100041,100,99978,100,100049,100,99975,100,100094,100,99972,100,100103,100,99958,100,,,99957,100,,,99947,100,,,99942,100,,,99925,100
2019-06-28 09:30:00.000000043,100018,100,99985,100,100033,100,99978,100,100041,100,99975,100,100049,100,99972,100,100094,100,99958,100,100103,100,99957,100,,,99947,100,,,99942,100,,,99925,100,,,99921,100
2019-06-28 09:30:00.000000044,100033,100,100005,100,100041,100,99985,100,100049,100,99978,100,100094,100,99975,100,100103,100,99972,100,,,99958,100,,,99957,100,,,99947,100,,,99942,100,,,99925,100
2019-06-28 09:30:00.000000045,100033,100,100005,100,100041,100,99985,100,100049,100,99978,100,100077,100,99975,100,100094,100,99972,100,100103,100,99958,100,,,99957,100,,,99947,100,,,99942,100,,,99925,100
2019-06-28 09:30:00.000000046,100018,100,100005,100,100033,100,99985,100,100034,100,99978,100,100041,100,99975,100,100049,100,99972,100,100077,100,99958,100,100094,100,99957,100,100103,100,99947,100,,,99942,100,,,99925,100
2019-06-28 09:30:00.000000048,100018,100,100005,200,100033,100,99985,100,100034,100,99978,100,100041,100,99975,100,100049,100,99972,100,100077,100,99958,100,100094,100,99957,100,100103,100,99947,100,,,99942,100,,,99925,100
2019-06-28 09:30:00.000000049,100018,100,100005,200,100033,100,99985,100,100034,100,99978,100,100041,100,99975,100,100049,100,99972,100,100077,100,99958,100,100094,100,99957,100,100103,100,99947,100,100106,100,99942,100,,,99925,100
2019-06-28 09:30:00.000000052,100018,100,100005,300,100033,100,99985,100,100034,100,99978,100,100041,100,99975,100,100049,100,99972,100,100077,100,99958,100,100094,100,99957,100,100103,100,99947,100,100106,100,99942,100,,,99925,100
2019-06-28 09:30:00.000000053,100018,100,100005,300,100033,100,99985,100,100034,100,99978,100,100041,100,99975,100,100049,100,99972,100,100077,100,99958,100,100091,100,99957,100,100094,100,99947,100,100103,100,99942,100,100106,100,99925,100
2019-06-28 09:30:00.000000055,100018,100,100005,300,100033,100,99985,100,100034,100,99978,100,100041,100,99975,100,100049,100,99972,100,100077,100,99958,100,100083,100,99957,200,100091,100,99947,100,100094,100,99942,100,100103,100,99925,100
2019-06-28 09:30:00.000000057,100018,100,100005,300,100033,100,99985,100,100034,100,99978,100,100041,100,99975,100,100049,100,99972,100,100053,100,99958,100,100077,100,99957,200,100083,100,99947,100,100091,100,99942,100,100094,100,99925,100
2019-06-28 09:30:00.000000059,100018,100,100005,300,100033,100,99985,100,100034,100,99978,100,100041,100,99975,100,100049,100,99972,100,100053,100,99958,100,100077,100,99957,200,100083,100,99947,100,100091,100,99942,100,100094,100,99925,100
2019-06-28 09:30:00.000000060,100018,100,100005,300,100033,100,99985,100,100034,100,99978,100,100041,100,99975,100,100049,100,99972,100,100053,100,99958,100,100077,100,99957,200,100083,100,99947,100,100091,100,99942,100,100094,100,99925,100
2019-06-28 09:30:00.000000061,100018,200,100005,300,100033,100,99985,100,100034,100,99978,100,100041,100,99975,100,100049,100,99972,100,100053,100,99958,100,100077,100,99957,200,100083,100,99947,100,100091,100,99942,100,100094,100,99925,100
2019-06-28 09:30:00.000000066,100018,200,100005,200,100033,100,99996,100,100034,100,99985,100,100041,100,99978,100,100049,100,99975,100,100053,100,99972,100,100077,100,99958,100,100083,100,99957,200,100091,100,99947,100,100094,100,99942,100
2019-06-28 09:30:00.000000069,100018,200,100005,200,100033,100,99996,100,100034,100,99985,100,100041,100,99978,100,100049,100,99975,100,100053,100,99972,100,100077,100,99958,100,100083,100,99957,200,100091,100,99947,100,100094,100,99942,100
2019-06-28 09:30:00.000000075,100018,100,100005,200,100033,100,99996,100,100034,100,99985,100,100041,100,99978,100,100049,100,99975,100,100053,100,99972,100,100077,100,99958,100,100083,100,99957,200,100091,100,99947,100,100094,100,99942,100
2019-06-28 09:30:00.000000077,100018,100,100005,200,100033,100,99996,100,100034,100,99985,100,100041,100,99978,100,100049,100,99975,100,100053,100,99972,100,100077,100,99958,100,100083,100,99957,200,100091,100,99947,100,100094,100,99942,100
2019-06-28 09:30:00.000000079,100018,100,100005,200,100033,100,99996,100,100034,100,99985,100,100041,100,99978,100,100049,100,99975,100,100053,100,99972,100,100077,100,99958,100,100083,100,99957,200,100091,100,99947,100,100094,100,99942,100
2019-06-28 09:30:00.000000082,100018,100,100005,200,100033,100,99996,100,100034,100,99985,100,100041,100,99978,100,100049,100,99975,100,100053,200,99972,100,100077,100,99958,100,100083,100,99957,200,100091,100,99947,100,100094,100,99942,100
2019-06-28 09:30:00.000000085,100018,100,100005,100,100033,100,99996,100,100034,100,99985,100,100041,100,99978,100,100049,100,99975,100,100053,200,99972,100,100077,100,99958,100,100083,100,99957,200,100091,100,99956,100,100094,100,99947,100
2019-06-28 09:30:00.000000086,100018,100,100005,100,100033,100,99996,100,100034,100,99985,100,100041,100,99978,100,100049,100,99975,100,100053,200,99972,100,100077,100,99958,100,100083,100,99957,200,100091,100,99956,100,100094,100,99947,100
2019-06-28 09:30:00.000000087,100018,100,100005,100,100033,100,99996,100,100034,100,99985,100,100041,100,99978,100,100049,100,99975,100,100053,200,99972,100,100077,100,99958,100,100083,100,99957,200,100091,100,99956,100,100094,100,99947,100
2019-06-28 09:30:00.000000090,100018,100,100005,100,100033,100,99996,100,100034,100,99985,100,100041,100,99978,100,100049,100,99975,100,100053,200,99972,100,100077,100,99958,100,100083,100,99957,200,100091,100,99956,100,100094,200,99947,100
2019-06-28 09:30:00.000000091,100018,200,100005,100,100033,100,99996,100,100034,100,99985,100,100041,100,99978,100,100049,100,99975,100,100053,200,99972,100,100077,100,99958,100,100083,100,99957,200,100091,100,99956,100,100094,200,99947,100
2019-06-28 09:30:00.000000096,100018,200,100005,200,100033,100,99996,100,100034,100,99985,100,100041,100,99978,100,100049,100,99975,100,100053,200,99972,100,100077,100,99963,100,100083,100,99958,100,100091,100,99957,200,100094,200,99956,100
2019-06-28 09:30:02.244689497,100018,200,100005,200,100033,100,99996,100,100034,100,99985,100,100041,100,99978,100,100049,100,99975,100,100053,200,99972,100,100077,100,99963,100,100083,100,99958,100,100091,100,99957,200,100094,200,99956,100
2019-06-28 09:30:02.337792026,100018,200,100005,200,100033,100,99996,100,100034,100,99985,100,100041,200,99978,100,100049,100,99975,100,100053,200,99972,100,100077,100,99963,100,100083,100,99958,100,100091,100,99957,200,100094,200,99956,100
2019-06-28 09:30:05.799129068,100018,100,100005,200,100033,100,99996,100,100034,100,99985,100,100041,200,99978,100,100049,100,99975,100,100053,200,99972,100,100077,100,99963,100,100083,100,99958,100,100091,100,99957,200,100094,200,99956,100
2019-06-28 09:30:10.000000000,100018,533,100005,633,100033,100,99996,100,100034,100,99985,100,100041,200,99978,100,100049,100,99975,100,100053,200,99972,100,100077,100,99963,100,100083,100,99958,100,100091,100,99957,200,100094,200,99956,100
2019-06-28 09:30:20.000000000,100018,316,100005,416,100033,316,99996,316,100034,100,99985,100,100041,200,99978,100,100049,100,99975,100,100053,200,99972,100,100077,100,99963,100,100083,100,99958,100,100091,100,99957,200,100094,200,99956,100
2019-06-28 09:30:30.000000000,100018,247,100005,347,100033,243,99996,243,100034,243,99985,243,100041,200,99978,100,100049,100,99975,100,100053,200,99972,100,100077,100,99963,100,100083,100,99958,100,100091,100,99957,200,100094,200,99956,100
2019-06-28 09:30:40.000000000,100018,208,100005,308,100033,208,99996,208,100034,208,99985,208,100041,308,99978,208,100049,100,99975,100,100053,200,99972,100,100077,100,99963,100,100083,100,99958,100,100091,100,99957,200,100094,200,99956,100
2019-06-28 09:30:40.533625237,100018,208,100005,308,100033,208,99996,208,100034,208,99985,208,100041,308,99978,208,100049,100,99975,100,100053,200,99972,100,100077,100,99963,100,100083,100,99958,100,100084,100,99957,200,100091,100,99947,100
2019-06-28 09:30:44.667337591,100018,208,100005,308,100033,208,99996,208,100034,208,99985,208,100041,308,99978,208,100049,100,99975,100,100053,200,99972,100,100077,100,99963,100,100083,100,99958,100,100084,100,99957,200,100091,100,99947,100
2019-06-28 09:30:45.069409474,100018,208,100006,100,100033,208,100005,208,100034,208,99996,208,100041,308,99985,208,100049,100,99978,208,100053,200,99975,100,100077,100,99972,100,100083,100,99963,100,100084,100,99958,100,100091,100,99957,200
2019-06-28 09:30:46.179693938,100018,208,100006,100,100033,208,100005,208,100034,208,99996,208,100041,308,99985,208,100049,100,99978,208,100053,200,99975,100,100077,100,99972,100,100083,100,99963,100,100084,100,99958,100,100091,100,99957,200
2019-06-28 09:30:50.000000000,100018,208,100006,208,100033,208,100005,208,100034,208,99996,208,100041,308,99985,208,100049,100,99978,100,100053,200,99975,100,100077,100,99972,100,100083,100,99963,100,100084,100,99958,100,100091,100,99957,200
2019-06-28 09:30:52.811705518,100018,208,100006,208,100033,208,100005,208,100034,208,99996,208,100041,308,99985,208,100049,100,99978,100,100053,200,99975,100,100077,100,99972,100,100083,100,99963,100,100084,100,99958,100,100091,100,99957,200
2019-06-28 09:31:00.000000000,100018,187,100006,187,100033,187,100005,187,100034,187,99996,187,100041,287,99985,187,100049,187,99978,187,100053,200,99975,100,100077,100,99972,100,100083,100,99963,100,100084,100,99958,100,100091,100,99957,200
2019-06-28 09:31:04.687872583,100018,187,100006,87,100033,187,100005,187,100034,187,99996,187,100041,287,99985,187,100049,187,99978,187,100053,200,99975,100,100077,100,99972,100,100083,100,99963,100,100084,100,99958,100,100091,100,99957,200
2019-06-28 09:31:10.000000000,100018,208,100005,208,100033,208,99996,208,100034,208,99985,208,100041,308,99978,208,100049,100,99975,100,100053,200,99972,100,100077,100,99963,100,100083,100,99958,100,100084,100,99957,200,100091,100,99947,100
2019-06-28 09:31:20.000000000,100018,247,100005,247,100033,243,99996,243,100034,243,99985,243,100041,200,99978,100,100049,100,99975,100,100053,200,99972,100,100077,100,99963,100,100083,100,99958,100,100084,100,99957,200,100091,100,99947,100
2019-06-28 09:31:26.743772728,100018,247,100005,247,100033,243,99996,243,100034,243,99985,243,100041,200,99978,100,100049,100,99975,100,100053,200,99972,100,100077,100,99963,100,100083,100,99958,100,100091,100,99957,200,100094,100,99947,100
2019-06-28 09:31:30.000000000,100018,316,100005,316,100033,316,99996,316,100034,100,99985,100,100041,200,99978,100,100049,100,99975,100,100053,200,99972,100,100077,100,99963,100,100083,100,99958,100,100091,100,99957,200,100094,100,99947,100
2019-06-28 09:31:35.130547807,100018,316,100005,316,100033,316,99996,316,100034,100,99985,100,100041,200,99978,100,100049,100,99975,100,100053,200,99972,100,100077,100,99963,100,100083,100,99958,100,100091,100,99957,200,100094,100,99947,100
2019-06-28 09:31:40.000000000,100018,208,100005,208,100033,208,99996,208,100034,208,99985,208,100041,308,99978,208,100049,100,99975,100,100053,200,99972,100,100077,100,99963,100,100083,100,99958,100,100091,100,99957,200,100094,100,99947,100
2019-06-28 09:31:45.260550010,100018,208,100005,108,100033,208,99996,208,100034,208,99985,208,100041,308,99978,208,100049,100,99975,100,100053,200,99972,100,100077,100,99963,100,100083,100,99958,100,100091,100,99957,200,100094,100,99947,100
2019-06-28 09:31:50.000000000,100018,247,99996,247,100033,243,99985,243,100034,243,99978,243,100041,200,99975,100,100049,100,99972,100,100053,200,99963,100,100077,100,99958,100,100083,100,99957,200,100091,100,99947,100,100094,100,99942,100
2019-06-28 09:32:00.000000000,100018,208,99996,208,100033,208,99985,208,100034,208,99978,208,100041,308,99975,208,100049,100,99972,100,100053,200,99963,100,100077,100,99958,100,100083,100,99957,200,100091,100,99947,100,100094,100,99942,100
2019-06-28 09:32:10.000000000,100018,316,99996,316,100033,316,99985,316,100034,100,99978,100,100041,200,99975,100,100049,100,99972,100,100053,200,99963,100,100077,100,99958,100,100083,100,99957,200,100091,100,99947,100,100094,100,99942,100
2019-06-28 09:32:20.000000000,100018,247,99996,247,100033,243,99985,243,100034,243,99978,243,100041,200,99975,100,100049,100,99972,100,100053,200,99963,100,100077,100,99958,100,100083,100,99957,200,100091,100,99947,100,100094,100,99942,100
2019-06-28 09:32:27.617542544,100018,147,100007,100,100033,243,99996,247,100034,243,99985,243,100041,200,99978,243,100049,100,99975,100,100053,200,99972,100,100077,100,99963,100,100083,100,99958,100,100091,100,99957,200,100094,100,99947,100
2019-06-28 09:32:30.000000000,100033,247,100007,247,100034,243,99996,243,100041,343,99985,243,100049,100,99978,100,100053,200,99975,100,100077,100,99972,100,100083,100,99963,100,100091,100,99958,100,100094,100,99957,200,100098,100,99947,100
2019-06-28 09:32:40.000000000,100033,533,100007,533,100034,100,99996,100,100041,200,99985,100,100049,100,99978,100,100053,200,99975,100,100077,100,99972,100,100083,100,99963,100,100091,100,99958,100,100094,100,99957,200,100098,100,99947,100
2019-06-28 09:32:42.049580303,100024,100,100007,533,100033,533,99996,100,100034,100,99985,100,100041,200,99978,100,100049,100,99975,100,100053,200,99972,100,100077,100,99963,100,100083,100,99958,100,100091,100,99957,200,100094,100,99947,100
2019-06-28 09:32:50.000000000,100024,316,100007,316,100033,316,99996,316,100034,100,99985,100,100041,200,99978,100,100049,100,99975,100,100053,200,99972,100,100077,100,99963,100,100083,100,99958,100,100091,100,99957,200,100094,100,99947,100
2019-06-28 09:33:00.000000000,100024,316,100007,316,100033,316,99996,316,100034,100,99985,100,100041,200,99978,100,100049,100,99975,100,100053,200,99972,100,100077,100,99963,100,100083,100,99958,100,100091,100,99957,200,100094,100,99947,100
2019-06-28 09:33:10.000000000,100024,316,100007,316,100033,316,99996,316,100034,100,99985,100,100041,200,99978,100,100049,100,99975,100,100053,200,99972,100,100077,100,99963,100,100083,100,99958,100,100091,100,99957,200,100094,100,99947,100
2019-06-28 09:33:10.953948240,100024,316,100007,316,100033,316,99996,316,100034,100,99985,100,100041,200,99978,100,100049,100,99975,100,100053,200,99972,100,100077,100,99963,100,100083,100,99958,100,100091,100,99957,200,100094,100,99947,100
2019-06-28 09:33:20.000000000,100024,533,100007,533,100033,100,99996,100,100034,100,99985,100,100041,200,99978,100,100049,100,99975,100,100053,200,99972,100,100077,100,99963,100,100083,100,99958,100,100091,100,99957,200,100094,100,99947,100
2019-06-28 09:33:30.000000000,100024,247,100007,247,100033,243,99996,243,100034,243,99985,243,100041,200,99978,100,100049,100,99975,100,100053,200,99972,100,100077,100,99963,100,100083,100,99958,100,100091,100,99957,200,100094,100,99947,100
2019-06-28 09:33:40.000000000,100024,316,100007,316,100033,316,99996,316,100034,100,99985,100,100041,200,99978,100,100049,100,99975,100,100053,200,99972,100,100077,100,99963,100,100083,100,99958,100,100091,100,99957,200,100094,100,99947,100
2019-06-28 09:33:50.000000000,100024,247,100007,247,100033,243,99996,243,100034,243,99985,243,100041,200,99978,100,100049,100,99975,100,100053,200,99972,100,100077,100,99963,100,100083,100,99958,100,100091,100,99957,200,100094,100,99947,100
2019-06-28 09:34:00.000000000,100024,208,100007,208,100033,208,99996,208,100034,208,99985,208,100041,308,99978,208,100049,100,99975,100,100053,200,99972,100,100077,100,99963,100,100083,100,99958,100,100091,100,99957,200,100094,100,99947,100
2019-06-28 09:34:02.549591749,100024,208,100007,108,100033,208,99996,208,100034,208,99985,208,100041,308,99978,208,100049,100,99975,100,100053,200,99972,100,100077,100,99963,100,100083,100,99958,100,100091,100,99957,200,100094,100,99947,100
2019-06-28 09:34:10.000000000,100024,208,99996,208,100033,208,99985,208,100034,208,99978,208,100041,308,99975,208,100049,100,99972,100,100053,200,99963,100,100077,100,99958,100,100083,100,99957,200,100091,100,99947,100,100094,100,99942,100
2019-06-28 09:34:20.000000000,100024,247,99996,247,100033,243,99985,243,100034,243,99978,243,100041,200,99975,100,100049,100,99972,100,100053,200,99963,100,100077,100,99958,100,100083,100,99957,200,100091,100,99947,100,100094,100,99942,100
2019-06-28 09:34:30.000000000,100024,316,99996,316,100033,316,99985,316,100034,100,99978,100,100041,200,99975,100,100049,100,99972,100,100053,200,99963,100,100077,100,99958,100,100083,100,99957,200,100091,100,99947,100,100094,100,99942,100
2019-06-28 09:34:40.000000000,100024,247,99996,247,100033,243,99985,243,100034,243,99978,243,100041,200,99975,100,100049,100,99972,100,100053,200,99963,100,100077,100,99958,100,100083,100,99957,200,100091,100,99947,100,100094,100,99942,100
2019-06-28 09:34:50.000000000,100024,316,99996,316,100033,316,99985,316,100034,100,99978,100,100041,200,99975,100,100049,100,99972,100,100053,200,99963,100,100077,100,99958,100,100083,100,99957,200,100091,100,99947,100,100094,100,99942,100
2019-06-28 09:34:52.340615976,100024,316,99996,216,100033,316,99985,316,100034,100,99978,100,100041,200,99975,100,100049,100,99972,100,100053,200,99963,100,100077,100,99958,100,100083,100,99957,200,100091,100,99947,100,100094,100,99942,100
2019-06-28 09:34:54.054174141,100024,216,99996,216,100033,316,99985,316,100034,100,99978,100,100041,200,99975,100,100049,100,99972,100,100053,200,99963,100,100077,100,99958,100,100083,100,99957,200,100091,100,99947,100,100094,100,99942,100
2019-06-28 09:34:55.087696376,100024,216,99996,216,100033,316,99985,316,100034,100,99978,100,100041,200,99975,100,100049,100,99972,100,100053,200,99963,100,100077,100,99958,100,100083,100,99957,200,100091,100,99947,100,100094,100,99942,100
2019-06-28 09:35:00.000000000,100033,187,99985,187,100034,187,99978,187,100041,287,99975,187,100049,187,99972,187,100053,287,99963,187,100077,100,99958,100,100083,100,99957,200,100091,100,99947,100,100094,100,99942,100,100097,100,99936,100
2019-06-28 09:35:10.000000000,100033,208,99985,208,100034,208,99978,208,100041,308,99975,208,100049,208,99972,208,100053,200,99963,100,100077,100,99958,100,100083,100,99957,200,100091,100,99947,100,100094,100,99942,100,100097,100,99936,100
2019-06-28 09:35:20.000000000,100033,533,99985,533,100034,100,99978,100,100041,200,99975,100,100049,100,99972,100,100053,200,99963,100,100077,100,99958,100,100083,100,99957,200,100091,100,99947,100,100094,100,99942,100,100097,100,99936,100
2019-06-28 09:35:30.000000000,100033,533,99985,533,100034,100,99978,100,100041,200,99975,100,100049,100,99972,100,100053,200,99963,100,100077,100,99958,100,100083,100,99957,200,100091,100,99947,100,100094,100,99942,100,100097,100,99936,100
2019-06-28 09:35:40.000000000,100033,208,99985,208,100034,208,99978,208,100041,308,99975,208,100049,208,99972,208,100053,200,99963,100,100077,100,99958,100,100083,100,99957,200,100091,100,99947,100,100094,100,99942,100,100097,100,99936,100
2019-06-28 09:35:45.018647898,100033,208,99985,208,100034,208,99978,208,100041,308,99975,208,100049,208,99972,208,100053,200,99963,100,100077,100,99958,100,100083,100,99957,200,100091,100,99947,100,100094,100,99942,100,100097,100,99936,100
2019-06-28 09:35:50.000000000,100033,208,99985,208,100034,208,99978,208,100041,308,99975,208,100049,208,99972,208,100053,200,99963,100,100077,100,99958,100,100083,100,99957,200,100091,100,99947,100,100094,100,99942,100,100097,100,99936,100
2019-06-28 09:36:00.000000000,100033,247,99985,247,100034,243,99978,243,100041,343,99975,243,100049,100,99972,100,100053,200,99963,100,100077,100,99958,100,100083,100,99957,200,100091,100,99947,100,100094,100,99942,100,100097,100,99936,100
2019-06-28 09:36:10.000000000,100033,247,99985,247,100034,243,99978,243,100041,343,99975,243,100049,100,99972,100,100053,200,99963,100,100077,100,99958,100,100083,100,99957,200,100091,100,99947,100,100094,100,99942,100,100097,100,99936,100
2019-06-28 09:36:20.000000000,100033,316,99985,316,100034,316,99978,316,100041,200,99975,100,100049,100,99972,100,100053,200,99963,100,100077,100,99958,100,100083,100,99957,200,100091,100,99947,100,100094,100,99942,100,100097,100,99936,100
2019-06-28 09:36:21.218226492,100033,316,99985,216,100034,316,99978,316,100041,200,99975,100,100049,100,99972,100,100053,200,99963,100,100077,100,99958,100,100091,100,99957,200,100094,100,99947,100,100097,100,99942,100,100102,100,99936,100
2019-06-28 09:36:24.591645225,100033,316,99985,216,100034,316,99978,316,100041,200,99975,100,100049,100,99972,100,100053,200,99963,100,100077,100,99958,100,100091,100,99957,200,100094,100,99947,100,100097,100,99942,100,100102,100,99936,100
2019-06-28 09:36:30.000000000,100033,533,99978,533,100034,100,99975,100,100041,200,99972,100,100049,100,99963,100,100053,200,99958,100,100077,100,99957,200,100091,100,99947,100,100094,100,99942,100,100097,100,99936,100,100102,100,99925,100
2019-06-28 09:36:31.155814602,100033,533,99978,533,100034,100,99975,100,100041,200,99972,100,100049,100,99963,100,100053,200,99958,100,100077,100,99957,200,100091,100,99947,100,100094,100,99942,100,100097,100,99936,100,100102,100,99925,100
2019-06-28 09:36:40.000000000,100033,187,99978,187,100034,187,99975,187,100041,287,99972,187,100049,187,99963,187,100053,287,99958,187,100077,100,99957,200,100091,100,99947,100,100094,100,99942,100,100097,100,99936,100,100102,100,99925,100
2019-06-28 09:36:50.000000000,100033,247,99978,247,100034,243,99975,243,100041,343,99972,243,100049,100,99963,100,100053,200,99958,100,100077,100,99957,200,100091,100,99947,100,100094,100,99942,100,100097,100,99936,100,100102,100,99925,100
2019-06-28 09:37:00.000000000,100033,533,99978,533,100034,100,99975,100,100041,200,99972,100,100049,100,99963,100,100053,200,99958,100,100077,100,99957,200,100091,100,99947,100,100094,100,99942,100,100097,100,99936,100,100102,100,99925,100
2019-06-28 09:37:04.261470329,100033,533,99978,533,100034,100,99975,100,100041,200,99972,100,100049,100,99963,100,100053,200,99958,100,100077,100,99957,200,100091,100,99947,100,100094,100,99942,100,100097,100,99936,100,100102,100,99925,100
2019-06-28 09:37:10.000000000,100033,187,99978,187,100034,187,99975,187,100041,287,99972,187,100049,187,99963,187,100053,287,99958,187,100077,100,99957,200,100091,100,99947,100,100094,100,99942,100,100097,100,99936,100,100102,100,99925,100
2019-06-28 09:37:20.000000000,100033,247,99978,247,100034,243,99975,243,100041,343,99972,243,100049,100,99963,100,100053,200,99958,100,100077,100,99957,200,100091,100,99947,100,100094,100,99942,100,100097,100,99936,100,100102,100,99925,100
2019-06-28 09:37:27.106574958,100033,247,99978,247,100034,143,99975,243,100041,343,99972,243,100049,100,99963,100,100053,200,99958,100,100077,100,99957,200,100091,100,99947,100,100094,100,99942,100,100097,100,99936,100,100102,100,99925,100
2019-06-28 09:37:30.000000000,100033,187,99978,187,100041,287,99975,187,100049,187,99972,187,100053,287,99963,187,100077,187,99958,187,100091,100,99957,200,100094,100,99947,100,100097,100,99942,100,100102,100,99936,100,100103,200,99925,100
2019-06-28 09:37:32.835880180,100033,187,99978,187,100041,287,99975,187,100049,187,99972,187,100053,287,99963,187,100077,187,99958,187,100091,100,99957,200,100094,100,99947,100,100097,100,99942,100,100102,100,99936,100,100103,200,99925,100
2019-06-28 09:37:40.000000000,100033,187,99978,187,100041,287,99975,187,100049,187,99972,187,100053,287,99963,187,100077,187,99958,187,100091,100,99957,200,100094,100,99947,100,100097,100,99942,100,100102,100,99936,100,100103,200,99925,100
2019-06-28 09:37:45.799700325,100033,187,99978,187,100041,287,99975,187,100049,187,99972,187,100053,287,99963,187,100077,187,99958,187,100091,100,99957,200,100094,100,99947,100,100097,100,99942,100,100102,100,99936,100,100103,200,99925,100
2019-06-28 09:37:50.000000000,100033,533,99978,533,100041,200,99975,100,100049,100,99972,100,100053,200,99963,100,100077,100,99958,100,100091,100,99957,200,100094,100,99947,100,100097,100,99942,100,100102,100,99936,100,100103,200,99925,100
2019-06-28 09:38:00.000000000,100033,187,99978,187,100041,287,99975,187,100049,187,99972,187,100053,287,99963,187,100077,187,99958,187,100091,100,99957,200,100094,100,99947,100,100097,100,99942,100,100102,100,99936,100,100103,200,99925,100
2019-06-28 09:38:02.175699668,100033,187,99978,87,100041,287,99975,187,100049,187,99972,187,100053,287,99963,187,100077,187,99958,187,100091,100,99957,200,100094,100,99947,100,100097,100,99942,100,100102,100,99936,100,100103,200,99925,100
2019-06-28 09:38:09.666029677,100033,187,99978,87,100041,287,99975,187,100049,187,99972,187,100053,287,99963,187,100077,187,99958,187,100091,100,99957,200,100094,100,99947,100,100097,100,99942,100,100102,100,99936,100,100103,200,99925,100
2019-06-28 09:38:10.000000000,100033,208,99975,208,100041,308,99972,208,100049,208,99963,208,100053,308,99958,208,100077,100,99957,200,100091,100,99947,100,100094,100,99942,100,100097,100,99936,100,100102,100,99925,100,100103,200,99922,100
2019-06-28 09:38:14.747220679,99985,100,99975,208,100033,208,99972,208,100041,308,99963,208,100049,108,99958,208,100053,308,99957,200,100077,100,99947,100,100091,100,99942,100,100094,100,99936,100,100097,100,99925,100,100102,100,99922,100
2019-06-28 09:38:14.799386798,99985,100,99975,108,100033,208,99972,208,100041,308,99963,208,100049,108,99958,208,100053,308,99957,200,100077,100,99947,100,100091,100,99942,100,100094,100,99936,100,100097,100,99925,100,100102,100,99922,100
2019-06-28 09:38:19.378856022,99978,100,99975,108,99985,100,99972,208,100033,208,99963,208,100041,308,99958,208,100049,108,99957,200,100053,308,99947,100,100077,100,99942,100,100091,100,99936,100,100094,100,99925,100,100097,100,99922,100
2019-06-28 09:38:19.462171369,99978,200,99975,108,99985,100,99972,208,100033,208,99963,208,100041,308,99958,108,100049,108,99957,200,100053,308,99947,100,100077,100,99942,100,100091,100,99936,100,100094,100,99925,100,100097,100,99922,100
2019-06-28 09:38:20.000000000,99978,633,99972,533,99985,100,99963,100,100033,100,99957,200,100041,200,99947,100,100053,200,99942,100,100077,100,99936,100,100091,100,99925,100,100094,100,99922,100,100097,100,99913,100,100102,100,99912,100
2019-06-28 09:38:30.000000000,99978,308,99972,208,99985,208,99963,208,100033,208,99957,308,100041,308,99947,208,100053,200,99942,100,100077,100,99936,100,100091,100,99925,100,100094,100,99922,100,100097,100,99913,100,100102,100,99912,100
2019-06-28 09:38:36.296989865,99978,308,99972,208,99985,208,99963,208,100033,208,99957,308,100041,308,99947,208,100053,200,99942,100,100077,100,99936,100,100091,100,99925,100,100094,100,99922,100,100097,100,99913,100,100102,100,99912,100
2019-06-28 09:38:40.000000000,99978,347,99972,247,99985,243,99963,243,100033,243,99957,343,100041,200,99947,100,100053,200,99942,100,100077,100,99936,100,100091,100,99925,100,100094,100,99922,100,100097,100,99913,100,100102,100,99912,100
2019-06-28 09:38:50.000000000,99978,633,99972,533,99985,100,99963,100,100033,100,99957,200,100041,200,99947,100,100053,200,99942,100,100077,100,99936,100,100091,100,99925,100,100094,100,99922,100,100097,100,99913,100,100102,100,99912,100
2019-06-28 09:39:00.000000000,99978,308,99972,208,99985,208,99963,208,100033,208,99957,308,100041,308,99947,208,100053,200,99942,100,100077,100,99936,100,100091,100,99925,100,100094,100,99922,100,100097,100,99913,100,100102,100,99912,100
2019-06-28 09:39:08.938615431,99978,308,99972,108,99985,208,99963,208,100033,208,99957,308,100041,308,99947,208,100053,200,99942,100,100077,100,99936,100,100091,100,99925,100,100094,100,99922,100,100097,100,99913,100,100102,100,99912,100
2019-06-28 09:39:10.000000000,99978,287,99963,187,99985,187,99957,287,100033,187,99947,187,100041,287,99942,187,100053,287,99936,187,100077,100,99925,100,100091,100,99922,100,100094,100,99913,100,100097,100,99912,100,100102,100,99909,100
2019-06-28 09:39:12.694899642,99975,100,99963,187,99978,187,99957,287,99985,187,99947,187,100033,187,99942,187,100041,287,99936,187,100053,287,99925,100,100077,100,99922,100,100091,100,99913,100,100094,100,99912,100,100097,100,99909,100
2019-06-28 09:39:20.000000000,99975,533,99963,533,99978,100,99957,200,99985,100,99947,100,100033,100,99942,100,100041,200,99936,100,100053,200,99925,100,100077,100,99922,100,100091,100,99913,100,100094,100,99912,100,100097,100,99909,100
2019-06-28 09:39:26.237905980,99975,633,99963,533,99978,100,99957,200,99985,100,99947,100,100033,100,99942,100,100041,200,99936,100,100053,200,99925,100,100077,100,99922,100,100091,100,99913,100,100094,100,99912,100,100097,100,99909,100
2019-06-28 09:39:30.000000000,99975,347,99963,247,99978,243,99957,343,99985,243,99947,243,100033,100,99942,100,100041,200,99936,100,100053,200,99925,100,100077,100,99922,100,100091,100,99913,100,100094,100,99912,100,100097,100,99909,100
2019-06-28 09:39:40.000000000,99975,416,99963,316,99978,316,99957,416,99985,100,99947,100,100033,100,99942,100,100041,200,99936,100,100053,200,99925,100,100077,100,99922,100,100091,100,99913,100,100094,100,99912,100,100097,100,99909,100
2019-06-28 09:39:48.620776889,99975,416,99963,216,99978,316,99957,416,99985,100,99947,100,100033,100,99942,100,100041,200,99936,100,100053,200,99925,100,100077,100,99922,100,100091,100,99913,100,100094,100,99912,100,100097,100,99909,100
2019-06-28 09:39:50.000000000,99975,416,99957,416,99978,316,99947,316,99985,100,99942,100,100033,100,99936,100,100041,200,99925,100,100053,200,99922,100,100077,100,99913,100,100091,100,99912,100,100094,100,99909,100,100097,100,99889,100
2019-06-28 09:40:00.000000000,99975,416,99957,416,99978,316,99947,316,99985,100,99942,100,100033,100,99936,100,100041,200,99925,100,100053,200,99922,100,100077,100,99913,100,100091,100,99912,100,100094,100,99909,100,100097,100,99889,100
2019-06-28 09:40:10.000000000,99975,308,99957,308,99978,208,99947,208,99985,208,99942,208,100033,208,99936,208,100041,200,99925,100,100053,200,99922,100,100077,100,99913,100,100091,100,99912,100,100094,100,99909,100,100097,100,99889,100
2019-06-28 09:40:15.206217904,99975,308,99957,308,99978,208,99947,208,99985,208,99942,208,100033,208,99936,208,100041,200,99925,100,100053,200,99922,100,100077,100,99913,100,100091,100,99912,100,100094,100,99909,100,100097,100,99889,100
2019-06-28 09:40:18.608353065,99975,308,99957,208,99978,208,99947,208,99985,208,99942,208,100033,208,99936,208,100041,200,99925,100,100053,200,99922,100,100077,100,99913,100,100091,100,99912,100,100094,100,99909,100,100097,100,99889,100
2019-06-28 09:40:18.655094985,99975,308,99957,108,99978,208,99947,208,99985,208,99942,208,100033,208,99936,208,100041,200,99925,100,100053,200,99922,100,100077,100,99913,100,100094,100,99912,100,100097,100,99909,100,100102,100,99889,100
2019-06-28 09:40:20.000000000,99975,633,99947,533,99978,100,99942,100,99985,100,99936,100,100033,100,99925,100,100041,200,99922,100,100053,200,99913,100,100077,100,99912,100,100094,100,99909,100,100097,100,99889,100,100102,100,99888,100
2019-06-28 09:40:30.000000000,99975,347,99947,247,99978,243,99942,243,99985,243,99936,243,100033,100,99925,100,100041,200,99922,100,100053,200,99913,100,100077,100,99912,100,100094,100,99909,100,100097,100,99889,100,100102,100,99888,100
2019-06-28 09:40:35.524248150,99975,347,99947,147,99978,243,99942,243,99985,243,99936,243,100033,100,99925,100,100041,200,99922,100,100053,200,99913,100,100077,100,99912,100,100094,100,99909,100,100097,100,99889,100,100102,100,99888,100
2019-06-28 09:40:40.000000000,99975,633,99942,533,99978,100,99936,100,99985,100,99925,100,100033,100,99922,100,100041,200,99913,100,100053,200,99912,100,100077,100,99909,100,100094,100,99889,100,100097,100,99888,100,100102,100,99880,100
2019-06-28 09:40:40.960016229,99975,633,99942,533,99978,100,99936,100,99985,100,99925,100,100033,100,99922,100,100041,200,99913,100,100053,100,99912,100,100077,100,99909,100,100094,100,99889,100,100097,100,99888,100,100102,100,99880,100
2019-06-28 09:40:49.844781019,99957,100,99942,533,99975,633,99936,100,99978,100,99925,100,99985,100,99922,100,100033,100,99913,100,100041,200,99912,100,100053,100,99909,100,100077,100,99889,100,100094,100,99888,100,100097,100,99880,100
2019-06-28 09:40:50.000000000,99957,187,99942,187,99975,287,99936,187,99978,187,99925,187,99985,187,99922,187,100033,187,99913,187,100041,200,99912,100,100053,100,99909,100,100077,100,99889,100,100094,100,99888,100,100097,100,99880,100
2019-06-28 09:40:58.204241821,99957,287,99942,187,99975,287,99936,187,99978,187,99925,187,99985,187,99922,187,100033,187,99913,187,100041,200,99912,100,100053,100,99909,100,100077,100,99889,100,100094,100,99888,100,100097,100,99880,100
2019-06-28 09:41:00.000000000,99957,287,99942,187,99975,287,99936,187,99978,187,99925,187,99985,187,99922,187,100033,187,99913,187,100041,200,99912,100,100053,100,99909,100,100077,100,99889,100,100094,100,99888,100,100097,100,99880,100
2019-06-28 09:41:10.000000000,99957,287,99942,187,99975,287,99936,187,99978,187,99925,187,99985,187,99922,187,100033,187,99913,187,100041,200,99912,100,100053,100,99909,100,100077,100,99889,100,100094,100,99888,100,100097,100,99880,100
2019-06-28 09:41:20.000000000,99957,633,99942,533,99975,200,99936,100,99978,100,99925,100,99985,100,99922,100,100033,100,99913,100,100041,200,99912,100,100053,100,99909,100,100077,100,99889,100,100094,100,99888,100,100097,100,99880,100
2019-06-28 09:41:30.000000000,99957,633,99942,533,99975,200,99936,100,99978,100,99925,100,99985,100,99922,100,100033,100,99913,100,100041,200,99912,100,100053,100,99909,100,100077,100,99889,100,100094,100,99888,100,100097,100,99880,100
2019-06-28 09:41:31.784099299,99957,633,99942,533,99975,200,99936,100,99978,100,99925,100,99985,100,99922,100,100033,100,99913,100,100041,200,99912,100,100053,100,99909,100,100077,100,99889,100,100094,100,99888,100,100097,100,99880,100
2019-06-28 09:41:33.329001329,99957,633,99942,433,99975,200,99936,100,99978,100,99925,100,99985,100,99922,100,100033,100,99913,100,100041,200,99912,100,100053,100,99909,100,100077,100,99889,100,100094,100,99888,100,100097,100,99880,100
2019-06-28 09:41:40.000000000,99957,416,99936,316,99975,416,99925,316,99978,100,99922,100,99985,100,99913,100,100033,100,99912,100,100041,200,99909,100,100053,100,99889,100,100077,100,99888,100,100094,100,99880,100,100097,100,99841,100
2019-06-28 09:41:50.000000000,99957,287,99936,187,99975,287,99925,187,99978,187,99922,187,99985,187,99913,187,100033,187,99912,187,100041,200,99909,100,100053,100,99889,100,100077,100,99888,100,100094,100,99880,100,100097,100,99841,100
2019-06-28 09:41:50.959389197,99957,287,99936,187,99975,287,99925,187,99978,187,99922,187,99985,187,99913,187,100033,187,99912,187,100041,200,99909,100,100053,100,99889,100,100077,100,99888,100,100094,100,99880,100,100097,100,99841,100
2019-06-28 09:42:00.000000000,99957,287,99936,187,99975,287,99925,187,99978,187,99922,187,99985,187,99913,187,100033,187,99912,187,100041,200,99909,100,100053,100,99889,100,100077,100,99888,100,100094,100,99880,100,100097,100,99841,100
2019-06-28 09:42:10.000000000,99957,633,99936,533,99975,200,99925,100,99978,100,99922,100,99985,100,99913,100,100033,100,99912,100,100041,200,99909,100,100053,100,99889,100,100077,100,99888,100,100094,100,99880,100,100097,100,99841,100
2019-06-28 09:42:20.000000000,99957,416,99936,316,99975,416,99925,316,99978,100,99922,100,99985,100,99913,100,100033,100,99912,100,100041,200,99909,100,100053,100,99889,100,100077,100,99888,100,100094,100,99880,100,100097,100,99841,100
2019-06-28 09:42:26.530770153,99957,416,99936,216,99975,416,99925,316,99978,100,99922,100,99985,100,99913,100,100033,100,99912,100,100041,200,99909,100,100053,100,99889,100,100077,100,99888,100,100094,100,99880,100,100097,100,99841,100
2019-06-28 09:42:30.000000000,99957,287,99925,187,99975,287,99922,187,99978,187,99913,187,99985,187,99912,187,100033,187,99909,187,100041,200,99889,100,100053,100,99888,100,100077,100,99880,100,100094,100,99841,100,100097,100,99816,100
2019-06-28 09:42:33.158093581,99957,287,99925,187,99975,287,99922,187,99978,187,99913,187,99985,187,99912,187,100033,187,99909,187,100041,200,99889,100,100053,100,99888,100,100077,100,99880,100,100094,100,99841,100,100097,100,99816,100
2019-06-28 09:42:40.000000000,99957,347,99925,247,99975,343,99922,243,99978,243,99913,243,99985,100,99912,100,100033,100,99909,100,100041,200,99889,100,100053,100,99888,100,100077,100,99880,100,100094,100,99841,100,100097,100,99816,100
2019-06-28 09:42:50.000000000,99957,347,99925,247,99975,343,99922,243,99978,243,99913,243,99985,100,99912,100,100033,100,99909,100,100041,200,99889,100,100053,100,99888,100,100077,100,99880,100,100094,100,99841,100,100097,100,99816,100
2019-06-28 09:43:00.000000000,99957,347,99925,247,99975,343,99922,243,99978,243,99913,243,99985,100,99912,100,100033,100,99909,100,100041,200,99889,100,100053,100,99888,100,100077,100,99880,100,100094,100,99841,100,100097,100,99816,100
2019-06-28 09:43:06.068568303,99957,347,99925,247,99975,343,99922,243,99978,243,99913,243,99985,100,99912,100,100033,100,99909,100,100041,200,99889,100,100053,100,99888,100,100077,100,99880,100,100094,100,99841,100,100097,100,99816,100
2019-06-28 09:43:10.000000000,99957,416,99925,316,99975,416,99922,316,99978,100,99913,100,99985,100,99912,100,100033,100,99909,100,100041,200,99889,100,100053,100,99888,100,100077,100,99880,100,100094,100,99841,100,100097,100,99816,100
2019-06-28 09:43:20.000000000,99957,416,99925,316,99975,416,99922,316,99978,100,99913,100,99985,100,99912,100,100033,100,99909,100,100041,200,99889,100,100053,100,99888,100,100077,100,99880,100,100094,100,99841,100,100097,100,99816,100
2019-06-28 09:43:30.000000000,99957,287,99925,187,99975,287,99922,187,99978,187,99913,187,99985,187,99912,187,100033,187,99909,187,100041,200,99889,100,100053,100,99888,100,100077,100,99880,100,100094,100,99841,100,100097,100,99816,100
2019-06-28 09:43:35.320537180,99957,287,99925,87,99975,287,99922,187,99978,187,99913,187,99985,187,99912,187,100033,187,99909,187,100041,200,99889,100,100053,100,99888,100,100077,100,99880,100,100094,100,99841,100,100097,100,99816,100
2019-06-28 09:43:40.000000000,99957,347,99922,247,99975,343,99913,243,99978,243,99912,243,99985,100,99909,100,100033,100,99889,100,100041,200,99888,100,100053,100,99880,100,100077,100,99841,100,100094,100,99816,100,100097,100,99570,100
2019-06-28 09:43:48.122168201,99936,100,99922,247,99957,347,99913,243,99975,343,99912,243,99978,243,99909,100,99985,100,99889,100,100033,100,99880,100,100041,200,99841,100,100053,100,99816,100,100077,100,99570,100,100094,100,99543,100
2019-06-28 09:43:50.000000000,99936,247,99922,247,99957,343,99913,243,99975,343,99912,243,99978,100,99909,100,99985,100,99889,100,100033,100,99880,100,100041,200,99841,100,100053,100,99816,100,100077,100,99570,100,100094,100,99543,100
2019-06-28 09:44:00.000000000,99936,533,99922,533,99957,200,99913,100,99975,200,99912,100,99978,100,99909,100,99985,100,99889,100,100033,100,99880,100,100041,200,99841,100,100053,100,99816,100,100077,100,99570,100,100094,100,99543,100
2019-06-28 09:44:07.892824674,99936,633,99922,533,99957,200,99913,100,99975,200,99912,100,99978,100,99909,100,100033,100,99889,100,100041,200,99880,100,100053,100,99841,100,100077,100,99816,100,100094,100,99570,100,100097,100,99543,100
2019-06-28 09:44:08.718940491,99936,633,99922,533,99957,200,99913,100,99975,200,99912,100,99978,100,99909,100,100033,100,99889,100,100041,200,99880,100,100053,100,99841,100,100077,100,99816,100,100094,100,99570,100,100097,100,99543,100
2019-06-28 09:44:09.571842938,99936,733,99922,533,99957,200,99912,100,99975,200,99909,100,99978,100,99889,100,100033,100,99880,100,100041,200,99841,100,100053,100,99816,100,100077,100,99570,100,100094,100,99543,100,100097,100,99446,100
2019-06-28 09:44:10.000000000,99936,733,99922,533,99957,200,99912,100,99975,200,99909,100,99978,100,99889,100,100033,100,99880,100,100041,200,99841,100,100053,100,99816,100,100077,100,99570,100,100094,100,99543,100,100097,100,99446,100
2019-06-28 09:44:20.000000000,99936,516,99922,316,99957,416,99912,316,99975,200,99909,100,99978,100,99889,100,100033,100,99880,100,100041,200,99841,100,100053,100,99816,100,100077,100,99570,100,100094,100,99543,100,100097,100,99446,100
2019-06-28 09:44:23.165295961,99936,516,99922,316,99957,416,99912,316,99975,200,99909,100,99978,100,99889,100,100033,100,99880,100,100041,200,99841,100,100053,100,99816,100,100077,100,99570,100,100094,100,99543,100,100097,100,99446,100
2019-06-28 09:44:23.615335502,99936,516,99922,216,99957,416,99912,316,99975,200,99909,100,99978,100,99889,100,100033,100,99880,100,100041,200,99841,100,100053,100,99816,100,100077,100,99570,100,100094,100,99543,100,100097,100,99446,100
2019-06-28 09:44:30.000000000,99936,733,99912,533,99957,200,99909,100,99975,200,99889,100,99978,100,99880,100,100033,100,99841,100,100041,200,99816,100,100053,100,99570,100,100077,100,99543,100,100094,100,99446,100,100097,100,99257,100
2019-06-28 09:44:30.306927860,99936,733,99912,433,99957,200,99909,100,99975,200,99889,100,99978,100,99880,100,100033,100,99841,100,100041,200,99816,100,100053,100,99570,100,100077,100,99543,100,100094,100,99446,100,100097,100,99257,100
2019-06-28 09:44:40.000000000,99936,733,99909,533,99957,200,99889,100,99975,200,99880,100,99978,100,99841,100,100033,100,99816,100,100041,200,99570,100,100053,100,99543,100,100077,100,99446,100,100094,100,99257,100,100097,100,99038,100
2019-06-28 09:44:46.419895041,99936,733,99909,433,99957,200,99889,100,99975,200,99880,100,99978,100,99841,100,100033,100,99816,100,100041,200,99570,100,100053,100,99543,100,100077,100,99446,100,100094,100,99257,100,100097,100,99038,100
2019-06-28 09:44:50.000000000,99936,447,99889,247,99957,343,99880,243,99975,343,99841,243,99978,100,99816,100,100033,100,99570,100,100041,200,99543,100,100053,100,99446,100,100077,100,99257,100,100094,100,99038,100,100097,100,98961,100
2019-06-28 09:44:54.932892162,99912,100,99889,247,99936,347,99880,243,99957,343,99841,243,99975,343,99816,100,99978,100,99570,100,100033,100,99543,100,100041,200,99446,100,100053,100,99257,100,100077,100,99038,100,100094,100,98961,100
2019-06-28 09:45:00.000000000,99912,187,99889,187,99936,287,99880,187,99957,287,99841,187,99975,287,99816,187,99978,187,99570,187,100033,100,99543,100,100041,200,99446,100,100053,100,99257,100,100077,100,99038,100,100094,100,98961,100
2019-06-28 09:45:10.000000000,99912,316,99889,316,99936,416,99880,316,99957,200,99841,100,99975,200,99816,100,99978,100,99570,100,100033,100,99543,100,100041,200,99446,100,100053,100,99257,100,100077,100,99038,100,100094,100,98961,100
2019-06-28 09:45:20.000000000,99912,187,99889,187,99936,287,99880,187,99957,287,99841,187,99975,287,99816,187,99978,187,99570,187,100033,100,99543,100,100041,200,99446,100,100053,100,99257,100,100077,100,99038,100,100094,100,98961,100
2019-06-28 09:45:27.692616471,99912,187,99889,87,99936,287,99880,187,99957,287,99841,187,99975,287,99816,187,99978,187,99570,187,100033,100,99543,100,100041,200,99446,100,100053,100,99038,100,100077,100,98961,100,100094,100,98952,100
2019-06-28 09:45:30.000000000,99912,208,99880,208,99936,308,99841,208,99957,308,99816,208,99975,308,99570,208,99978,100,99543,100,100033,100,99446,100,100041,200,99038,100,100053,100,98961,100,100077,100,98952,100,100094,100,98939,100
2019-06-28 09:45:30.627893867,99909,100,99880,208,99912,208,99841,208,99936,308,99816,208,99957,308,99570,208,99975,308,99543,100,99978,100,99446,100,100033,100,99038,100,100041,200,98961,100,100053,100,98952,100,100077,100,98939,100
2019-06-28 09:45:40.000000000,99909,187,99880,187,99912,187,99841,187,99936,287,99816,187,99957,287,99570,187,99975,287,99543,187,99978,100,99446,100,100033,100,99038,100,100041,200,98961,100,100053,100,98952,100,100077,100,98939,100
2019-06-28 09:45:43.707518274,99909,287,99880,187,99912,187,99841,187,99936,287,99816,187,99957,287,99570,187,99975,187,99543,187,99978,100,99446,100,100033,100,99038,100,100041,200,98961,100,100053,100,98952,100,100077,100,98939,100
2019-06-28 09:45:50.000000000,99909,416,99880,316,99912,316,99841,316,99936,200,99816,100,99957,200,99570,100,99975,100,99543,100,99978,100,99446,100,100033,100,99038,100,100041,200,98961,100,100053,100,98952,100,100077,100,98939,100
2019-06-28 09:45:52.617069822,99909,416,99880,216,99912,316,99841,316,99936,200,99816,100,99957,200,99570,100,99975,100,99543,100,99978,100,99446,100,100041,200,99038,100,100053,100,98961,100,100077,100,98952,100,100094,100,98939,100
2019-06-28 09:46:00.000000000,99909,416,99841,316,99912,316,99816,316,99936,200,99570,100,99957,200,99543,100,99975,100,99446,100,99978,100,99038,100,100041,200,98961,100,100053,100,98952,100,100077,100,98939,100,100094,100,98938,100
2019-06-28 09:46:10.000000000,99909,287,99841,187,99912,187,99816,187,99936,287,99570,187,99957,287,99543,187,99975,187,99446,187,99978,100,99038,100,100041,200,98961,100,100053,100,98952,100,100077,100,98939,100,100094,100,98938,100
2019-06-28 09:46:19.014740167,99909,287,99841,87,99912,187,99816,187,99936,287,99570,187,99957,287,99543,187,99975,187,99446,187,99978,100,99038,100,100041,200,98961,100,100053,100,98952,100,100077,100,98939,100,100094,100,98938,100
2019-06-28 09:46:20.000000000,99909,308,99816,208,99912,208,99570,208,99936,308,99543,208,99957,308,99446,208,99975,100,99038,100,99978,100,98961,100,100041,200,98952,100,100053,100,98939,100,100077,100,98938,100,100094,100,98934,100
2019-06-28 09:46:28.022821177,99880,100,99816,208,99909,308,99570,208,99912,208,99543,208,99936,308,99446,208,99957,308,99038,100,99975,100,98961,100,99978,100,98952,100,100041,200,98939,100,100053,100,98938,100,100077,100,98934,100
2019-06-28 09:46:29.899244779,99880,100,99816,108,99909,308,99570,208,99912,208,99543,208,99936,308,99446,208,99957,308,98961,100,99975,100,98952,100,99978,100,98939,100,100041,200,98938,100,100053,100,98934,100,100077,100,98135,100
2019-06-28 09:46:30.000000000,99880,208,99570,208,99909,308,99543,208,99912,208,99446,208,99936,308,98961,208,99957,200,98952,100,99975,100,98939,100,99978,100,98938,100,100041,200,98934,100,100053,100,98135,100,100077,100,,
2019-06-28 09:46:40.000000000,99880,247,99570,247,99909,343,99543,243,99912,243,99446,243,99936,200,98961,100,99957,200,98952,100,99975,100,98939,100,99978,100,98938,100,100041,200,98934,100,100053,100,98135,100,100077,100,,
2019-06-28 09:46:50.000000000,99880,533,99570,533,99909,200,99543,100,99912,100,99446,100,99936,200,98961,100,99957,200,98952,100,99975,100,98939,100,99978,100,98938,100,100041,200,98934,100,100053,100,98135,100,100077,100,,
2019-06-28 09:46:50.983133697,99880,533,99570,533,99909,200,99543,100,99912,100,99446,100,99936,200,98961,100,99957,200,98952,100,99975,100,98939,100,99978,100,98938,100,100041,200,98934,100,100053,100,98135,100,100077,100,97961,100
2019-06-28 09:46:56.484746285,99880,533,99570,533,99909,200,99543,100,99912,100,99446,100,99936,200,98961,100,99957,200,98952,100,99975,100,98939,100,99978,100,98938,100,100041,200,98934,100,100053,100,98135,100,100077,100,98049,100
2019-06-28 09:47:00.000000000,99880,316,99570,316,99909,416,99543,316,99912,100,99446,100,99936,200,98961,100,99957,200,98952,100,99975,100,98939,100,99978,100,98938,100,100041,200,98934,100,100053,100,98135,100,100077,100,98049,100
2019-06-28 09:47:10.000000000,99880,187,99570,187,99909,287,99543,187,99912,187,99446,187,99936,287,98961,187,99957,287,98952,187,99975,100,98939,100,99978,100,98938,100,100041,200,98934,100,100053,100,98135,100,100077,100,98049,100
2019-06-28 09:47:20.000000000,99880,316,99570,316,99909,416,99543,316,99912,100,99446,100,99936,200,98961,100,99957,200,98952,100,99975,100,98939,100,99978,100,98938,100,100041,200,98934,100,100053,100,98135,100,100077,100,98049,100
2019-06-28 09:47:30.000000000,99880,187,99570,187,99909,287,99543,187,99912,187,99446,187,99936,287,98961,187,99957,287,98952,187,99975,100,98939,100,99978,100,98938,100,100041,200,98934,100,100053,100,98135,100,100077,100,98049,100
2019-06-28 09:47:40.000000000,99880,247,99570,247,99909,343,99543,243,99912,243,99446,243,99936,200,98961,100,99957,200,98952,100,99975,100,98939,100,99978,100,98938,100,100041,200,98934,100,100053,100,98135,100,100077,100,98049,100
2019-06-28 09:47:44.320919105,99880,247,99570,247,99909,343,99543,243,99912,243,99446,243,99936,200,98961,100,99957,200,98952,100,99975,100,98939,100,99978,100,98938,100,100041,200,98934,100,100053,100,98905,100,100077,100,98135,100
2019-06-28 09:47:50.000000000,99880,533,99570,533,99909,200,99543,100,99912,100,99446,100,99936,200,98961,100,99957,200,98952,100,99975,100,98939,100,99978,100,98938,100,100041,200,98934,100,100053,100,98905,100,100077,100,98135,100
2019-06-28 09:48:00.000000000,99880,247,99570,247,99909,343,99543,243,99912,243,99446,243,99936,200,98961,100,99957,200,98952,100,99975,100,98939,100,99978,100,98938,100,100041,200,98934,100,100053,100,98905,100,100077,100,98135,100
2019-06-28 09:48:10.000000000,99880,533,99570,533,99909,200,99543,100,99912,100,99446,100,99936,200,98961,100,99957,200,98952,100,99975,100,98939,100,99978,100,98938,100,100041,200,98934,100,100053,100,98905,100,100077,100,98135,100
2019-06-28 09:48:20.000000000,99880,316,99570,316,99909,416,99543,316,99912,100,99446,100,99936,200,98961,100,99957,200,98952,100,99975,100,98939,100,99978,100,98938,100,100041,200,98934,100,100053,100,98905,100,100077,100,98135,100
2019-06-28 09:48:30.000000000,99880,247,99570,247,99909,343,99543,243,99912,243,99446,243,99936,200,98961,100,99957,200,98952,100,99975,100,98939,100,99978,100,98938,100,100041,200,98934,100,100053,100,98905,100,100077,100,98135,100
2019-06-28 09:48:40.000000000,99880,533,99570,533,99909,200,99543,100,99912,100,99446,100,99936,200,98961,100,99957,200,98952,100,99975,100,98939,100,99978,100,98938,100,100041,200,98934,100,100053,100,98905,100,100077,100,98135,100
2019-06-28 09:48:50.000000000,99880,533,99570,533,99909,200,99543,100,99912,100,99446,100,99936,200,98961,100,99957,200,98952,100,99975,100,98939,100,99978,100,98938,100,100041,200,98934,100,100053,100,98905,100,100077,100,98135,100
2019-06-28 09:48:55.934966844,99671,100,99570,533,99880,533,99543,100,99909,200,99446,100,99912,100,98961,100,99936,200,98952,100,99957,200,98939,100,99975,100,98938,100,99978,100,98934,100,100041,200,98905,100,100053,100,98135,100
2019-06-28 09:49:00.000000000,99671,208,99570,208,99880,208,99543,208,99909,308,99446,208,99912,208,98961,208,99936,200,98952,100,99957,200,98939,100,99975,100,98938,100,99978,100,98934,100,100041,200,98905,100,100053,100,98135,100
2019-06-28 09:49:10.000000000,99671,316,99570,316,99880,316,99543,316,99909,200,99446,100,99912,100,98961,100,99936,200,98952,100,99957,200,98939,100,99975,100,98938,100,99978,100,98934,100,100041,200,98905,100,100053,100,98135,100
2019-06-28 09:49:18.104027353,99671,316,99570,316,99880,316,99543,316,99909,200,99446,100,99912,100,98961,100,99936,200,98952,100,99957,200,98939,100,99975,100,98938,100,100041,200,98934,100,100053,100,98905,100,100077,100,98135,100
2019-06-28 09:49:20.000000000,99671,187,99570,187,99880,187,99543,187,99909,287,99446,187,99912,187,98961,187,99936,287,98952,187,99957,200,98939,100,99975,100,98938,100,100041,200,98934,100,100053,100,98905,100,100077,100,98135,100
2019-06-28 09:49:26.063487676,99671,187,99570,187,99745,100,99543,187,99880,187,99446,187,99909,287,98961,187,99912,187,98952,187,99936,287,98939,100,99957,200,98938,100,99975,100,98934,100,100041,200,98905,100,100053,100,98135,100
2019-06-28 09:49:30.000000000,99671,533,99570,533,99745,100,99543,100,99880,100,99446,100,99909,200,98961,100,99912,100,98952,100,99936,200,98939,100,99957,200,98938,100,99975,100,98934,100,100041,200,98905,100,100053,100,98135,100
2019-06-28 09:49:40.000000000,99671,208,99570,208,99745,208,99543,208,99880,208,99446,208,99909,308,98961,208,99912,100,98952,100,99936,200,98939,100,99957,200,98938,100,99975,100,98934,100,100041,200,98905,100,100053,100,98135,100
2019-06-28 09:49:48.744737164,99671,108,99570,208,99745,208,99543,208,99880,208,99446,208,99909,308,98961,208,99912,100,98952,100,99936,200,98939,100,99957,200,98938,100,99975,100,98934,100,100041,200,98905,100,100053,100,98135,100
2019-06-28 09:49:50.000000000,99745,533,99570,533,99880,100,99543,100,99909,200,99446,100,99912,100,98961,100,99936,200,98952,100,99957,200,98939,100,99975,100,98938,100,100041,200,98934,100,100053,100,98905,100,100077,100,98135,100
2019-06-28 09:50:00.000000000,99745,533,99570,533,99880,100,99543,100,99909,200,99446,100,99912,100,98961,100,99936,200,98952,100,99957,200,98939,100,99975,100,98938,100,100041,200,98934,100,100053,100,98905,100,100077,100,98135,100
2019-06-28 09:50:00.009816555,99745,533,99671,100,99880,100,99570,533,99909,200,99543,100,99912,100,99446,100,99936,100,98961,100,99957,200,98952,100,99975,100,98939,100,100041,200,98938,100,100053,100,98934,100,100077,100,98905,100
2019-06-28 09:50:09.998812088,99745,533,99671,100,99871,100,99570,533,99880,100,99543,100,99909,200,99446,100,99912,100,98961,100,99936,100,98952,100,99957,200,98939,100,99975,100,98938,100,100041,200,98934,100,100053,100,98905,100
2019-06-28 09:50:10.000000000,99745,247,99671,247,99871,243,99570,243,99880,243,99543,243,99909,200,99446,100,99912,100,98961,100,99936,100,98952,100,99957,200,98939,100,99975,100,98938,100,100041,200,98934,100,100053,100,98905,100
2019-06-28 09:50:20.000000000,99745,187,99671,187,99871,187,99570,187,99880,187,99543,187,99909,287,99446,187,99912,187,98961,187,99936,100,98952,100,99957,200,98939,100,99975,100,98938,100,100041,200,98934,100,100053,100,98905,100
2019-06-28 09:50:30.000000000,99745,316,99671,316,99871,316,99570,316,99880,100,99543,100,99909,200,99446,100,99912,100,98961,100,99936,100,98952,100,99957,200,98939,100,99975,100,98938,100,100041,200,98934,100,100053,100,98905,100
2019-06-28 09:50:35.185702734,99745,316,99671,316,99871,316,99570,316,99880,100,99543,100,99909,100,99446,100,99912,100,98961,100,99936,100,98952,100,99957,200,98939,100,99975,100,98938,100,100041,200,98934,100,100053,100,98905,100
2019-06-28 09:50:37.067890869,99745,316,99671,416,99871,316,99570,316,99880,100,99543,100,99909,100,99446,100,99912,100,98961,100,99936,100,98952,100,99957,200,98939,100,99975,100,98938,100,100041,200,98934,100,100053,100,98905,100
2019-06-28 09:50:38.266080723,99745,216,99671,316,99871,316,99570,316,99880,100,99543,100,99909,100,99446,100,99912,100,98961,100,99936,100,98952,100,99957,200,98939,100,99975,100,98938,100,100041,200,98934,100,100053,100,98905,100
2019-06-28 09:50:40.000000000,99871,247,99671,247,99880,243,99570,243,99909,243,99543,243,99912,100,99446,100,99936,100,98961,100,99957,200,98952,100,99975,100,98939,100,100041,200,98938,100,100053,100,98934,100,100077,100,98905,100
2019-06-28 09:50:50.000000000,99871,316,99671,316,99880,316,99570,316,99909,100,99543,100,99912,100,99446,100,99936,100,98961,100,99957,200,98952,100,99975,100,98939,100,100041,200,98938,100,100053,100,98934,100,100077,100,98905,100
2019-06-28 09:51:00.000000000,99871,533,99671,533,99880,100,99570,100,99909,100,99543,100,99912,100,99446,100,99936,100,98961,100,99957,200,98952,100,99975,100,98939,100,100041,200,98938,100,100053,100,98934,100,100077,100,98905,100
2019-06-28 09:51:10.000000000,99871,208,99671,208,99880,208,99570,208,99909,208,99543,208,99912,208,99446,208,99936,100,98961,100,99957,200,98952,100,99975,100,98939,100,100041,200,98938,100,100053,100,98934,100,100077,100,98905,100
2019-06-28 09:51:17.101414136,99871,208,99671,208,99880,208,99570,208,99909,208,99543,208,99912,208,99446,208,99936,100,99422,100,99957,200,98961,100,99975,100,98952,100,100041,200,98939,100,100053,100,98938,100,100077,100,98934,100
2019-06-28 09:51:20.000000000,99871,208,99671,208,99880,208,99570,208,99909,208,99543,208,99912,208,99446,208,99936,100,99422,100,99957,200,98961,100,99975,100,98952,100,100041,200,98939,100,100053,100,98938,100,100077,100,98934,100
2019-06-28 09:51:30.000000000,99871,316,99671,316,99880,316,99570,316,99909,100,99543,100,99912,100,99446,100,99936,100,99422,100,99957,200,98961,100,99975,100,98952,100,100041,200,98939,100,100053,100,98938,100,100077,100,98934,100
2019-06-28 09:51:39.545988198,99871,316,99671,316,99880,316,99574,100,99909,100,99570,316,99912,100,99543,100,99936,100,99446,100,99957,200,99422,100,99975,100,98961,100,100041,200,98952,100,100053,100,98939,100,100094,100,98938,100
2019-06-28 09:51:40.000000000,99871,533,99671,533,99880,100,99574,100,99909,100,99570,100,99912,100,99543,100,99936,100,99446,100,99957,200,99422,100,99975,100,98961,100,100041,200,98952,100,100053,100,98939,100,100094,100,98938,100
2019-06-28 09:51:50.000000000,99871,316,99671,316,99880,316,99574,316,99909,100,99570,100,99912,100,99543,100,99936,100,99446,100,99957,200,99422,100,99975,100,98961,100,100041,200,98952,100,100053,100,98939,100,100094,100,98938,100
2019-06-28 09:52:00.000000000,99871,316,99671,316,99880,316,99574,316,99909,100,99570,100,99912,100,99543,100,99936,100,99446,100,99957,200,99422,100,99975,100,98961,100,100041,200,98952,100,100053,100,98939,100,100094,100,98938,100
2019-06-28 09:52:10.000000000,99871,208,99671,208,99880,208,99574,208,99909,208,99570,208,99912,208,99543,208,99936,100,99446,100,99957,200,99422,100,99975,100,98961,100,100041,200,98952,100,100053,100,98939,100,100094,100,98938,100
2019-06-28 09:52:15.518688753,99871,208,99805,100,99880,208,99671,208,99909,208,99574,208,99912,208,99570,208,99936,100,99543,208,99957,200,99446,100,99975,100,99422,100,100041,200,98961,100,100053,100,98952,100,100094,100,98939,100
2019-06-28 09:52:18.049410522,99871,208,99698,100,99880,208,99671,208,99909,208,99574,208,99912,208,99570,208,99936,100,99543,208,99957,200,99446,100,99975,100,99422,100,100041,200,98961,100,100053,100,98952,100,100094,100,98939,100
2019-06-28 09:52:20.000000000,99871,247,99698,247,99880,243,99671,243,99909,243,99574,243,99912,100,99570,100,99936,100,99543,100,99957,200,99446,100,99975,100,99422,100,100041,200,98961,100,100053,100,98952,100,100094,100,98939,100
2019-06-28 09:52:26.592960925,99871,247,99698,247,99880,243,99672,100,99909,243,99671,243,99912,100,99574,243,99936,100,99570,100,99957,200,99543,100,99975,100,99446,100,100041,200,99422,100,100053,100,98961,100,100094,100,98952,100
2019-06-28 09:52:30.000000000,99871,187,99698,187,99880,187,99672,187,99909,187,99671,187,99912,187,99574,187,99936,187,99570,187,99957,200,99543,100,99975,100,99446,100,100041,200,99422,100,100053,100,98961,100,100094,100,98952,100
2019-06-28 09:52:40.000000000,99871,247,99698,247,99880,243,99672,243,99909,243,99671,243,99912,100,99574,100,99936,100,99570,100,99957,200,99543,100,99975,100,99446,100,100041,200,99422,100,100053,100,98961,100,100094,100,98952,100
2019-06-28 09:52:50.000000000,99871,187,99698,187,99880,187,99672,187,99909,187,99671,187,99912,187,99574,187,99936,187,99570,187,99957,200,99543,100,99975,100,99446,100,100041,200,99422,100,100053,100,98961,100,100094,100,98952,100
2019-06-28 09:52:54.989564636,99871,87,99698,187,99880,187,99672,187,99909,187,99671,187,99912,187,99574,187,99936,187,99570,187,99957,200,99543,100,99975,100,99446,100,100041,200,99422,100,100053,100,98961,100,100094,100,98952,100
2019-06-28 09:53:00.000000000,99880,316,99698,316,99909,316,99672,316,99912,100,99671,100,99936,100,99574,100,99957,200,99570,100,99975,100,99543,100,100041,200,99446,100,100053,100,99422,100,100094,100,98961,100,100097,100,98952,100
2019-06-28 09:53:10.000000000,99880,208,99698,208,99909,208,99672,208,99912,208,99671,208,99936,208,99574,208,99957,200,99570,100,99975,100,99543,100,100041,200,99446,100,100053,100,99422,100,100094,100,98961,100,100097,100,98952,100
2019-06-28 09:53:20.000000000,99880,187,99698,187,99909,187,99672,187,99912,187,99671,187,99936,187,99574,187,99957,287,99570,187,99975,100,99543,100,100041,200,99446,100,100053,100,99422,100,100094,100,98961,100,100097,100,98952,100
2019-06-28 09:53:29.928243127,99880,87,99698,187,99909,187,99672,187,99912,187,99671,187,99936,187,99574,187,99957,287,99570,187,99975,100,99543,100,100041,200,99446,100,100053,100,99422,100,100094,100,98961,100,100097,100,98952,100
2019-06-28 09:53:29.986054817,99880,87,99698,187,99909,187,99672,187,99912,187,99671,187,99936,187,99574,187,99957,287,99570,187,99975,100,99446,100,100041,200,99422,100,100053,100,98961,100,100094,100,98952,100,100097,100,98939,100
2019-06-28 09:53:30.000000000,99909,208,99698,208,99912,208,99672,208,99936,208,99671,208,99957,308,99574,208,99975,100,99570,100,100041,200,99446,100,100053,100,99422,100,100094,100,98961,100,100097,100,98952,100,100102,100,98939,100
2019-06-28 09:53:40.000000000,99909,316,99698,316,99912,316,99672,316,99936,100,99671,100,99957,200,99574,100,99975,100,99570,100,100041,200,99446,100,100053,100,99422,100,100094,100,98961,100,100097,100,98952,100,100102,100,98939,100
2019-06-28 09:53:50.000000000,99909,316,99698,316,99912,316,99672,316,99936,100,99671,100,99957,200,99574,100,99975,100,99570,100,100041,200,99446,100,100053,100,99422,100,100094,100,98961,100,100097,100,98952,100,100102,100,98939,100
2019-06-28 09:54:00.000000000,99909,187,99698,187,99912,187,99672,187,99936,187,99671,187,99957,287,99574,187,99975,187,99570,187,100041,200,99446,100,100053,100,99422,100,100094,100,98961,100,100097,100,98952,100,100102,100,98939,100
2019-06-28 09:54:02.328695916,99909,187,99698,187,99912,187,99672,187,99936,187,99671,187,99957,287,99574,187,99975,187,99570,187,100041,200,99446,100,100053,100,99422,100,100094,100,98961,100,100097,100,98952,100,100102,100,98939,100
2019-06-28 09:54:06.234340784,99909,87,99698,187,99912,187,99672,187,99936,187,99671,187,99957,287,99574,187,99975,187,99570,187,100041,200,99446,100,100053,100,99422,100,100094,100,98961,100,100097,100,98952,100,100102,100,98939,100
2019-06-28 09:54:10.000000000,99912,533,99698,533,99936,100,99672,100,99957,200,99671,100,99975,100,99574,100,100041,200,99570,100,100053,100,99446,100,100094,100,99422,100,100097,100,98961,100,100102,100,98952,100,100103,100,98939,100
2019-06-28 09:54:20.000000000,99912,208,99698,208,99936,208,99672,208,99957,308,99671,208,99975,208,99574,208,100041,200,99570,100,100053,100,99446,100,100094,100,99422,100,100097,100,98961,100,100102,100,98952,100,100103,100,98939,100
2019-06-28 09:54:23.452862333,99912,208,99698,208,99936,208,99672,208,99957,308,99671,208,99975,208,99574,208,100041,200,99570,100,100053,100,99446,100,100094,100,99422,100,100097,100,98961,100,100102,100,98952,100,100103,100,98939,100
2019-06-28 09:54:30.000000000,99912,533,99698,533,99936,100,99672,100,99957,200,99671,100,99975,100,99574,100,100041,200,99570,100,100053,100,99446,100,100094,100,99422,100,100097,100,98961,100,100102,100,98952,100,100103,100,98939,100
2019-06-28 09:54:40.000000000,99912,533,99698,533,99936,100,99672,100,99957,200,99671,100,99975,100,99574,100,100041,200,99570,100,100053,100,99446,100,100094,100,99422,100,100097,100,98961,100,100102,100,98952,100,100103,100,98939,100
2019-06-28 09:54:50.000000000,99912,208,99698,208,99936,208,99672,208,99957,308,99671,208,99975,208,99574,208,100041,200,99570,100,100053,100,99446,100,100094,100,99422,100,100097,100,98961,100,100102,100,98952,100,100103,100,98939,100
2019-06-28 09:55:00.000000000,99912,316,99698,316,99936,316,99672,316,99957,200,99671,100,99975,100,99574,100,100041,200,99570,100,100053,100,99446,100,100094,100,99422,100,100097,100,98961,100,100102,100,98952,100,100103,100,98939,100
2019-06-28 09:55:10.000000000,99912,208,99698,208,99936,208,99672,208,99957,308,99671,208,99975,208,99574,208,100041,200,99570,100,100053,100,99446,100,100094,100,99422,100,100097,100,98961,100,100102,100,98952,100,100103,100,98939,100
2019-06-28 09:55:13.154031318,99912,208,99880,100,99936,208,99698,208,99957,308,99672,208,99975,208,99671,208,100041,200,99574,208,100053,100,99570,100,100094,100,99446,100,100097,100,99422,100,100102,100,98961,100,100103,100,98952,100
2019-06-28 09:55:17.092883286,99912,108,99880,100,99936,208,99698,208,99957,308,99672,208,99975,208,99671,208,100041,200,99574,208,100053,100,99570,100,100094,100,99446,100,100097,100,99422,100,100102,100,98961,100,100103,100,98952,100
2019-06-28 09:55:20.000000000,99936,316,99880,316,99957,416,99698,316,99975,100,99672,100,100041,200,99671,100,100053,100,99574,100,100094,100,99570,100,100097,100,99446,100,100102,100,99422,100,100103,100,98961,100,100108,100,98952,100
2019-06-28 09:55:30.000000000,99936,187,99880,187,99957,287,99698,187,99975,187,99672,187,100041,287,99671,187,100053,187,99574,187,100094,100,99570,100,100097,100,99446,100,100102,100,99422,100,100103,100,98961,100,100108,100,98952,100
2019-06-28 09:55:40.000000000,99936,247,99880,247,99957,343,99698,243,99975,243,99672,243,100041,200,99671,100,100053,100,99574,100,100094,100,99570,100,100097,100,99446,100,100102,100,99422,100,100103,100,98961,100,100108,100,98952,100
2019-06-28 09:55:46.492594770,99936,247,99909,100,99957,343,99880,247,99975,243,99698,243,100041,200,99672,243,100053,100,99671,100,100094,100,99574,100,100097,100,99570,100,100102,100,99446,100,100103,100,99422,100,100108,100,98961,100
2019-06-28 09:55:50.000000000,99936,208,99909,208,99957,308,99880,208,99975,208,99698,208,100041,308,99672,208,100053,100,99671,100,100094,100,99574,100,100097,100,99570,100,100102,100,99446,100,100103,100,99422,100,100108,100,98961,100
2019-06-28 09:56:00.000000000,99936,208,99909,208,99957,308,99880,208,99975,208,99698,208,100041,308,99672,208,100053,100,99671,100,100094,100,99574,100,100097,100,99570,100,100102,100,99446,100,100103,100,99422,100,100108,100,98961,100
2019-06-28 09:56:00.279016686,99936,208,99909,308,99957,308,99880,208,99975,208,99698,208,100041,308,99672,208,100053,100,99671,100,100094,100,99574,100,100097,100,99570,100,100102,100,99446,100,100103,100,99422,100,100108,100,98961,100
2019-06-28 09:56:05.616928300,99936,208,99909,308,99957,308,99880,208,99975,208,99698,208,100041,308,99672,208,100053,100,99671,100,100094,100,99574,100,100097,100,99570,100,100102,100,99446,100,100103,100,99422,100,100108,100,98961,100
2019-06-28 09:56:06.190784528,99936,108,99909,308,99957,308,99880,208,99975,208,99698,208,100041,308,99672,208,100053,100,99671,100,100094,100,99574,100,100097,100,99570,100,100102,100,99446,100,100103,100,99422,100,100145,100,98961,100
2019-06-28 09:56:10.000000000,99957,633,99909,633,99975,100,99880,100,100041,200,99698,100,100053,100,99672,100,100094,100,99671,100,100097,100,99574,100,100102,100,99570,100,100103,100,99446,100,100145,100,99422,100,100541,100,98961,100
2019-06-28 09:56:20.000000000,99957,287,99909,287,99975,187,99880,187,100041,287,99698,187,100053,187,99672,187,100094,187,99671,187,100097,100,99574,100,100102,100,99570,100,100103,100,99446,100,100145,100,99422,100,100541,100,98961,100
2019-06-28 09:56:25.252786601,99957,287,99909,287,99975,187,99880,187,100041,287,99698,187,100053,187,99672,187,100094,187,99671,187,100097,100,99574,100,100102,100,99570,100,100103,100,99446,100,100145,100,99422,100,100541,100,98961,100
2019-06-28 09:56:26.993019332,99957,187,99909,287,99975,187,99880,187,100041,287,99698,187,100053,187,99672,187,100094,187,99671,187,100097,100,99574,100,100102,100,99570,100,100103,100,99446,100,100145,100,99422,100,100541,100,98961,100
2019-06-28 09:56:30.000000000,99957,247,99909,347,99975,243,99880,243,100041,343,99698,243,100053,100,99672,100,100094,100,99671,100,100097,100,99574,100,100102,100,99570,100,100103,100,99446,100,100145,100,99422,100,100541,100,98961,100
2019-06-28 09:56:40.000000000,99957,316,99909,416,99975,316,99880,316,100041,200,99698,100,100053,100,99672,100,100094,100,99671,100,100097,100,99574,100,100102,100,99570,100,100103,100,99446,100,100145,100,99422,100,100541,100,98961,100
2019-06-28 09:56:45.346003034,99957,316,99909,416,99975,316,99880,316,100041,200,99698,100,100053,100,99672,100,100094,100,99671,100,100097,100,99574,100,100102,100,99570,100,100103,100,99446,100,100145,100,99422,100,100541,100,98961,100
2019-06-28 09:56:50.000000000,99957,247,99909,347,99975,243,99880,243,100041,343,99698,243,100053,100,99672,100,100094,100,99671,100,100097,100,99574,100,100102,100,99570,100,100103,100,99446,100,100145,100,99422,100,100541,100,98961,100
2019-06-28 09:56:55.923950952,99957,247,99909,347,99975,243,99880,243,100041,343,99698,243,100053,100,99672,100,100094,100,99671,100,100097,100,99574,100,100102,100,99570,100,100103,100,99446,100,100145,100,99422,100,100541,100,98961,100
2019-06-28 09:57:00.000000000,99957,187,99909,287,99975,187,99880,187,100041,287,99698,187,100053,187,99672,187,100094,187,99671,187,100097,100,99574,100,100102,100,99570,100,100103,100,99446,100,100145,100,99422,100,100541,100,98961,100
2019-06-28 09:57:00.795663028,99957,187,99909,287,99975,187,99880,187,100041,287,99698,187,100053,187,99672,187,100094,187,99671,187,100097,100,99574,100,100102,100,99570,100,100103,100,99446,100,100145,100,99422,100,100541,100,98952,100
2019-06-28 09:57:10.000000000,99957,533,99909,633,99975,100,99880,100,100041,200,99698,100,100053,100,99672,100,100094,100,99671,100,100097,100,99574,100,100102,100,99570,100,100103,100,99446,100,100145,100,99422,100,100541,100,98952,100
2019-06-28 09:57:10.024884092,99957,433,99909,633,99975,100,99880,100,100041,200,99698,100,100053,100,99672,100,100094,100,99671,100,100097,100,99574,100,100102,100,99570,100,100103,100,99446,100,100145,100,99422,100,100541,100,98952,100
2019-06-28 09:57:16.270400877,99957,333,99909,633,99975,100,99880,100,100041,200,99698,100,100053,100,99672,100,100094,100,99671,100,100097,100,99574,100,100102,100,99570,100,100103,100,99446,100,100145,100,99422,100,100541,100,98952,100
2019-06-28 09:57:18.998237582,99957,233,99909,633,99975,100,99880,100,100041,200,99698,100,100053,100,99672,100,100094,100,99671,100,100097,100,99574,100,100102,100,99570,100,100103,100,99446,100,100145,100,99422,100,100541,100,98952,100
2019-06-28 09:57:19.019299050,99957,133,99909,633,99975,100,99880,100,100041,200,99698,100,100053,100,99672,100,100094,100,99671,100,100097,100,99574,100,100102,100,99570,100,100103,100,99446,100,100145,100,99422,100,100541,100,98952,100
2019-06-28 09:57:20.000000000,99975,208,99909,308,100041,308,99880,208,100053,208,99698,208,100094,208,99672,208,100097,100,99671,100,100102,100,99574,100,100103,100,99570,100,100145,100,99446,100,100541,100,99422,100,101305,100,98952,100
2019-06-28 09:57:30.000000000,99975,247,99909,347,100041,343,99880,243,100053,243,99698,243,100094,100,99672,100,100097,100,99671,100,100102,100,99574,100,100103,100,99570,100,100145,100,99446,100,100541,100,99422,100,101305,100,98952,100
2019-06-28 09:57:31.206456792,99975,247,99909,347,100041,343,99880,243,100053,243,99698,243,100094,100,99672,100,100097,100,99671,100,100102,100,99574,100,100103,100,99570,100,100145,100,99446,100,100541,100,99422,100,101305,100,98952,100
2019-06-28 09:57:40.000000000,99975,316,99909,416,100041,416,99880,316,100053,100,99698,100,100094,100,99672,100,100097,100,99671,100,100102,100,99574,100,100103,100,99570,100,100145,100,99446,100,100541,100,99422,100,101305,100,98952,100
2019-06-28 09:57:50.000000000,99975,208,99909,308,100041,308,99880,208,100053,208,99698,208,100094,208,99672,208,100097,100,99671,100,100102,100,99574,100,100103,100,99570,100,100145,100,99446,100,100541,100,99422,100,101305,100,98952,100
2019-06-28 09:58:00.000000000,99975,187,99909,287,100041,287,99880,187,100053,187,99698,187,100094,187,99672,187,100097,187,99671,187,100102,100,99574,100,100103,100,99570,100,100145,100,99446,100,100541,100,99422,100,101305,100,98952,100
2019-06-28 09:58:10.000000000,99975,208,99909,308,100041,308,99880,208,100053,208,99698,208,100094,208,99672,208,100097,100,99671,100,100102,100,99574,100,100103,100,99570,100,100145,100,99446,100,100541,100,99422,100,101305,100,98952,100
2019-06-28 09:58:18.018863915,99975,208,99957,100,100041,308,99909,308,100053,208,99880,208,100094,208,99698,208,100097,100,99672,208,100102,100,99671,100,100103,100,99574,100,100145,100,99570,100,100541,100,99446,100,101305,100,99422,100
2019-06-28 09:58:20.000000000,99975,187,99957,187,100041,287,99909,287,100053,187,99880,187,100094,187,99698,187,100097,187,99672,187,100102,100,99671,100,100103,100,99574,100,100145,100,99570,100,100541,100,99446,100,101305,100,99422,100
2019-06-28 09:58:24.758307761,99975,87,99957,187,100041,287,99909,287,100053,187,99880,187,100094,187,99698,187,100097,187,99672,187,100102,100,99671,100,100103,100,99574,100,100145,100,99570,100,100541,100,99446,100,101305,100,99422,100
2019-06-28 09:58:26.668699613,100041,287,99975,13,100053,187,99957,187,100094,187,99909,287,100097,187,99880,187,100102,100,99698,187,100103,100,99672,187,100145,100,99671,100,100541,100,99574,100,101305,100,99570,100,101721,100,99446,100
2019-06-28 09:58:30.000000000,100041,347,99975,160,100053,243,99957,243,100094,243,99909,343,100097,100,99880,100,100102,100,99698,100,100103,100,99672,100,100145,100,99671,100,100541,100,99574,100,101305,100,99570,100,101721,100,99446,100
2019-06-28 09:58:37.377958748,100041,247,99975,160,100053,243,99957,243,100094,243,99909,343,100097,100,99880,100,100102,100,99698,100,100103,100,99672,100,100145,100,99671,100,100541,100,99574,100,101305,100,99570,100,101781,100,99446,100
2019-06-28 09:58:37.381802634,100041,47,99975,160,100053,243,99957,243,100094,243,99909,343,100097,100,99880,100,100102,100,99698,100,100103,100,99672,100,100145,100,99671,100,100541,100,99574,100,101305,100,99570,100,101781,100,99446,100
2019-06-28 09:58:40.000000000,100053,247,99975,160,100094,243,99957,243,100097,243,99909,343,100102,100,99880,100,100103,100,99698,100,100145,100,99672,100,100541,100,99671,100,101305,100,99574,100,101781,100,99570,100,101817,100,99446,100
2019-06-28 09:58:50.000000000,100053,533,99975,446,100094,100,99957,100,100097,100,99909,200,100102,100,99880,100,100103,100,99698,100,100145,100,99672,100,100541,100,99671,100,101305,100,99574,100,101781,100,99570,100,101817,100,99446,100
2019-06-28 09:58:57.621666902,100053,533,99975,446,100094,100,99957,100,100097,100,99909,200,100102,100,99880,100,100103,100,99698,100,100145,100,99672,100,100541,100,99671,100,100671,100,99574,100,101305,100,99570,100,101781,100,99446,100
2019-06-28 09:59:00.000000000,100053,187,99975,100,100094,187,99957,187,100097,187,99909,287,100102,187,99880,187,100103,187,99698,187,100145,100,99672,100,100541,100,99671,100,100671,100,99574,100,101305,100,99570,100,101781,100,99446,100
2019-06-28 09:59:00.997707653,100053,87,99975,100,100094,187,99957,187,100097,187,99909,287,100102,187,99880,187,100103,187,99698,187,100145,100,99672,100,100541,100,99671,100,100671,100,99574,100,100868,100,99570,100,101305,100,99446,100
2019-06-28 09:59:10.000000000,100094,187,99975,100,100097,187,99957,187,100102,187,99909,287,100103,187,99880,187,100145,187,99698,187,100541,100,99672,100,100671,100,99671,100,100868,100,99574,100,101305,100,99570,100,101781,100,99446,100
2019-06-28 09:59:12.038033415,100094,187,99975,100,100097,187,99957,187,100102,187,99909,287,100103,187,99880,187,100145,187,99698,187,100541,100,99672,100,100671,100,99671,100,100868,100,99574,100,100875,100,99570,100,101305,100,99446,100
2019-06-28 09:59:19.645668555,100094,87,99975,100,100097,187,99957,187,100102,187,99909,287,100103,187,99880,187,100145,187,99698,187,100541,100,99672,100,100671,100,99671,100,100868,100,99574,100,100875,100,99570,100,101305,100,99446,100
2019-06-28 09:59:20.000000000,100097,247,99975,160,100102,243,99957,243,100103,243,99909,343,100145,100,99880,100,100541,100,99698,100,100671,100,99672,100,100868,100,99671,100,100875,100,99574,100,101305,100,99570,100,101781,100,99446,100
2019-06-28 09:59:30.000000000,100097,208,99975,121,100102,208,99957,208,100103,208,99909,308,100145,208,99880,208,100541,100,99698,100,100671,100,99672,100,100868,100,99671,100,100875,100,99574,100,101305,100,99570,100,101781,100,99446,100
2019-06-28 09:59:36.350294664,100097,208,99975,121,100102,208,99957,208,100103,208,99909,308,100145,208,99880,208,100541,100,99698,100,100671,100,99672,100,100868,100,99671,100,100875,100,99574,100,100917,100,99570,100,101305,100,99446,100
2019-06-28 09:59:40.000000000,100097,187,99975,100,100102,187,99957,187,100103,187,99909,287,100145,187,99880,187,100541,187,99698,187,100671,100,99672,100,100868,100,99671,100,100875,100,99574,100,100917,100,99570,100,101305,100,99446,100
2019-06-28 09:59:48.778583310,100097,87,99975,100,100102,187,99957,187,100103,187,99909,287,100145,187,99880,187,100541,187,99698,187,100671,100,99672,100,100868,100,99671,100,100875,100,99574,100,100917,100,99570,100,101305,100,99446,100
2019-06-28 09:59:50.000000000,100102,187,99975,100,100103,187,99957,187,100145,187,99909,287,100541,187,99880,187,100671,187,99698,187,100868,100,99672,100,100875,100,99671,100,100917,100,99574,100,101305,100,99570,100,101781,100,99446,100
2019-06-28 10:00:00.000000000,100102,316,99975,229,100103,316,99957,316,100145,100,99909,200,100541,100,99880,100,100671,100,99698,100,100868,100,99672,100,100875,100,99671,100,100917,100,99574,100,101305,100,99570,100,101781,100,99446,100
2019-06-28 10:00:00.790572700,100102,216,99975,229,100103,316,99957,316,100145,100,99909,200,100541,100,99880,100,100671,100,99698,100,100875,100,99672,100,100917,100,99671,100,101305,100,99574,100,101781,100,99570,100,101817,100,99446,100
2019-06-28 10:00:09.924996657,100102,216,100097,100,100103,316,99975,229,100145,100,99957,316,100541,100,99909,200,100671,100,99880,100,100875,100,99698,100,100917,100,99672,100,101305,100,99671,100,101781,100,99574,100,101817,100,99570,100
2019-06-28 10:00:10.000000000,100103,533,100097,533,100145,100,99975,13,100541,100,99957,100,100671,100,99909,200,100875,100,99880,100,100917,100,99698,100,101305,100,99672,100,101781,100,99671,100,101817,100,99574,100,102226,100,99570,100
2019-06-28 10:00:18.646378811,100103,433,100097,533,100145,100,99975,13,100541,100,99957,100,100671,100,99909,200,100875,100,99880,100,100917,100,99698,100,101305,100,99672,100,101781,100,99671,100,101817,100,99574,100,102226,100,99570,100
2019-06-28 10:00:20.000000000,100145,187,100097,187,100541,187,99975,100,100671,187,99957,187,100875,187,99909,287,100917,187,99880,187,101305,100,99698,100,101781,100,99672,100,101817,100,99671,100,102226,100,99574,100,,,99570,100
2019-06-28 10:00:30.000000000,100145,316,100097,316,100541,316,99975,229,100671,100,99957,100,100875,100,99909,200,100917,100,99880,100,101305,100,99698,100,101781,100,99672,100,101817,100,99671,100,102226,100,99574,100,,,99570,100
2019-06-28 10:00:33.829227529,100145,316,100097,316,100491,100,99975,229,100541,316,99957,100,100671,100,99909,200,100875,100,99880,100,100917,100,99672,100,101305,100,99671,100,101781,100,99574,100,101817,100,99570,100,102226,100,99446,100
2019-06-28 10:00:40.000000000,100145,533,100097,533,100491,100,99975,13,100541,100,99957,100,100671,100,99909,200,100875,100,99880,100,100917,100,99672,100,101305,100,99671,100,101781,100,99574,100,101817,100,99570,100,102226,100,99446,100
2019-06-28 10:00:43.983148607,100145,533,100102,100,100491,100,100097,533,100541,100,99975,13,100671,100,99957,100,100875,100,99909,200,100917,100,99880,100,101305,100,99672,100,101781,100,99671,100,101817,100,99574,100,102226,100,99570,100
2019-06-28 10:00:44.285543063,100145,433,100102,100,100541,100,100097,533,100671,100,99975,13,100875,100,99957,100,100917,100,99909,200,101305,100,99880,100,101781,100,99672,100,101817,100,99671,100,102226,100,99574,100,,,99570,100
2019-06-28 10:00:45.434923846,100145,433,100102,100,100431,100,100097,533,100541,100,99975,13,100875,100,99957,100,100917,100,99909,200,101305,100,99880,100,101781,100,99672,100,101817,100,99671,100,102226,100,99574,100,,,99570,100
2019-06-28 10:00:50.000000000,100431,316,100102,316,100541,316,100097,316,100875,100,99975,13,100917,100,99957,100,101305,100,99909,200,101781,100,99880,100,101817,100,99672,100,102226,100,99671,100,,,99574,100,,,99570,100
2019-06-28 10:01:00.000000000,100431,208,100102,208,100541,208,100097,208,100875,208,99975,121,100917,208,99957,208,101305,100,99909,200,101781,100,99880,100,101817,100,99672,100,102226,100,99671,100,,,99574,100,,,99570,100
2019-06-28 10:01:02.759388364,100431,208,100270,100,100541,208,100102,208,100875,208,100097,208,100917,208,99975,121,101305,100,99957,208,101781,100,99909,200,101817,100,99880,100,102226,100,99672,100,,,99671,100,,,99574,100
2019-06-28 10:01:10.000000000,100431,316,100270,316,100541,316,100102,316,100875,100,100097,100,100917,100,99975,13,101305,100,99957,100,101781,100,99909,200,101817,100,99880,100,102226,100,99672,100,,,99671,100,,,99574,100
2019-06-28 10:01:20.000000000,100431,533,100270,533,100541,100,100102,100,100875,100,100097,100,100917,100,99975,13,101305,100,99957,100,101781,100,99909,200,101817,100,99880,100,102226,100,99672,100,,,99671,100,,,99574,100
2019-06-28 10:01:23.662824817,100431,533,100270,433,100541,100,100102,100,100875,100,100097,100,100917,100,99975,13,101305,100,99957,100,101781,100,99909,200,101817,100,99880,100,102226,100,99672,100,,,99671,100,,,99574,100
2019-06-28 10:01:30.000000000,100431,247,100102,247,100541,243,100097,243,100875,243,99975,156,100917,100,99957,100,101305,100,99909,200,101781,100,99880,100,101817,100,99672,100,102226,100,99671,100,,,99574,100,,,99570,100
2019-06-28 10:01:40.000000000,100431,247,100102,247,100541,243,100097,243,100875,243,99975,156,100917,100,99957,100,101305,100,99909,200,101781,100,99880,100,101817,100,99672,100,102226,100,99671,100,,,99574,100,,,99570,100
2019-06-28 10:01:42.826770333,100431,247,100102,247,100541,243,100097,243,100875,243,99975,156,100917,100,99957,100,101305,100,99909,200,101781,100,99880,100,101817,100,99753,100,102226,100,99672,100,,,99671,100,,,99574,100
2019-06-28 10:01:50.000000000,100431,187,100102,187,100541,187,100097,187,100875,187,99975,100,100917,187,99957,187,101305,187,99909,287,101781,100,99880,100,101817,100,99753,100,102226,100,99672,100,,,99671,100,,,99574,100
2019-06-28 10:02:00.000000000,100431,316,100102,316,100541,316,100097,316,100875,100,99975,13,100917,100,99957,100,101305,100,99909,200,101781,100,99880,100,101817,100,99753,100,102226,100,99672,100,,,99671,100,,,99574,100
2019-06-28 10:02:10.000000000,100431,247,100102,247,100541,243,100097,243,100875,243,99975,156,100917,100,99957,100,101305,100,99909,200,101781,100,99880,100,101817,100,99753,100,102226,100,99672,100,,,99671,100,,,99574,100
2019-06-28 10:02:10.147307261,100431,247,100122,100,100541,243,100102,247,100875,243,100097,243,100917,100,99975,156,101781,100,99957,100,101817,100,99909,200,102226,100,99880,100,,,99753,100,,,99672,100,,,99671,100
2019-06-28 10:02:20.000000000,100431,247,100122,247,100541,243,100102,243,100875,243,100097,243,100917,100,99975,13,101781,100,99957,100,101817,100,99909,200,102226,100,99880,100,,,99753,100,,,99672,100,,,99671,100
2019-06-28 10:02:27.065225483,100213,100,100122,247,100431,247,100102,243,100541,243,100097,243,100875,243,99975,13,100917,100,99957,100,101781,100,99909,200,101817,100,99880,100,102226,100,99753,100,,,99672,100,,,99671,100
2019-06-28 10:02:30.000000000,100213,533,100122,533,100431,100,100102,100,100541,100,100097,100,100875,100,99975,13,100917,100,99957,100,101781,100,99909,200,101817,100,99880,100,102226,100,99753,100,,,99672,100,,,99671,100
2019-06-28 10:02:40.000000000,100213,316,100122,316,100431,316,100102,316,100541,100,100097,100,100875,100,99975,13,100917,100,99957,100,101781,100,99909,200,101817,100,99880,100,102226,100,99753,100,,,99672,100,,,99671,100
2019-06-28 10:02:50.000000000,100213,316,100122,316,100431,316,100102,316,100541,100,100097,100,100875,100,99975,13,100917,100,99957,100,101781,100,99909,200,101817,100,99880,100,102226,100,99753,100,,,99672,100,,,99671,100
2019-06-28 10:03:00.000000000,100213,247,100122,247,100431,243,100102,243,100541,243,100097,243,100875,100,99975,13,100917,100,99957,100,101781,100,99909,200,101817,100,99880,100,102226,100,99753,100,,,99672,100,,,99671,100
2019-06-28 10:03:03.466727968,100213,147,100122,247,100431,243,100102,243,100541,243,100097,243,100875,100,99975,13,100917,100,99957,100,101781,100,99909,200,101817,100,99880,100,102226,100,99753,100,,,99672,100,,,99671,100
2019-06-28 10:03:10.000000000,100431,533,100122,533,100541,100,100102,100,100875,100,100097,100,100917,100,99975,13,101781,100,99957,100,101817,100,99909,200,102226,100,99880,100,,,99753,100,,,99672,100,,,99671,100
2019-06-28 10:03:20.000000000,100431,316,100122,316,100541,316,100102,316,100875,100,100097,100,100917,100,99975,13,101781,100,99957,100,101817,100,99909,200,102226,100,99880,100,,,99753,100,,,99672,100,,,99671,100
2019-06-28 10:03:30.000000000,100431,533,100122,533,100541,100,100102,100,100875,100,100097,100,100917,100,99975,13,101781,100,99957,100,101817,100,99909,200,102226,100,99880,100,,,99753,100,,,99672,100,,,99671,100
2019-06-28 10:03:40.000000000,100431,247,100122,247,100541,243,100102,243,100875,243,100097,243,100917,100,99975,13,101781,100,99957,100,101817,100,99909,200,102226,100,99880,100,,,99753,100,,,99672,100,,,99671,100
2019-06-28 10:03:50.000000000,100431,316,100122,316,100541,316,100102,316,100875,100,100097,100,100917,100,99975,13,101781,100,99957,100,101817,100,99909,200,102226,100,99880,100,,,99753,100,,,99672,100,,,99671,100
2019-06-28 10:04:00.000000000,100431,208,100122,208,100541,208,100102,208,100875,208,100097,208,100917,208,99975,121,101781,100,99957,100,101817,100,99909,200,102226,100,99880,100,,,99753,100,,,99672,100,,,99671,100
2019-06-28 10:04:10.000000000,100431,316,100122,316,100541,316,100102,316,100875,100,100097,100,100917,100,99975,13,101781,100,99957,100,101817,100,99909,200,102226,100,99880,100,,,99753,100,,,99672,100,,,99671,100
2019-06-28 10:04:10.826629036,100431,316,100122,216,100541,316,100102,316,100875,100,100097,100,101781,100,99975,13,101817,100,99957,100,102226,100,99909,200,,,99880,100,,,99753,100,,,99672,100,,,99671,100
2019-06-28 10:04:11.560231684,100431,316,100122,216,100541,316,100102,316,100875,100,100097,100,101781,100,99975,13,101817,100,99957,100,102226,100,99909,200,,,99880,100,,,99753,100,,,99672,100,,,99671,100
2019-06-28 10:04:20.000000000,100431,316,100102,316,100541,316,100097,316,100875,100,99975,13,101781,100,99957,100,101817,100,99909,200,102226,100,99880,100,,,99753,100,,,99672,100,,,99671,100,,,99596,100
2019-06-28 10:04:21.127756993,100431,316,100102,316,100541,316,100097,316,100875,100,99975,13,101781,100,99957,100,101817,100,99909,200,102226,100,99880,100,,,99753,100,,,99672,100,,,99671,100,,,99596,100
2019-06-28 10:04:30.000000000,100431,533,100102,533,100541,100,100097,100,100875,100,99975,13,101781,100,99957,100,101817,100,99909,200,102226,100,99880,100,,,99753,100,,,99672,100,,,99671,100,,,99596,100
2019-06-28 10:04:34.621139092,100431,533,100102,533,100541,100,100097,100,100875,100,99975,13,101781,100,99957,100,101817,100,99909,200,102226,100,99880,100,,,99753,100,,,99672,100,,,99671,100,,,99596,100
2019-06-28 10:04:40.000000000,100431,316,100102,316,100541,316,100097,316,100875,100,99975,13,101781,100,99957,100,101817,100,99909,200,102226,100,99880,100,,,99753,100,,,99672,100,,,99671,100,,,99596,100
2019-06-28 10:04:40.533676952,100431,316,100102,316,100541,316,100097,316,100875,100,99975,13,101817,100,99957,100,102226,100,99909,200,,,99880,100,,,99753,100,,,99672,100,,,99671,100,,,99596,100
2019-06-28 10:04:50.000000000,100431,187,100102,187,100541,187,100097,187,100875,187,99975,100,101817,187,99957,187,102226,187,99909,287,,,99880,100,,,99753,100,,,99672,100,,,99671,100,,,99596,100
2019-06-28 10:05:00.000000000,100431,533,100102,533,100541,100,100097,100,100875,100,99975,13,101817,100,99957,100,102226,100,99909,200,,,99880,100,,,99753,100,,,99672,100,,,99671,100,,,99596,100
2019-06-28 10:05:10.000000000,100431,247,100102,247,100541,243,100097,243,100875,243,99975,156,101817,100,99957,100,102226,100,99909,200,,,99880,100,,,99753,100,,,99672,100,,,99671,100,,,99596,100
2019-06-28 10:05:20.000000000,100431,187,100102,187,100541,187,100097,187,100875,187,99975,100,101817,187,99957,187,102226,187,99909,287,,,99880,100,,,99753,100,,,99672,100,,,99671,100,,,99596,100
2019-06-28 10:05:30.000000000,100431,187,100102,187,100541,187,100097,187,100875,187,99975,100,101817,187,99957,187,102226,187,99909,287,,,99880,100,,,99753,100,,,99672,100,,,99671,100,,,99596,100
2019-06-28 10:05:34.864174075,100431,187,100102,87,100541,187,100097,187,100875,187,99975,100,101817,187,99957,187,102226,187,99909,287,,,99880,100,,,99753,100,,,99672,100,,,99671,100,,,99596,100
2019-06-28 10:05:40.000000000,100431,533,100097,533,100541,100,99975,13,100875,100,99957,100,101817,100,99909,200,102226,100,99880,100,,,99753,100,,,99672,100,,,99671,100,,,99596,100,,,99574,100
2019-06-28 10:05:50.000000000,100431,187,100097,187,100541,187,99975,100,100875,187,99957,187,101817,187,99909,287,102226,187,99880,187,,,99753,100,,,99672,100,,,99671,100,,,99596,100,,,99574,100
2019-06-28 10:06:00.000000000,100431,208,100097,208,100541,208,99975,121,100875,208,99957,208,101817,208,99909,308,102226,100,99880,100,,,99753,100,,,99672,100,,,99671,100,,,99596,100,,,99574,100
2019-06-28 10:06:03.108253759,100122,100,100097,208,100431,208,99975,121,100541,208,99957,208,100875,208,99909,308,101817,208,99880,100,102226,100,99753,100,,,99672,100,,,99671,100,,,99596,100,,,99574,100
2019-06-28 10:06:10.000000000,100122,187,100097,187,100431,187,99975,100,100541,187,99957,187,100875,187,99909,287,101817,187,99880,187,102226,100,99753,100,,,99672,100,,,99671,100,,,99596,100,,,99574,100
2019-06-28 10:06:20.000000000,100122,316,100097,316,100431,316,99975,229,100541,100,99957,100,100875,100,99909,200,101817,100,99880,100,102226,100,99753,100,,,99672,100,,,99671,100,,,99596,100,,,99574,100
2019-06-28 10:06:30.000000000,100122,316,100097,316,100431,316,99975,229,100541,100,99957,100,100875,100,99909,200,101817,100,99880,100,102226,100,99753,100,,,99672,100,,,99671,100,,,99596,100,,,99574,100
2019-06-28 10:06:40.000000000,100122,187,100097,187,100431,187,99975,100,100541,187,99957,187,100875,187,99909,287,101817,187,99880,187,102226,100,99753,100,,,99672,100,,,99671,100,,,99596,100,,,99574,100
2019-06-28 10:06:40.656043129,100122,187,100097,87,100431,187,99975,100,100541,187,99957,187,100875,187,99909,287,101817,187,99880,187,102226,100,99753,100,,,99672,100,,,99671,100,,,99596,100,,,99574,100
2019-06-28 10:06:47.139335009,100097,13,99975,100,100122,187,99957,187,100431,187,99909,287,100541,187,99880,187,100875,187,99753,100,101817,187,99672,100,102226,100,99671,100,,,99596,100,,,99574,100,,,99570,100
2019-06-28 10:06:50.000000000,100097,121,99975,121,100122,208,99957,208,100431,208,99909,308,100541,208,99880,208,100875,100,99753,100,101817,100,99672,100,102226,100,99671,100,,,99596,100,,,99574,100,,,99570,100
2019-06-28 10:06:54.154540855,100097,121,99975,121,100122,208,99957,208,100431,208,99909,208,100541,208,99880,208,100875,100,99753,100,101817,100,99672,100,102226,100,99671,100,,,99596,100,,,99574,100,,,99570,100
2019-06-28 10:07:00.000000000,100097,229,99975,229,100122,316,99957,316,100431,100,99909,100,100541,100,99880,100,100875,100,99753,100,101817,100,99672,100,102226,100,99671,100,,,99596,100,,,99574,100,,,99570,100
2019-06-28 10:07:10.000000000,100097,160,99975,160,100122,243,99957,243,100431,243,99909,243,100541,100,99880,100,100875,100,99753,100,101817,100,99672,100,102226,100,99671,100,,,99596,100,,,99574,100,,,99570,100
2019-06-28 10:07:14.226046846,100097,160,99975,60,100122,243,99957,243,100431,243,99909,243,100541,100,99880,100,100875,100,99753,100,101817,100,99672,100,,,99671,100,,,99596,100,,,99574,100,,,99570,100
2019-06-28 10:07:20.000000000,100097,100,99957,187,100122,187,99909,187,100431,187,99880,187,100541,187,99753,187,100875,187,99672,187,101817,100,99671,100,,,99596,100,,,99574,100,,,99570,100,,,99475,100
2019-06-28 10:07:30.000000000,100097,229,99957,316,100122,316,99909,316,100431,100,99880,100,100541,100,99753,100,100875,100,99672,100,101817,100,99671,100,,,99596,100,,,99574,100,,,99570,100,,,99475,100
2019-06-28 10:07:40.000000000,100097,160,99957,247,100122,243,99909,243,100431,243,99880,243,100541,100,99753,100,100875,100,99672,100,101817,100,99671,100,,,99596,100,,,99574,100,,,99570,100,,,99475,100
2019-06-28 10:07:50.000000000,100097,100,99957,187,100122,187,99909,187,100431,187,99880,187,100541,187,99753,187,100875,187,99672,187,101817,100,99671,100,,,99596,100,,,99574,100,,,99570,100,,,99475,100
2019-06-28 10:07:51.527516029,100096,100,99957,187,100097,100,99909,187,100122,187,99880,187,100431,187,99753,187,100541,187,99672,187,100875,187,99671,100,101817,100,99596,100,,,99574,100,,,99570,100,,,99475,100
2019-06-28 10:08:00.000000000,100096,187,99957,187,100097,100,99909,187,100122,187,99880,187,100431,187,99753,187,100541,187,99672,187,100875,100,99671,100,101817,100,99596,100,,,99574,100,,,99570,100,,,99475,100
2019-06-28 10:08:10.000000000,100096,247,99957,247,100097,156,99909,243,100122,243,99880,243,100431,100,99753,100,100541,100,99672,100,100875,100,99671,100,101817,100,99596,100,,,99574,100,,,99570,100,,,99475,100
2019-06-28 10:08:20.000000000,100096,316,99957,316,100097,229,99909,316,100122,100,99880,100,100431,100,99753,100,100541,100,99672,100,100875,100,99671,100,101817,100,99596,100,,,99574,100,,,99570,100,,,99475,100
2019-06-28 10:08:23.381816999,100096,316,99957,316,100097,229,99909,316,100122,100,99880,100,100431,100,99753,100,100541,100,99672,100,100875,100,99671,100,101817,100,99574,100,,,99570,100,,,99475,100,,,99446,100
2019-06-28 10:08:30.000000000,100096,247,99957,247,100097,156,99909,243,100122,243,99880,243,100431,100,99753,100,100541,100,99672,100,100875,100,99671,100,101817,100,99574,100,,,99570,100,,,99475,100,,,99446,100
2019-06-28 10:08:35.481916032,100096,347,99957,247,100097,156,99909,243,100122,243,99880,243,100431,100,99753,100,100541,100,99672,100,100875,100,99671,100,101817,100,99574,100,,,99570,100,,,99475,100,,,99446,100
2019-06-28 10:08:40.000000000,100096,308,99957,208,100097,121,99909,208,100122,208,99880,208,100431,208,99753,208,100541,100,99672,100,100875,100,99671,100,101817,100,99574,100,,,99570,100,,,99475,100,,,99446,100
2019-06-28 10:08:43.719333213,100096,308,99957,208,100097,121,99909,208,100122,208,99880,208,100431,208,99753,208,100541,100,99671,100,100875,100,99574,100,101817,100,99570,100,,,99475,100,,,99446,100,,,99444,100
2019-06-28 10:08:46.176501660,100096,308,99957,108,100097,121,99909,208,100122,208,99880,208,100431,208,99753,208,100541,100,99671,100,100875,100,99574,100,101817,100,99570,100,,,99475,100,,,99446,100,,,99444,100
2019-06-28 10:08:50.000000000,100096,633,99909,533,100097,13,99880,100,100122,100,99753,100,100431,100,99671,100,100541,100,99574,100,100875,100,99570,100,101817,100,99475,100,,,99446,100,,,99444,100,,,99422,100
2019-06-28 10:08:59.642353499,100096,633,99909,433,100097,13,99880,100,100122,100,99753,100,100431,100,99671,100,100541,100,99574,100,100875,100,99570,100,101817,100,99475,100,,,99446,100,,,99444,100,,,99422,100
2019-06-28 10:09:00.000000000,100096,416,99880,316,100097,229,99753,316,100122,100,99671,100,100431,100,99574,100,100541,100,99570,100,100875,100,99475,100,101817,100,99446,100,,,99444,100,,,99422,100,,,99161,100
2019-06-28 10:09:10.000000000,100096,416,99880,316,100097,229,99753,316,100122,100,99671,100,100431,100,99574,100,100541,100,99570,100,100875,100,99475,100,101817,100,99446,100,,,99444,100,,,99422,100,,,99161,100
2019-06-28 10:09:17.608010008,100096,416,99880,316,100097,229,99753,316,100122,100,99671,100,100431,100,99574,100,100541,100,99570,100,100875,100,99475,100,101817,100,99446,100,,,99444,100,,,99422,100,,,99361,100
2019-06-28 10:09:20.000000000,100096,347,99880,247,100097,156,99753,243,100122,243,99671,243,100431,100,99574,100,100541,100,99570,100,100875,100,99475,100,101817,100,99446,100,,,99444,100,,,99422,100,,,99361,100
2019-06-28 10:09:30.000000000,100096,416,99880,316,100097,229,99753,316,100122,100,99671,100,100431,100,99574,100,100541,100,99570,100,100875,100,99475,100,101817,100,99446,100,,,99444,100,,,99422,100,,,99361,100
2019-06-28 10:09:40.000000000,100096,347,99880,247,100097,156,99753,243,100122,243,99671,243,100431,100,99574,100,100541,100,99570,100,100875,100,99475,100,101817,100,99446,100,,,99444,100,,,99422,100,,,99361,100
2019-06-28 10:09:50.000000000,100096,633,99880,533,100097,13,99753,100,100122,100,99671,100,100431,100,99574,100,100541,100,99570,100,100875,100,99475,100,101817,100,99446,100,,,99444,100,,,99422,100,,,99361,100
2019-06-28 10:09:51.265861572,100096,633,99880,533,100097,13,99753,100,100122,100,99671,100,100431,100,99657,100,100541,100,99574,100,100875,100,99570,100,101817,100,99475,100,,,99446,100,,,99444,100,,,99422,100
