,ask_price_1,ask_size_1,bid_price_1,bid_size_1,ask_price_2,ask_size_2,bid_price_2,bid_size_2,ask_price_3,ask_size_3,bid_price_3,bid_size_3,ask_price_4,ask_size_4,bid_price_4,bid_size_4,ask_price_5,ask_size_5,bid_price_5,bid_size_5,ask_price_6,ask_size_6,bid_price_6,bid_size_6,ask_price_7,ask_size_7,bid_price_7,bid_size_7,ask_price_8,ask_size_8,bid_price_8,bid_size_8,ask_price_9,ask_size_9,bid_price_9,bid_size_9,ask_price_10,ask_size_10,bid_price_10,bid_size_10
2019-06-28 09:30:00.000000000,99991,100,,,,,,,,,,,,,,,,,,,,,,,,,,,,,,,,,,,,,,
2019-06-28 09:30:00.000000002,99959,100,99884,100,99991,100,,,100056,100,,,,,,,,,,,,,,,,,,,,,,,,,,,,,,
2019-06-28 09:30:00.000000004,99959,100,99884,100,99991,100,,,100056,100,,,100157,100,,,,,,,,,,,,,,,,,,,,,,,,,,
2019-06-28 09:30:00.000000005,99959,100,99941,100,99991,100,99884,100,100056,100,,,100157,100,,,,,,,,,,,,,,,,,,,,,,,,,,
2019-06-28 09:30:00.000000008,99959,100,99941,100,99991,100,99936,100,100023,100,99884,100,100056,100,,,100157,100,,,,,,,,,,,,,,,,,,,,,,
2019-06-28 09:30:00.000000010,99959,100,99941,100,99991,100,99936,100,100016,100,99884,100,100023,100,,,100056,100,,,100069,100,,,100157,100,,,,,,,,,,,,,,
2019-06-28 09:30:00.000000011,99959,100,99936,100,99991,100,99884,100,100016,100,,,100023,100,,,100056,100,,,100069,100,,,100157,100,,,,,,,,,,,,,,
2019-06-28 09:30:00.000000012,99955,100,99936,100,99959,100,99884,100,99991,100,,,100016,100,,,100023,100,,,100056,100,,,100069,100,,,100157,100,,,,,,,,,,
2019-06-28 09:30:00.000000014,99953,100,99936,100,99955,100,99884,100,99959,100,,,99991,100,,,100016,100,,,100023,100,,,100056,100,,,100069,100,,,100157,100,,,,,,
2019-06-28 09:30:00.000000020,99955,100,99936,100,99959,100,99884,100,99991,100,,,100016,100,,,100023,100,,,100056,100,,,100069,100,,,100157,100,,,,,,,,,,
2019-06-28 09:30:00.000000027,99955,100,99936,100,99959,100,99884,100,99991,100,,,100016,100,,,100023,100,,,100056,100,,,100069,100,,,100157,100,,,100204,100,,,,,,
2019-06-28 09:30:00.000000031,99955,100,99941,100,99959,100,99936,100,99991,100,99884,100,100016,100,,,100023,100,,,100056,100,,,100069,100,,,100157,100,,,100204,100,,,,,,
2019-06-28 09:30:00.000000032,99959,100,99941,100,99991,100,99936,100,100016,100,99884,100,100023,100,,,100056,100,,,100069,100,,,100157,100,,,100204,100,,,,,,,,,,
2019-06-28 09:30:00.000000033,99959,100,99953,100,99991,100,99941,100,100016,100,99936,100,100023,100,99884,100,100056,100,,,100069,100,,,100157,100,,,100204,100,,,,,,,,,,
2019-06-28 09:30:00.000000034,99959,100,99953,100,99991,100,99941,100,100016,100,99936,100,100023,100,99884,100,100056,100,,,100069,100,,,100138,100,,,100157,100,,,100204,100,,,,,,
2019-06-28 09:30:00.000000044,99959,100,99953,100,99991,100,99941,100,100016,100,99936,100,100023,100,99907,100,100056,100,99884,100,100058,100,,,100069,100,,,100138,100,,,100157,100,,,100204,100,,
2019-06-28 09:30:00.000000047,99959,100,99953,200,99991,100,99941,100,100016,100,99936,100,100023,100,99907,100,100056,100,99884,100,100058,100,,,100069,100,,,100138,100,,,100157,100,,,100204,100,,
2019-06-28 09:30:00.000000052,99959,100,99953,200,99968,100,99941,100,99991,100,99936,100,100016,100,99907,100,100023,100,99884,100,100056,100,,,100058,100,,,100069,100,,,100138,100,,,100157,100,,
2019-06-28 09:30:00.000000053,99955,100,99953,200,99959,100,99941,100,99968,100,99936,100,99991,100,99907,100,100016,100,99884,100,100023,100,,,100056,100,,,100058,100,,,100069,100,,,100107,100,,
2019-06-28 09:30:00.000000054,99955,100,99953,200,99959,100,99941,100,99968,100,99936,100,99991,100,99907,100,100016,100,99884,100,100023,100,99753,100,100056,100,,,100058,100,,,100069,100,,,100107,100,,
2019-06-28 09:30:00.000000056,99955,100,99953,200,99959,100,99941,100,99968,100,99936,100,99978,100,99907,100,99991,100,99884,100,100016,100,99753,100,100023,100,,,100056,100,,,100058,100,,,100069,100,,
2019-06-28 09:30:00.000000057,99955,100,99953,200,99959,100,99941,100,99968,100,99936,100,99978,100,99907,100,99991,100,99884,100,100016,100,99847,100,100023,100,99753,100,100056,100,,,100058,100,,,100069,100,,
2019-06-28 09:30:00.000000060,99959,100,99953,200,99968,100,99941,100,99978,100,99936,100,99991,100,99907,100,100016,100,99884,100,100023,100,99847,100,100056,100,99753,100,100058,100,,,100069,100,,,100107,100,,
2019-06-28 09:30:00.000000061,99959,100,99953,200,99968,100,99941,100,99978,100,99936,100,99991,100,99907,100,100016,100,99884,100,100023,100,99847,100,100056,100,99843,100,100058,100,99753,100,100069,100,,,100098,100,,
2019-06-28 09:30:00.000000062,99959,100,99953,200,99968,100,99941,100,99978,100,99936,100,99991,100,99907,100,100016,100,99884,100,100023,100,99847,100,100035,100,99843,100,100056,100,99753,100,100058,100,,,100069,100,,
2019-06-28 09:30:00.000000063,99968,100,99953,200,99978,100,99941,100,99991,100,99936,100,100016,100,99907,100,100023,100,99884,100,100035,100,99847,100,100056,100,99843,100,100058,100,99753,100,100069,100,,,100098,100,,
2019-06-28 09:30:00.000000065,99968,100,99953,200,99978,100,99941,100,99991,100,99936,100,100016,100,99907,100,100023,100,99890,100,100035,100,99884,100,100056,100,99847,100,100058,100,99843,100,100067,100,99753,100,100069,100,,
2019-06-28 09:30:00.000000066,99968,100,99953,200,99978,100,99941,100,99991,100,99936,100,100016,100,99907,100,100023,100,99890,100,100035,100,99884,100,100044,100,99847,100,100056,100,99843,100,100058,100,99753,100,100067,100,,
2019-06-28 09:30:00.000000072,99968,100,99953,200,99978,100,99941,100,99991,100,99936,100,100016,100,99907,100,100023,100,99890,100,100035,100,99884,100,100044,100,99847,100,100056,100,99843,100,100058,100,99753,100,100067,100,,
2019-06-28 09:30:00.000000073,99968,100,99953,200,99978,100,99941,100,99991,100,99936,100,100016,100,99907,100,100023,100,99890,100,100035,100,99884,100,100044,100,99847,100,100056,100,99843,100,100058,100,99753,100,100067,100,,
2019-06-28 09:30:00.000000074,99978,100,99953,200,99991,100,99941,100,100016,100,99936,100,100023,100,99907,100,100035,200,99890,100,100044,100,99884,100,100056,100,99847,100,100058,100,99843,100,100067,100,99753,100,100069,100,,
2019-06-28 09:30:00.000000076,99978,100,99953,200,99991,100,99941,100,100007,100,99936,100,100016,100,99907,100,100023,100,99890,100,100035,200,99884,100,100044,100,99847,100,100056,100,99843,100,100058,100,99753,100,100067,100,,
2019-06-28 09:30:00.000000078,99978,100,99960,100,99991,100,99953,200,100007,100,99941,100,100016,100,99936,100,100023,100,99907,100,100035,200,99890,100,100044,100,99884,100,100056,100,99847,100,100058,100,99843,100,100067,100,99753,100
2019-06-28 09:30:00.000000081,99978,100,99960,100,99991,100,99959,100,100007,100,99953,200,100016,100,99941,100,100023,100,99936,100,100035,200,99907,100,100044,100,99890,100,100056,100,99884,100,100058,100,99847,100,100067,100,99843,100
2019-06-28 09:30:00.000000082,99976,100,99960,100,99978,100,99959,100,99991,100,99953,200,100007,100,99941,100,100016,100,99936,100,100023,100,99907,100,100035,200,99890,100,100044,100,99884,100,100056,100,99847,100,100058,100,99843,100
2019-06-28 09:30:00.000000086,99976,100,99960,100,99978,100,99959,100,99991,100,99953,200,100007,100,99941,100,100016,100,99936,100,100023,100,99907,100,100035,200,99890,100,100044,100,99884,100,100056,100,99847,100,100058,100,99843,100
2019-06-28 09:30:00.000000089,99976,100,99960,100,99978,100,99959,100,99991,100,99953,200,100007,100,99941,100,100016,100,99936,100,100019,100,99907,100,100023,100,99890,100,100035,200,99884,100,100044,100,99847,100,100056,100,99843,100
2019-06-28 09:30:00.000000090,99976,100,99960,100,99978,200,99959,100,99991,100,99953,200,100007,100,99941,100,100016,100,99936,100,100019,100,99907,100,100023,100,99890,100,100035,200,99884,100,100044,100,99847,100,100056,100,99843,100
2019-06-28 09:30:00.000000091,99976,100,99960,100,99978,200,99959,200,99991,100,99953,200,100007,100,99941,100,100016,100,99936,100,100019,100,99907,100,100023,100,99890,100,100035,200,99884,100,100044,100,99847,100,100056,100,99843,100
2019-06-28 09:30:00.000000094,99976,100,99960,100,99978,200,99959,200,99991,100,99953,200,99996,100,99941,100,100007,100,99936,100,100016,100,99907,100,100019,100,99890,100,100023,100,99884,100,100035,200,99847,100,100044,100,99843,100
2019-06-28 09:30:00.000000095,99978,200,99960,100,99991,100,99959,200,99996,100,99953,200,100007,100,99941,100,100016,100,99936,100,100019,100,99907,100,100023,100,99890,100,100035,200,99884,100,100044,100,99847,100,100056,100,99843,100
2019-06-28 09:30:00.000000096,99978,200,99960,100,99991,100,99959,200,99996,100,99953,200,100004,100,99941,100,100007,100,99936,100,100016,100,99907,100,100019,100,99890,100,100023,100,99884,100,100035,200,99847,100,100044,100,99843,100
2019-06-28 09:30:00.000000098,99978,200,99960,100,99991,100,99959,200,99996,100,99953,200,100004,100,99941,100,100007,100,99936,100,100016,100,99907,100,100019,100,99890,100,100023,100,99884,100,100035,200,99847,100,100044,100,99843,100
2019-06-28 09:30:00.000000099,99978,200,99960,100,99991,100,99959,200,99996,100,99953,200,100004,100,99941,100,100007,100,99936,100,100016,100,99907,100,100019,100,99900,100,100023,100,99890,100,100035,200,99884,100,100044,100,99847,100
2019-06-28 09:30:10.000000000,99978,253,99960,153,99991,153,99959,253,99996,153,99953,253,100004,153,99941,153,100007,153,99936,153,100016,100,99907,100,100019,100,99900,100,100023,100,99890,100,100035,200,99884,100,100044,100,99847,100
2019-06-28 09:30:10.690030689,99978,253,99960,53,99991,153,99959,253,99996,153,99953,253,100004,153,99941,153,100007,153,99936,153,100016,100,99907,100,100019,100,99900,100,100023,100,99890,100,100035,200,99884,100,100044,100,99847,100
2019-06-28 09:30:15.888635356,99960,47,99959,253,99978,253,99953,253,99991,153,99941,153,99996,153,99936,153,100004,53,99907,100,100007,153,99900,100,100016,100,99890,100,100019,100,99884,100,100023,100,99847,100,100035,200,99843,100
2019-06-28 09:30:17.991915082,99960,147,99959,253,99978,253,99953,253,99991,153,99941,153,99996,153,99936,153,100004,53,99907,100,100007,153,99900,100,100016,100,99890,100,100019,100,99884,100,100023,100,99847,100,100035,200,99843,100
2019-06-28 09:30:20.000000000,99960,200,99959,253,99978,253,99953,253,99991,153,99941,153,99996,153,99936,153,100007,153,99907,153,100016,100,99900,100,100019,100,99890,100,100023,100,99884,100,100035,200,99847,100,100044,100,99843,100
2019-06-28 09:30:26.811830953,99960,200,99959,153,99978,253,99953,253,99991,153,99941,153,99996,153,99936,153,100007,153,99907,153,100016,100,99900,100,100019,100,99890,100,100023,100,99884,100,100035,200,99847,100,100044,100,99843,100
2019-06-28 09:30:30.000000000,99960,237,99959,190,99978,287,99953,287,99991,187,99941,187,99996,100,99936,100,100007,100,99907,100,100016,100,99900,100,100019,100,99890,100,100023,100,99884,100,100035,200,99847,100,100044,100,99843,100
2019-06-28 09:30:34.999776497,99960,237,99959,90,99978,287,99953,287,99991,187,99941,187,99996,100,99936,100,100007,100,99907,100,100016,100,99900,100,100019,100,99890,100,100023,100,99884,100,100035,200,99847,100,100044,100,99843,100
2019-06-28 09:30:40.000000000,99960,411,99953,464,99978,200,99941,100,99991,100,99936,100,99996,100,99907,100,100007,100,99900,100,100016,100,99890,100,100019,100,99884,100,100023,100,99847,100,100035,200,99843,100,100044,100,99830,100
2019-06-28 09:30:50.000000000,99960,279,99953,332,99978,332,99941,232,99991,100,99936,100,99996,100,99907,100,100007,100,99900,100,100016,100,99890,100,100019,100,99884,100,100023,100,99847,100,100035,200,99843,100,100044,100,99830,100
2019-06-28 09:31:00.000000000,99960,279,99953,332,99978,332,99941,232,99991,100,99936,100,99996,100,99907,100,100007,100,99900,100,100016,100,99890,100,100019,100,99884,100,100023,100,99847,100,100035,200,99843,100,100044,100,99830,100
2019-06-28 09:31:10.000000000,99960,237,99953,290,99978,287,99941,187,99991,187,99936,187,99996,100,99907,100,100007,100,99900,100,100016,100,99890,100,100019,100,99884,100,100023,100,99847,100,100035,200,99843,100,100044,100,99830,100
2019-06-28 09:31:20.000000000,99960,411,99953,464,99978,200,99941,100,99991,100,99936,100,99996,100,99907,100,100007,100,99900,100,100016,100,99890,100,100019,100,99884,100,100023,100,99847,100,100035,200,99843,100,100044,100,99830,100
2019-06-28 09:31:30.000000000,99960,279,99953,332,99978,332,99941,232,99991,100,99936,100,99996,100,99907,100,100007,100,99900,100,100016,100,99890,100,100019,100,99884,100,100023,100,99847,100,100035,200,99843,100,100044,100,99830,100
2019-06-28 09:31:36.066276656,99960,279,99953,232,99978,332,99941,232,99991,100,99936,100,99996,100,99907,100,100007,100,99900,100,100019,100,99890,100,100023,100,99884,100,100035,200,99847,100,100044,100,99843,100,100056,100,99830,100
2019-06-28 09:31:40.000000000,99960,200,99953,153,99978,253,99941,153,99991,153,99936,153,99996,153,99907,153,100007,153,99900,153,100019,100,99890,100,100023,100,99884,100,100035,200,99847,100,100044,100,99843,100,100056,100,99830,100
2019-06-28 09:31:50.000000000,99960,213,99953,166,99978,266,99941,166,99991,166,99936,166,99996,166,99907,166,100007,100,99900,100,100019,100,99890,100,100023,100,99884,100,100035,200,99847,100,100044,100,99843,100,100056,100,99830,100
2019-06-28 09:32:00.000000000,99960,279,99953,232,99978,332,99941,232,99991,100,99936,100,99996,100,99907,100,100007,100,99900,100,100019,100,99890,100,100023,100,99884,100,100035,200,99847,100,100044,100,99843,100,100056,100,99830,100
2019-06-28 09:32:10.000000000,99960,200,99953,153,99978,253,99941,153,99991,153,99936,153,99996,153,99907,153,100007,153,99900,153,100019,100,99890,100,100023,100,99884,100,100035,200,99847,100,100044,100,99843,100,100056,100,99830,100
2019-06-28 09:32:11.351724321,99960,200,99953,153,99978,253,99941,153,99991,153,99936,153,99996,153,99907,153,100007,153,99900,153,100019,100,99890,100,100023,100,99884,100,100031,100,99847,100,100035,200,99843,100,100044,100,99830,100
2019-06-28 09:32:20.000000000,99960,411,99953,364,99978,200,99941,100,99991,100,99936,100,99996,100,99907,100,100007,100,99900,100,100019,100,99890,100,100023,100,99884,100,100031,100,99847,100,100035,200,99843,100,100044,100,99830,100
2019-06-28 09:32:27.051201890,99960,311,99953,364,99978,200,99941,100,99991,100,99936,100,99996,100,99907,100,100007,100,99900,100,100019,100,99890,100,100023,100,99884,100,100031,100,99847,100,100035,200,99843,100,100044,100,99830,100
2019-06-28 09:32:30.000000000,99960,100,99953,153,99978,253,99941,153,99991,153,99936,153,99996,153,99907,153,100007,153,99900,153,100019,100,99890,100,100023,100,99884,100,100031,100,99847,100,100035,200,99843,100,100044,100,99830,100
2019-06-28 09:32:31.530480795,99960,100,99953,153,99978,253,99941,153,99991,153,99936,153,99996,153,99907,153,100007,153,99900,153,100017,100,99890,100,100019,100,99884,100,100023,100,99843,100,100031,100,99830,100,100035,200,99753,100
2019-06-28 09:32:33.909596705,99960,100,99954,100,99978,253,99953,153,99991,153,99941,153,99996,153,99936,153,100007,153,99907,153,100017,100,99900,153,100019,100,99890,100,100023,100,99884,100,100031,100,99843,100,100035,200,99830,100
2019-06-28 09:32:39.628139882,99960,100,99954,100,99978,253,99953,153,99991,153,99941,153,99996,153,99936,153,100007,153,99907,153,100017,100,99900,153,100019,100,99890,100,100023,100,99884,100,100031,100,99843,100,100035,200,99830,100
2019-06-28 09:32:40.000000000,99960,311,99954,364,99978,200,99953,100,99991,100,99941,100,99996,100,99936,100,100007,100,99907,100,100017,100,99900,100,100019,100,99890,100,100023,100,99884,100,100031,100,99843,100,100035,200,99830,100
2019-06-28 09:32:50.000000000,99960,179,99954,232,99978,332,99953,232,99991,100,99941,100,99996,100,99936,100,100007,100,99907,100,100017,100,99900,100,100019,100,99890,100,100023,100,99884,100,100031,100,99843,100,100035,200,99830,100
2019-06-28 09:33:00.000000000,99960,179,99954,232,99978,332,99953,232,99991,100,99941,100,99996,100,99936,100,100007,100,99907,100,100017,100,99900,100,100019,100,99890,100,100023,100,99884,100,100031,100,99843,100,100035,200,99830,100
2019-06-28 09:33:10.000000000,99960,100,99954,153,99978,253,99953,153,99991,153,99941,153,99996,153,99936,153,100007,153,99907,153,100017,100,99900,100,100019,100,99890,100,100023,100,99884,100,100031,100,99843,100,100035,200,99830,100
2019-06-28 09:33:20.000000000,99960,137,99954,190,99978,287,99953,187,99991,187,99941,187,99996,100,99936,100,100007,100,99907,100,100017,100,99900,100,100019,100,99890,100,100023,100,99884,100,100031,100,99843,100,100035,200,99830,100
2019-06-28 09:33:21.792015272,99960,137,99954,290,99978,287,99953,187,99991,187,99941,187,99996,100,99936,100,100007,100,99907,100,100017,100,99900,100,100019,100,99890,100,100023,100,99884,100,100031,100,99843,100,100035,200,99830,100
2019-06-28 09:33:30.000000000,99960,179,99954,332,99978,332,99953,232,99991,100,99941,100,99996,100,99936,100,100007,100,99907,100,100017,100,99900,100,100019,100,99890,100,100023,100,99884,100,100031,100,99843,100,100035,200,99830,100
2019-06-28 09:33:40.000000000,99960,137,99954,290,99978,287,99953,187,99991,187,99941,187,99996,100,99936,100,100007,100,99907,100,100017,100,99900,100,100019,100,99890,100,100023,100,99884,100,100031,100,99843,100,100035,200,99830,100
2019-06-28 09:33:50.000000000,99960,100,99954,253,99978,253,99953,153,99991,153,99941,153,99996,153,99936,153,100007,153,99907,153,100017,100,99900,100,100019,100,99890,100,100023,100,99884,100,100031,100,99843,100,100035,200,99830,100
2019-06-28 09:33:57.053018371,99978,253,99954,253,99991,153,99953,153,99996,153,99941,153,100007,153,99936,153,100017,100,99907,153,100019,100,99900,100,100023,100,99890,100,100031,100,99884,100,100035,200,99843,100,100044,100,99830,100
2019-06-28 09:34:00.000000000,99978,464,99954,464,99991,100,99953,100,99996,100,99941,100,100007,100,99936,100,100017,100,99907,100,100019,100,99900,100,100023,100,99890,100,100031,100,99884,100,100035,200,99843,100,100044,100,99830,100
2019-06-28 09:34:10.000000000,99978,332,99954,332,99991,232,99953,232,99996,100,99941,100,100007,100,99936,100,100017,100,99907,100,100019,100,99900,100,100023,100,99890,100,100031,100,99884,100,100035,200,99843,100,100044,100,99830,100
2019-06-28 09:34:15.300211765,99978,332,99960,100,99991,232,99954,332,99996,100,99953,232,100007,100,99941,100,100017,100,99936,100,100019,100,99907,100,100023,100,99900,100,100031,100,99890,100,100035,200,99884,100,100044,100,99843,100
2019-06-28 09:34:20.000000000,99978,332,99960,232,99991,232,99954,332,99996,100,99953,100,100007,100,99941,100,100017,100,99936,100,100019,100,99907,100,100023,100,99900,100,100031,100,99890,100,100035,200,99884,100,100044,100,99843,100
2019-06-28 09:34:30.000000000,99978,290,99960,190,99991,187,99954,287,99996,187,99953,187,100007,100,99941,100,100017,100,99936,100,100019,100,99907,100,100023,100,99900,100,100031,100,99890,100,100035,200,99884,100,100044,100,99843,100
2019-06-28 09:34:32.285470619,99978,190,99960,190,99991,187,99954,287,99996,187,99953,187,100007,100,99941,100,100017,100,99936,100,100019,100,99907,100,100023,100,99890,100,100031,100,99884,100,100035,200,99843,100,100044,100,99830,100
2019-06-28 09:34:40.000000000,99978,153,99960,153,99991,153,99954,253,99996,153,99953,153,100007,153,99941,153,100017,153,99936,153,100019,100,99907,100,100023,100,99890,100,100031,100,99884,100,100035,200,99843,100,100044,100,99830,100
2019-06-28 09:34:50.000000000,99978,166,99960,166,99991,166,99954,266,99996,166,99953,166,100007,166,99941,166,100017,100,99936,100,100019,100,99907,100,100023,100,99890,100,100031,100,99884,100,100035,200,99843,100,100044,100,99830,100
2019-06-28 09:35:00.000000000,99978,166,99960,166,99991,166,99954,266,99996,166,99953,166,100007,166,99941,166,100017,100,99936,100,100019,100,99907,100,100023,100,99890,100,100031,100,99884,100,100035,200,99843,100,100044,100,99830,100
2019-06-28 09:35:07.543420529,99978,66,99960,166,99991,166,99954,266,99996,166,99953,166,100007,166,99941,166,100017,100,99936,100,100019,100,99907,100,100023,100,99890,100,100035,200,99884,100,100044,100,99843,100,100058,100,99830,100
2019-06-28 09:35:10.000000000,99991,190,99960,190,99996,187,99954,287,100007,187,99953,187,100017,100,99941,100,100019,100,99936,100,100023,100,99907,100,100035,200,99890,100,100044,100,99884,100,100058,100,99843,100,100066,100,99830,100
2019-06-28 09:35:20.000000000,99991,166,99960,166,99996,166,99954,266,100007,166,99953,166,100017,166,99941,166,100019,100,99936,100,100023,100,99907,100,100035,200,99890,100,100044,100,99884,100,100058,100,99843,100,100066,100,99830,100
2019-06-28 09:35:22.305930095,99991,66,99960,166,99996,166,99954,266,100007,166,99953,166,100017,166,99941,166,100019,100,99936,100,100023,100,99907,100,100035,200,99890,100,100044,100,99884,100,100058,100,99843,100,100066,100,99830,100
2019-06-28 09:35:30.000000000,99996,153,99960,153,100007,153,99954,253,100017,153,99953,153,100019,153,99941,153,100023,153,99936,153,100035,200,99907,100,100044,100,99890,100,100058,100,99884,100,100066,100,99843,100,100067,100,99830,100
2019-06-28 09:35:40.000000000,99996,232,99960,232,100007,232,99954,332,100017,100,99953,100,100019,100,99941,100,100023,100,99936,100,100035,200,99907,100,100044,100,99890,100,100058,100,99884,100,100066,100,99843,100,100067,100,99830,100
2019-06-28 09:35:41.715910055,99996,232,99978,100,100007,232,99960,232,100017,100,99954,332,100019,100,99953,100,100023,100,99941,100,100035,200,99936,100,100044,100,99907,100,100058,100,99890,100,100066,100,99884,100,100067,100,99843,100
2019-06-28 09:35:50.000000000,99996,190,99978,190,100007,187,99960,187,100017,187,99954,287,100019,100,99953,100,100023,100,99941,100,100035,200,99936,100,100044,100,99907,100,100058,100,99890,100,100066,100,99884,100,100067,100,99843,100
2019-06-28 09:36:00.000000000,99996,153,99978,153,100007,153,99960,153,100017,153,99954,253,100019,153,99953,153,100023,153,99941,153,100035,200,99936,100,100044,100,99907,100,100058,100,99890,100,100066,100,99884,100,100067,100,99843,100
2019-06-28 09:36:01.267515940,99996,153,99978,153,100007,153,99960,153,100017,153,99954,253,100019,153,99953,153,100023,153,99941,53,100035,200,99936,100,100044,100,99907,100,100058,100,99890,100,100066,100,99884,100,100067,100,99843,100
2019-06-28 09:36:02.112760041,99996,153,99978,53,100007,153,99960,53,100017,153,99954,253,100019,153,99953,153,100023,153,99941,53,100035,200,99936,100,100044,100,99907,100,100058,100,99890,100,100066,100,99884,100,100067,100,99843,100
2019-06-28 09:36:10.000000000,99996,166,99954,266,100007,166,99953,166,100017,166,99936,166,100019,166,99907,166,100023,100,99890,100,100035,200,99884,100,100044,100,99843,100,100058,100,99830,100,100066,100,99753,100,100067,100,,
2019-06-28 09:36:17.779888930,99996,166,99954,166,100007,166,99953,166,100017,166,99936,166,100019,166,99907,166,100023,100,99890,100,100035,200,99884,100,100044,100,99843,100,100058,100,99830,100,100066,100,99753,100,100067,100,,
2019-06-28 09:36:20.000000000,99996,190,99954,190,100007,187,99953,187,100017,187,99936,187,100019,100,99907,100,100023,100,99890,100,100035,200,99884,100,100044,100,99843,100,100058,100,99830,100,100066,100,99753,100,100067,100,,
2019-06-28 09:36:30.000000000,99996,232,99954,232,100007,232,99953,232,100017,100,99936,100,100019,100,99907,100,100023,100,99890,100,100035,200,99884,100,100044,100,99843,100,100058,100,99830,100,100066,100,99753,100,100067,100,,
2019-06-28 09:36:40.000000000,99996,190,99954,190,100007,187,99953,187,100017,187,99936,187,100019,100,99907,100,100023,100,99890,100,100035,200,99884,100,100044,100,99843,100,100058,100,99830,100,100066,100,99753,100,100067,100,,
2019-06-28 09:36:45.713344172,99996,190,99954,190,100007,187,99953,187,100017,187,99936,187,100019,100,99907,100,100023,100,99890,100,100035,200,99884,100,100044,100,99843,100,100058,100,99830,100,100066,100,99753,100,100067,100,99729,100
2019-06-28 09:36:49.471610017,99996,190,99954,90,100007,187,99953,187,100017,187,99936,187,100019,100,99907,100,100023,100,99890,100,100035,200,99884,100,100044,100,99843,100,100058,100,99830,100,100066,100,99753,100,100069,100,99729,100
2019-06-28 09:36:50.000000000,99996,153,99953,153,100007,153,99936,153,100017,153,99907,153,100019,153,99890,153,100023,153,99884,153,100035,200,99843,100,100044,100,99830,100,100058,100,99753,100,100066,100,99729,100,100069,100,,
2019-06-28 09:37:00.000000000,99996,166,99953,166,100007,166,99936,166,100017,166,99907,166,100019,166,99890,166,100023,100,99884,100,100035,200,99843,100,100044,100,99830,100,100058,100,99753,100,100066,100,99729,100,100069,100,,
2019-06-28 09:37:03.670590586,99996,166,99953,66,100007,166,99936,166,100017,166,99907,166,100019,166,99890,166,100023,100,99884,100,100035,200,99843,100,100044,100,99830,100,100058,100,99753,100,100066,100,99729,100,100069,100,,
2019-06-28 09:37:10.000000000,99996,153,99936,153,100007,153,99907,153,100017,153,99890,153,100019,153,99884,153,100023,153,99843,153,100035,200,99830,100,100044,100,99753,100,100058,100,99729,100,100066,100,,,100069,100,,
2019-06-28 09:37:20.000000000,99996,153,99936,153,100007,153,99907,153,100017,153,99890,153,100019,153,99884,153,100023,153,99843,153,100035,200,99830,100,100044,100,99753,100,100058,100,99729,100,100066,100,,,100069,100,,
2019-06-28 09:37:30.000000000,99996,232,99936,232,100007,232,99907,232,100017,100,99890,100,100019,100,99884,100,100023,100,99843,100,100035,200,99830,100,100044,100,99753,100,100058,100,99729,100,100066,100,,,100069,100,,
2019-06-28 09:37:40.000000000,99996,166,99936,166,100007,166,99907,166,100017,166,99890,166,100019,166,99884,166,100023,100,99843,100,100035,200,99830,100,100044,100,99753,100,100058,100,99729,100,100066,100,,,100069,100,,
2019-06-28 09:37:50.000000000,99996,190,99936,190,100007,187,99907,187,100017,187,99890,187,100019,100,99884,100,100023,100,99843,100,100035,200,99830,100,100044,100,99753,100,100058,100,99729,100,100066,100,,,100069,100,,
2019-06-28 09:38:00.000000000,99996,166,99936,166,100007,166,99907,166,100017,166,99890,166,100019,166,99884,166,100023,100,99843,100,100035,200,99830,100,100044,100,99753,100,100058,100,99729,100,100066,100,,,100069,100,,
2019-06-28 09:38:10.000000000,99996,232,99936,232,100007,232,99907,232,100017,100,99890,100,100019,100,99884,100,100023,100,99843,100,100035,200,99830,100,100044,100,99753,100,100058,100,99729,100,100066,100,,,100069,100,,
2019-06-28 09:38:20.000000000,99996,190,99936,190,100007,187,99907,187,100017,187,99890,187,100019,100,99884,100,100023,100,99843,100,100035,200,99830,100,100044,100,99753,100,100058,100,99729,100,100066,100,,,100069,100,,
2019-06-28 09:38:30.000000000,99996,190,99936,190,100007,187,99907,187,100017,187,99890,187,100019,100,99884,100,100023,100,99843,100,100035,200,99830,100,100044,100,99753,100,100058,100,99729,100,100066,100,,,100069,100,,
2019-06-28 09:38:33.473136858,99996,90,99936,190,100007,187,99907,187,100017,187,99890,187,100019,100,99884,100,100023,100,99830,100,100035,200,99753,100,100044,100,99729,100,100058,100,,,100066,100,,,100069,100,,
2019-06-28 09:38:40.000000000,100007,166,99936,166,100017,166,99907,166,100019,166,99890,166,100023,166,99884,166,100035,200,99830,100,100044,100,99753,100,100058,100,99729,100,100066,100,,,100069,100,,,100073,200,,
2019-06-28 09:38:45.636147295,100007,166,99936,166,100017,166,99907,166,100019,166,99890,166,100023,166,99884,166,100035,200,99830,100,100044,100,99753,100,100058,100,99729,100,100066,100,,,100069,100,,,100073,200,,
2019-06-28 09:38:50.000000000,100007,153,99936,153,100017,153,99907,153,100019,153,99890,153,100023,153,99884,153,100035,253,99830,153,100044,100,99753,100,100058,100,99729,100,100066,100,,,100069,100,,,100073,200,,
2019-06-28 09:39:00.000000000,100007,232,99936,232,100017,232,99907,232,100019,100,99890,100,100023,100,99884,100,100035,200,99830,100,100044,100,99753,100,100058,100,99729,100,100066,100,,,100069,100,,,100073,200,,
2019-06-28 09:39:10.000000000,100007,153,99936,153,100017,153,99907,153,100019,153,99890,153,100023,153,99884,153,100035,253,99830,153,100044,100,99753,100,100058,100,99729,100,100066,100,,,100069,100,,,100073,200,,
2019-06-28 09:39:19.347206249,100007,153,99936,153,100017,153,99907,153,100019,153,99890,153,100023,153,99884,153,100035,253,99830,153,100044,100,99753,100,100058,100,99729,100,100066,100,,,100069,100,,,100073,200,,
2019-06-28 09:39:19.446680969,100007,53,99936,153,100017,153,99907,153,100019,153,99890,153,100023,153,99884,153,100035,253,99830,153,100044,100,99753,100,100058,100,99729,100,100069,100,,,100073,200,,,100077,100,,
2019-06-28 09:39:20.000000000,100017,190,99936,190,100019,187,99907,187,100023,187,99890,187,100035,200,99884,100,100044,100,99830,100,100058,100,99753,100,100069,100,99729,100,100073,200,,,100077,100,,,100089,100,,
2019-06-28 09:39:30.000000000,100017,190,99936,190,100019,187,99907,187,100023,187,99890,187,100035,200,99884,100,100044,100,99830,100,100058,100,99753,100,100069,100,99729,100,100073,200,,,100077,100,,,100089,100,,
2019-06-28 09:39:32.539107028,100017,90,99936,190,100019,187,99907,187,100023,187,99890,187,100035,200,99884,100,100044,100,99830,100,100058,100,99753,100,100069,100,99729,100,100073,200,,,100077,100,,,100089,100,,
2019-06-28 09:39:40.000000000,100019,153,99936,153,100023,153,99907,153,100035,253,99890,153,100044,153,99884,153,100058,153,99830,153,100069,100,99753,100,100073,200,99729,100,100077,100,,,100089,100,,,100098,100,,
2019-06-28 09:39:50.000000000,100019,190,99936,190,100023,187,99907,187,100035,287,99890,187,100044,100,99884,100,100058,100,99830,100,100069,100,99753,100,100073,200,99729,100,100077,100,,,100089,100,,,100098,100,,
2019-06-28 09:40:00.000000000,100019,166,99936,166,100023,166,99907,166,100035,266,99890,166,100044,166,99884,166,100058,100,99830,100,100069,100,99753,100,100073,200,99729,100,100077,100,,,100089,100,,,100098,100,,
2019-06-28 09:40:10.000000000,100019,166,99936,166,100023,166,99907,166,100035,266,99890,166,100044,166,99884,166,100058,100,99830,100,100069,100,99753,100,100073,200,99729,100,100077,100,,,100089,100,,,100098,100,,
2019-06-28 09:40:11.564592143,100019,166,99936,66,100023,166,99907,166,100035,266,99890,166,100044,166,99884,166,100058,100,99830,100,100069,100,99753,100,100073,100,99729,100,100077,100,,,100089,100,,,100098,100,,
2019-06-28 09:40:16.444010021,99936,34,99907,166,100019,166,99890,166,100023,166,99884,166,100035,266,99830,100,100044,166,99753,100,100058,100,99729,100,100069,100,,,100073,100,,,100077,100,,,100089,100,,
2019-06-28 09:40:20.000000000,99936,100,99907,166,100019,166,99890,166,100023,166,99884,166,100035,266,99830,166,100044,100,99753,100,100058,100,99729,100,100069,100,,,100073,100,,,100077,100,,,100089,100,,
2019-06-28 09:40:30.000000000,99936,124,99907,190,100019,187,99890,187,100023,187,99884,187,100035,200,99830,100,100044,100,99753,100,100058,100,99729,100,100069,100,,,100073,100,,,100077,100,,,100089,100,,
2019-06-28 09:40:40.000000000,99936,166,99907,232,100019,232,99890,232,100023,100,99884,100,100035,200,99830,100,100044,100,99753,100,100058,100,99729,100,100069,100,,,100073,100,,,100077,100,,,100089,100,,
2019-06-28 09:40:50.000000000,99936,166,99907,232,100019,232,99890,232,100023,100,99884,100,100035,200,99830,100,100044,100,99753,100,100058,100,99729,100,100069,100,,,100073,100,,,100077,100,,,100089,100,,
2019-06-28 09:41:00.000000000,99936,166,99907,232,100019,232,99890,232,100023,100,99884,100,100035,200,99830,100,100044,100,99753,100,100058,100,99729,100,100069,100,,,100073,100,,,100077,100,,,100089,100,,
2019-06-28 09:41:01.212889081,99936,166,99907,132,100019,232,99890,232,100023,100,99884,100,100035,200,99830,100,100044,100,99753,100,100058,100,99729,100,100069,100,,,100073,100,,,100077,100,,,100089,100,,
2019-06-28 09:41:05.115211883,99936,166,99907,132,100019,232,99890,232,100023,100,99884,100,100035,200,99830,100,100044,100,99753,100,100058,100,99729,100,100069,100,99431,100,100073,100,,,100077,100,,,100089,100,,
2019-06-28 09:41:10.000000000,99936,298,99890,364,100019,100,99884,100,100023,100,99830,100,100035,200,99753,100,100044,100,99729,100,100058,100,99431,100,100069,100,,,100073,100,,,100077,100,,,100089,100,,
2019-06-28 09:41:20.000000000,99936,100,99890,166,100019,166,99884,166,100023,166,99830,166,100035,266,99753,166,100044,100,99729,100,100058,100,99431,100,100069,100,,,100073,100,,,100077,100,,,100089,100,,
2019-06-28 09:41:30.000000000,99936,298,99890,364,100019,100,99884,100,100023,100,99830,100,100035,200,99753,100,100044,100,99729,100,100058,100,99431,100,100069,100,,,100073,100,,,100077,100,,,100089,100,,
2019-06-28 09:41:40.000000000,99936,298,99890,364,100019,100,99884,100,100023,100,99830,100,100035,200,99753,100,100044,100,99729,100,100058,100,99431,100,100069,100,,,100073,100,,,100077,100,,,100089,100,,
2019-06-28 09:41:50.000000000,99936,87,99890,153,100019,153,99884,153,100023,153,99830,153,100035,253,99753,153,100044,153,99729,153,100058,100,99431,100,100069,100,,,100073,100,,,100077,100,,,100089,100,,
2019-06-28 09:41:53.653142914,99936,87,99890,153,100019,153,99884,153,100023,153,99870,100,100035,253,99830,153,100044,153,99753,153,100058,100,99729,153,100073,100,99431,100,100077,100,,,100089,100,,,100098,100,,
2019-06-28 09:42:00.000000000,99936,100,99890,166,100019,166,99884,166,100023,166,99870,166,100035,266,99830,166,100044,100,99753,100,100058,100,99729,100,100073,100,99431,100,100077,100,,,100089,100,,,100098,100,,
2019-06-28 09:42:00.854082765,99936,100,99890,166,100019,166,99884,166,100023,166,99870,166,100035,266,99830,166,100044,100,99826,100,100058,100,99753,100,100073,100,99431,100,100077,100,,,100089,100,,,100098,100,,
2019-06-28 09:42:10.000000000,99936,298,99890,364,100019,100,99884,100,100023,100,99870,100,100035,200,99830,100,100044,100,99826,100,100058,100,99753,100,100073,100,99431,100,100077,100,,,100089,100,,,100098,100,,
2019-06-28 09:42:16.321391709,99936,298,99890,364,100019,100,99884,100,100023,100,99870,100,100035,200,99830,100,100044,100,99826,100,100058,100,99753,100,100073,100,99718,100,100077,100,99431,100,100089,100,,,100098,100,,
2019-06-28 09:42:20.000000000,99936,87,99890,153,100019,153,99884,153,100023,153,99870,153,100035,253,99830,153,100044,153,99826,153,100058,100,99753,100,100073,100,99718,100,100077,100,99431,100,100089,100,,,100098,100,,
2019-06-28 09:42:30.000000000,99936,87,99890,153,100019,153,99884,153,100023,153,99870,153,100035,253,99830,153,100044,153,99826,153,100058,100,99753,100,100073,100,99718,100,100077,100,99431,100,100089,100,,,100098,100,,
2019-06-28 09:42:40.000000000,99936,87,99890,153,100019,153,99884,153,100023,153,99870,153,100035,253,99830,153,100044,153,99826,153,100058,100,99753,100,100073,100,99718,100,100077,100,99431,100,100089,100,,,100098,100,,
2019-06-28 09:42:49.166517252,100019,153,99936,13,100023,153,99890,153,100035,253,99884,153,100044,153,99870,153,100058,100,99830,153,100073,100,99826,153,100077,100,99753,100,100089,100,99718,100,100098,100,99431,100,100123,100,,
2019-06-28 09:42:50.000000000,100019,190,99936,103,100023,187,99890,187,100035,287,99884,187,100044,100,99870,100,100058,100,99830,100,100073,100,99826,100,100077,100,99753,100,100089,100,99718,100,100098,100,99431,100,100123,100,,
2019-06-28 09:42:53.718015617,100019,190,99936,103,100023,187,99890,187,100035,287,99884,187,100058,100,99870,100,100073,100,99830,100,100077,100,99826,100,100089,100,99753,100,100098,100,99718,100,100123,100,99669,100,100135,100,99431,100
2019-06-28 09:43:00.000000000,100019,153,99936,66,100023,153,99890,153,100035,253,99884,153,100058,153,99870,153,100073,153,99830,153,100077,100,99826,100,100089,100,99753,100,100098,100,99718,100,100123,100,99669,100,100135,100,99431,100
2019-06-28 09:43:02.736687812,99935,34,99890,153,100019,153,99884,153,100023,153,99870,153,100035,253,99830,153,100058,153,99826,100,100073,153,99753,100,100077,100,99718,100,100089,100,99669,100,100098,100,99431,100,100123,100,,
2019-06-28 09:43:02.954593923,99935,34,99890,153,100019,153,99884,153,100023,153,99870,153,100035,253,99830,153,100058,153,99826,100,100073,153,99718,100,100077,100,99669,100,100089,100,99492,100,100098,100,99431,100,100123,100,,
2019-06-28 09:43:10.000000000,99935,100,99890,166,100019,166,99884,166,100023,166,99870,166,100035,266,99830,166,100058,100,99826,100,100073,100,99718,100,100077,100,99669,100,100089,100,99492,100,100098,100,99431,100,100123,100,,
2019-06-28 09:43:20.000000000,99935,298,99890,364,100019,100,99884,100,100023,100,99870,100,100035,200,99830,100,100058,100,99826,100,100073,100,99718,100,100077,100,99669,100,100089,100,99492,100,100098,100,99431,100,100123,100,,
2019-06-28 09:43:30.000000000,99935,298,99890,364,100019,100,99884,100,100023,100,99870,100,100035,200,99830,100,100058,100,99826,100,100073,100,99718,100,100077,100,99669,100,100089,100,99492,100,100098,100,99431,100,100123,100,,
2019-06-28 09:43:40.000000000,99935,124,99890,190,100019,187,99884,187,100023,187,99870,187,100035,200,99830,100,100058,100,99826,100,100073,100,99718,100,100077,100,99669,100,100089,100,99492,100,100098,100,99431,100,100123,100,,
2019-06-28 09:43:40.721934957,99931,100,99890,190,99935,124,99884,187,100019,187,99870,187,100023,187,99830,100,100035,200,99826,100,100058,100,99718,100,100073,100,99669,100,100077,100,99492,100,100089,100,99431,100,100098,100,,
2019-06-28 09:43:41.068134370,99931,100,99890,190,99935,124,99884,187,99997,100,99870,187,100019,187,99830,100,100023,187,99826,100,100035,200,99718,100,100058,100,99669,100,100073,100,99492,100,100077,100,99431,100,100089,100,,
2019-06-28 09:43:50.000000000,99931,364,99890,364,99935,34,99884,100,99997,100,99870,100,100019,100,99830,100,100023,100,99826,100,100035,200,99718,100,100058,100,99669,100,100073,100,99492,100,100077,100,99431,100,100089,100,,
2019-06-28 09:44:00.000000000,99931,232,99890,232,99935,166,99884,232,99997,100,99870,100,100019,100,99830,100,100023,100,99826,100,100035,200,99718,100,100058,100,99669,100,100073,100,99492,100,100077,100,99431,100,100089,100,,
2019-06-28 09:44:09.451400614,99931,132,99890,232,99935,166,99884,232,100019,100,99870,100,100023,100,99830,100,100035,200,99826,100,100058,100,99718,100,100073,100,99669,100,100077,100,99492,100,100089,100,99431,100,100098,100,,
2019-06-28 09:44:10.000000000,99935,298,99890,364,100019,100,99884,100,100023,100,99870,100,100035,200,99830,100,100058,100,99826,100,100073,100,99718,100,100077,100,99669,100,100089,100,99492,100,100098,100,99431,100,100123,100,,
2019-06-28 09:44:20.000000000,99935,298,99890,364,100019,100,99884,100,100023,100,99870,100,100035,200,99830,100,100058,100,99826,100,100073,100,99718,100,100077,100,99669,100,100089,100,99492,100,100098,100,99431,100,100123,100,,
2019-06-28 09:44:30.000000000,99935,298,99890,364,100019,100,99884,100,100023,100,99870,100,100035,200,99830,100,100058,100,99826,100,100073,100,99718,100,100077,100,99669,100,100089,100,99492,100,100098,100,99431,100,100123,100,,
2019-06-28 09:44:39.307195624,99935,198,99890,364,100019,100,99884,100,100023,100,99870,100,100035,200,99830,100,100058,100,99826,100,100073,100,99718,100,100077,100,99669,100,100089,100,99492,100,100098,100,99431,100,100123,100,,
2019-06-28 09:44:40.000000000,100019,364,99890,364,100023,100,99884,100,100035,200,99870,100,100058,100,99830,100,100073,100,99826,100,100077,100,99718,100,100089,100,99669,100,100098,100,99492,100,100123,100,99431,100,100135,100,,
2019-06-28 09:44:40.229685949,100019,364,99931,100,100023,100,99890,364,100035,200,99884,100,100058,100,99870,100,100073,100,99830,100,100077,100,99826,100,100089,100,99718,100,100098,100,99669,100,100123,100,99492,100,100135,100,99431,100
2019-06-28 09:44:50.000000000,100019,364,99931,364,100023,100,99890,100,100035,200,99884,100,100058,100,99870,100,100073,100,99830,100,100077,100,99826,100,100089,100,99718,100,100098,100,99669,100,100123,100,99492,100,100135,100,99431,100
2019-06-28 09:45:00.000000000,100019,232,99931,232,100023,232,99890,232,100035,200,99884,100,100058,100,99870,100,100073,100,99830,100,100077,100,99826,100,100089,100,99718,100,100098,100,99669,100,100123,100,99492,100,100135,100,99431,100
2019-06-28 09:45:10.000000000,100019,364,99931,364,100023,100,99890,100,100035,200,99884,100,100058,100,99870,100,100073,100,99830,100,100077,100,99826,100,100089,100,99718,100,100098,100,99669,100,100123,100,99492,100,100135,100,99431,100
2019-06-28 09:45:20.000000000,100019,153,99931,153,100023,153,99890,153,100035,253,99884,153,100058,153,99870,153,100073,153,99830,153,100077,100,99826,100,100089,100,99718,100,100098,100,99669,100,100123,100,99492,100,100135,100,99431,100
2019-06-28 09:45:23.880794575,100019,153,99931,253,100023,153,99890,153,100035,253,99884,153,100058,153,99870,153,100073,153,99830,153,100077,100,99826,100,100089,100,99718,100,100098,100,99669,100,100123,100,99492,100,100135,100,99431,100
2019-06-28 09:45:30.000000000,100019,153,99931,253,100023,153,99890,153,100035,253,99884,153,100058,153,99870,153,100073,153,99830,153,100077,100,99826,100,100089,100,99718,100,100098,100,99669,100,100123,100,99492,100,100135,100,99431,100
2019-06-28 09:45:40.000000000,100019,232,99931,332,100023,232,99890,232,100035,200,99884,100,100058,100,99870,100,100073,100,99830,100,100077,100,99826,100,100089,100,99718,100,100098,100,99669,100,100123,100,99492,100,100135,100,99431,100
2019-06-28 09:45:46.159689356,99945,100,99931,332,100019,232,99890,232,100023,232,99884,100,100035,200,99870,100,100058,100,99830,100,100073,100,99826,100,100077,100,99669,100,100089,100,99492,100,100098,100,99431,100,100123,100,,
2019-06-28 09:45:50.000000000,99945,153,99931,253,100019,153,99890,153,100023,153,99884,153,100035,253,99870,153,100058,153,99830,153,100073,100,99826,100,100077,100,99669,100,100089,100,99492,100,100098,100,99431,100,100123,100,,
2019-06-28 09:45:50.560810017,99943,100,99931,253,99945,153,99890,153,100019,153,99884,153,100023,153,99870,153,100035,253,99830,53,100058,153,99826,100,100073,100,99669,100,100077,100,99492,100,100089,100,99431,100,100098,100,,
2019-06-28 09:46:00.000000000,99943,153,99931,253,99945,153,99890,153,100019,153,99884,153,100023,153,99870,153,100035,253,99826,153,100058,100,99669,100,100073,100,99492,100,100077,100,99431,100,100089,100,,,100098,100,,
2019-06-28 09:46:10.000000000,99943,232,99931,332,99945,232,99890,232,100019,100,99884,100,100023,100,99870,100,100035,200,99826,100,100058,100,99669,100,100073,100,99492,100,100077,100,99431,100,100089,100,,,100098,100,,
2019-06-28 09:46:20.000000000,99943,166,99931,266,99945,166,99890,166,100019,166,99884,166,100023,166,99870,166,100035,200,99826,100,100058,100,99669,100,100073,100,99492,100,100077,100,99431,100,100089,100,,,100098,100,,
2019-06-28 09:46:30.000000000,99943,232,99931,332,99945,232,99890,232,100019,100,99884,100,100023,100,99870,100,100035,200,99826,100,100058,100,99669,100,100073,100,99492,100,100077,100,99431,100,100089,100,,,100098,100,,
2019-06-28 09:46:40.000000000,99943,166,99931,266,99945,166,99890,166,100019,166,99884,166,100023,166,99870,166,100035,200,99826,100,100058,100,99669,100,100073,100,99492,100,100077,100,99431,100,100089,100,,,100098,100,,
2019-06-28 09:46:50.000000000,99943,153,99931,253,99945,153,99890,153,100019,153,99884,153,100023,153,99870,153,100035,253,99826,153,100058,100,99669,100,100073,100,99492,100,100077,100,99431,100,100089,100,,,100098,100,,
2019-06-28 09:46:56.353803571,99943,153,99931,253,99945,153,99890,153,100019,153,99884,153,100023,153,99870,153,100035,153,99826,153,100058,100,99669,100,100073,100,99492,100,100077,100,99431,100,100089,100,,,100098,100,,
2019-06-28 09:47:00.000000000,99943,232,99931,332,99945,232,99890,232,100019,100,99884,100,100023,100,99870,100,100035,100,99826,100,100058,100,99669,100,100073,100,99492,100,100077,100,99431,100,100089,100,,,100098,100,,
2019-06-28 09:47:06.411707531,99943,32,99931,332,99945,232,99890,232,100019,100,99884,100,100023,100,99870,100,100035,100,99826,100,100058,100,99669,100,100073,100,99492,100,100077,100,99431,100,100089,100,,,100098,100,,
2019-06-28 09:47:08.591396121,99943,32,99935,100,99945,232,99931,332,100019,100,99890,232,100023,100,99884,100,100035,100,99870,100,100058,100,99826,100,100073,100,99669,100,100077,100,99492,100,100089,100,99431,100,100098,100,,
2019-06-28 09:47:10.000000000,99945,364,99935,364,100019,100,99931,200,100023,100,99890,100,100035,100,99884,100,100058,100,99870,100,100073,100,99826,100,100077,100,99669,100,100089,100,99492,100,100098,100,99431,100,100123,100,,
2019-06-28 09:47:13.316077727,99945,364,99935,364,100019,100,99931,200,100023,100,99890,100,100035,100,99884,100,100058,100,99870,100,100077,100,99826,100,100089,100,99669,100,100098,100,99492,100,100123,100,99431,100,100135,100,,
2019-06-28 09:47:20.000000000,99945,166,99935,166,100019,166,99931,266,100023,166,99890,166,100035,166,99884,166,100058,100,99870,100,100077,100,99826,100,100089,100,99669,100,100098,100,99492,100,100123,100,99431,100,100135,100,,
2019-06-28 09:47:22.316973609,99945,166,99935,266,100019,166,99931,266,100023,166,99890,166,100035,166,99884,166,100058,100,99870,100,100077,100,99826,100,100089,100,99669,100,100098,100,99492,100,100123,100,99431,100,100135,100,,
2019-06-28 09:47:30.000000000,99945,190,99935,290,100019,187,99931,287,100023,187,99890,187,100035,100,99884,100,100058,100,99870,100,100077,100,99826,100,100089,100,99669,100,100098,100,99492,100,100123,100,99431,100,100135,100,,
2019-06-28 09:47:40.000000000,99945,190,99935,290,100019,187,99931,287,100023,187,99890,187,100035,100,99884,100,100058,100,99870,100,100077,100,99826,100,100089,100,99669,100,100098,100,99492,100,100123,100,99431,100,100135,100,,
2019-06-28 09:47:50.000000000,99945,153,99935,253,100019,153,99931,253,100023,153,99890,153,100035,153,99884,153,100058,153,99870,153,100077,100,99826,100,100089,100,99669,100,100098,100,99492,100,100123,100,99431,100,100135,100,,
2019-06-28 09:48:00.000000000,99945,232,99935,332,100019,232,99931,332,100023,100,99890,100,100035,100,99884,100,100058,100,99870,100,100077,100,99826,100,100089,100,99669,100,100098,100,99492,100,100123,100,99431,100,100135,100,,
2019-06-28 09:48:06.468168730,99945,232,99935,332,100019,232,99931,332,100023,100,99890,100,100035,100,99884,100,100058,100,99870,100,100077,100,99826,100,100089,100,99669,100,100098,100,99492,100,100123,100,99431,100,100135,100,,
2019-06-28 09:48:10.000000000,99945,232,99935,332,100019,232,99931,332,100023,100,99890,100,100035,100,99884,100,100058,100,99870,100,100077,100,99826,100,100089,100,99669,100,100098,100,99492,100,100123,100,99431,100,100135,100,,
2019-06-28 09:48:18.299469210,99945,132,99935,332,100019,232,99931,332,100023,100,99890,100,100035,100,99884,100,100058,100,99870,100,100077,100,99826,100,100089,100,99669,100,100098,100,99492,100,100123,100,99431,100,100135,100,,
2019-06-28 09:48:20.000000000,100019,190,99935,290,100023,187,99931,287,100035,187,99890,187,100058,100,99884,100,100077,100,99870,100,100089,100,99826,100,100098,100,99669,100,100123,100,99492,100,100135,100,99431,100,100157,100,,
2019-06-28 09:48:28.691027335,100019,190,99943,100,100023,187,99935,290,100035,187,99931,287,100058,100,99890,187,100077,100,99884,100,100089,100,99870,100,100098,100,99826,100,100123,100,99669,100,100135,100,99492,100,100157,100,99431,100
2019-06-28 09:48:30.000000000,100019,232,99943,232,100023,232,99935,332,100035,100,99931,200,100058,100,99890,100,100077,100,99884,100,100089,100,99870,100,100098,100,99826,100,100123,100,99669,100,100135,100,99492,100,100157,100,99431,100
2019-06-28 09:48:40.000000000,100019,232,99943,232,100023,232,99935,332,100035,100,99931,200,100058,100,99890,100,100077,100,99884,100,100089,100,99870,100,100098,100,99826,100,100123,100,99669,100,100135,100,99492,100,100157,100,99431,100
2019-06-28 09:48:50.000000000,100019,232,99943,232,100023,232,99935,332,100035,100,99931,200,100058,100,99890,100,100077,100,99884,100,100089,100,99870,100,100098,100,99826,100,100123,100,99669,100,100135,100,99492,100,100157,100,99431,100
2019-06-28 09:48:52.146984863,100019,232,99943,232,100023,232,99935,332,100035,100,99931,200,100058,100,99890,100,100077,100,99884,100,100089,100,99870,100,100098,100,99826,100,100123,100,99669,100,100135,100,99492,100,100184,100,99431,100
2019-06-28 09:49:00.000000000,100019,190,99943,190,100023,187,99935,287,100035,187,99931,287,100058,100,99890,100,100077,100,99884,100,100089,100,99870,100,100098,100,99826,100,100123,100,99669,100,100135,100,99492,100,100184,100,99431,100
2019-06-28 09:49:06.200656526,100019,90,99943,190,100023,187,99935,287,100035,187,99931,287,100058,100,99890,100,100077,100,99884,100,100089,100,99870,100,100098,100,99826,100,100123,100,99669,100,100135,100,99492,100,100184,100,99431,100
2019-06-28 09:49:09.116670531,100019,90,99945,100,100023,187,99943,190,100035,187,99935,287,100058,100,99931,287,100077,100,99890,100,100089,100,99884,100,100098,100,99870,100,100123,100,99826,100,100135,100,99669,100,100184,100,99492,100
2019-06-28 09:49:10.000000000,100023,166,99945,166,100035,166,99943,166,100058,166,99935,266,100077,166,99931,266,100089,100,99890,100,100098,100,99884,100,100123,100,99870,100,100135,100,99826,100,100184,100,99669,100,100246,100,99492,100
2019-06-28 09:49:13.260808837,100023,166,99945,266,100035,166,99943,166,100058,166,99935,266,100077,166,99931,266,100089,100,99890,100,100098,100,99884,100,100123,100,99870,100,100135,100,99826,100,100184,100,99669,100,100246,100,99492,100
2019-06-28 09:49:20.000000000,100023,190,99945,290,100035,187,99943,187,100058,187,99935,287,100077,100,99931,200,100089,100,99890,100,100098,100,99884,100,100123,100,99870,100,100135,100,99826,100,100184,100,99669,100,100246,100,99492,100
2019-06-28 09:49:30.000000000,100023,232,99945,332,100035,232,99943,232,100058,100,99935,200,100077,100,99931,200,100089,100,99890,100,100098,100,99884,100,100123,100,99870,100,100135,100,99826,100,100184,100,99669,100,100246,100,99492,100
2019-06-28 09:49:34.429397684,100023,232,99945,332,100035,232,99943,232,100058,100,99935,200,100077,100,99931,200,100089,100,99890,100,100098,100,99884,100,100123,100,99870,100,100135,100,99826,100,100184,100,99669,100,100246,100,99492,100
2019-06-28 09:49:35.314824832,100023,232,99945,332,100035,232,99943,232,100058,100,99935,200,100077,100,99931,100,100089,100,99890,100,100098,100,99884,100,100123,100,99870,100,100135,100,99826,100,100184,100,99669,100,100246,100,99492,100
2019-06-28 09:49:40.000000000,100023,153,99945,253,100035,153,99943,153,100058,153,99935,253,100077,153,99931,153,100089,153,99890,153,100098,100,99884,100,100123,100,99870,100,100135,100,99826,100,100184,100,99669,100,100246,100,99492,100
2019-06-28 09:49:42.817170403,100023,153,99945,253,100035,153,99943,153,100058,153,99935,253,100077,153,99931,153,100089,153,99890,153,100098,100,99884,100,100123,100,99870,100,100135,100,99826,100,100184,100,99669,100,100246,100,99492,100
2019-06-28 09:49:50.000000000,100023,166,99945,266,100035,166,99943,166,100058,166,99935,266,100077,166,99931,166,100089,100,99890,100,100098,100,99884,100,100123,100,99870,100,100135,100,99826,100,100184,100,99669,100,100246,100,99492,100
2019-06-28 09:49:56.323230402,100023,166,99945,266,100035,166,99943,166,100058,166,99935,266,100077,166,99931,166,100089,100,99890,100,100098,100,99884,100,100123,100,99870,100,100135,100,99826,100,100184,100,99669,100,100246,100,99492,100
2019-06-28 09:50:00.000000000,100023,190,99945,290,100035,187,99943,187,100058,187,99935,287,100077,100,99931,100,100089,100,99890,100,100098,100,99884,100,100123,100,99870,100,100135,100,99826,100,100184,100,99669,100,100246,100,99492,100
2019-06-28 09:50:10.000000000,100023,190,99945,290,100035,187,99943,187,100058,187,99935,287,100077,100,99931,100,100089,100,99890,100,100098,100,99884,100,100123,100,99870,100,100135,100,99826,100,100184,100,99669,100,100246,100,99492,100
2019-06-28 09:50:20.000000000,100023,153,99945,253,100035,153,99943,153,100058,153,99935,253,100077,153,99931,153,100089,153,99890,153,100098,100,99884,100,100123,100,99870,100,100135,100,99826,100,100184,100,99669,100,100246,100,99492,100
2019-06-28 09:50:30.000000000,100023,232,99945,332,100035,232,99943,232,100058,100,99935,200,100077,100,99931,100,100089,100,99890,100,100098,100,99884,100,100123,100,99870,100,100135,100,99826,100,100184,100,99669,100,100246,100,99492,100
2019-06-28 09:50:40.000000000,100023,153,99945,253,100035,153,99943,153,100058,153,99935,253,100077,153,99931,153,100089,153,99890,153,100098,100,99884,100,100123,100,99870,100,100135,100,99826,100,100184,100,99669,100,100246,100,99492,100
2019-06-28 09:50:50.000000000,100023,166,99945,266,100035,166,99943,166,100058,166,99935,266,100077,166,99931,166,100089,100,99890,100,100098,100,99884,100,100123,100,99870,100,100135,100,99826,100,100184,100,99669,100,100246,100,99492,100
2019-06-28 09:51:00.000000000,100023,153,99945,253,100035,153,99943,153,100058,153,99935,253,100077,153,99931,153,100089,153,99890,153,100098,100,99884,100,100123,100,99870,100,100135,100,99826,100,100184,100,99669,100,100246,100,99492,100
2019-06-28 09:51:01.852752532,99961,100,99945,253,100023,153,99943,153,100035,153,99935,253,100058,153,99931,153,100077,153,99890,153,100089,153,99884,100,100098,100,99870,100,100123,100,99826,100,100135,100,99669,100,100184,100,99492,100
2019-06-28 09:51:10.000000000,99961,166,99945,266,100023,166,99943,166,100035,166,99935,266,100058,166,99931,166,100077,100,99890,100,100089,100,99884,100,100098,100,99870,100,100123,100,99826,100,100135,100,99669,100,100184,100,99492,100
2019-06-28 09:51:12.908874542,99961,166,99945,166,100023,166,99943,166,100035,166,99935,266,100058,166,99931,166,100077,100,99890,100,100089,100,99884,100,100098,100,99870,100,100123,100,99826,100,100135,100,99669,100,100184,100,99492,100
2019-06-28 09:51:15.540954022,99961,166,99945,166,100023,166,99943,166,100035,166,99935,266,100058,166,99931,166,100077,100,99890,100,100089,100,99884,100,100098,100,99870,100,100123,100,99826,100,100135,100,99700,100,100184,100,99669,100
2019-06-28 09:51:20.000000000,99961,232,99945,232,100023,232,99943,232,100035,100,99935,200,100058,100,99931,100,100077,100,99890,100,100089,100,99884,100,100098,100,99870,100,100123,100,99826,100,100135,100,99700,100,100184,100,99669,100
2019-06-28 09:51:30.000000000,99961,232,99945,232,100023,232,99943,232,100035,100,99935,200,100058,100,99931,100,100077,100,99890,100,100089,100,99884,100,100098,100,99870,100,100123,100,99826,100,100135,100,99700,100,100184,100,99669,100
2019-06-28 09:51:32.828740474,99960,100,99945,232,99961,232,99943,232,100023,232,99935,200,100035,100,99931,100,100058,100,99890,100,100077,100,99884,100,100089,100,99870,100,100098,100,99826,100,100123,100,99700,100,100135,100,99669,100
2019-06-28 09:51:34.723898407,99960,100,99945,132,99961,232,99943,232,100023,232,99935,200,100035,100,99931,100,100058,100,99890,100,100077,100,99884,100,100089,100,99870,100,100098,100,99826,100,100135,100,99700,100,100184,100,99669,100
2019-06-28 09:51:40.000000000,99960,190,99943,190,99961,187,99935,287,100023,187,99931,187,100035,100,99890,100,100058,100,99884,100,100077,100,99870,100,100089,100,99826,100,100098,100,99700,100,100135,100,99669,100,100184,100,99492,100
2019-06-28 09:51:50.000000000,99960,364,99943,364,99961,100,99935,200,100023,100,99931,100,100035,100,99890,100,100058,100,99884,100,100077,100,99870,100,100089,100,99826,100,100098,100,99700,100,100135,100,99669,100,100184,100,99492,100
2019-06-28 09:51:58.323679567,99960,364,99943,264,99961,100,99935,200,100023,100,99931,100,100035,100,99890,100,100058,100,99884,100,100077,100,99870,100,100089,100,99826,100,100098,100,99700,100,100135,100,99669,100,100184,100,99492,100
2019-06-28 09:52:00.000000000,99960,166,99935,266,99961,166,99931,166,100023,166,99890,166,100035,166,99884,166,100058,100,99870,100,100077,100,99826,100,100089,100,99700,100,100098,100,99669,100,100135,100,99492,100,100184,100,99431,100
2019-06-28 09:52:10.000000000,99960,190,99935,290,99961,187,99931,187,100023,187,99890,187,100035,100,99884,100,100058,100,99870,100,100077,100,99826,100,100089,100,99700,100,100098,100,99669,100,100135,100,99492,100,100184,100,99431,100
2019-06-28 09:52:16.919225047,99960,90,99935,290,99961,187,99931,187,100023,187,99890,187,100035,100,99884,100,100058,100,99826,100,100077,100,99700,100,100089,100,99669,100,100098,100,99492,100,100135,100,99431,100,100184,100,,
2019-06-28 09:52:20.000000000,99961,232,99935,332,100023,232,99931,232,100035,100,99890,100,100058,100,99884,100,100077,100,99826,100,100089,100,99700,100,100098,100,99669,100,100135,100,99492,100,100184,100,99431,100,100246,100,,
2019-06-28 09:52:30.000000000,99961,153,99935,253,100023,153,99931,153,100035,153,99890,153,100058,153,99884,153,100077,153,99826,153,100089,100,99700,100,100098,100,99669,100,100135,100,99492,100,100184,100,99431,100,100246,100,,
2019-06-28 09:52:31.284532588,99961,153,99935,153,100023,153,99931,153,100035,153,99890,153,100058,153,99884,153,100077,153,99826,153,100089,100,99700,100,100098,100,99669,100,100135,100,99492,100,100184,100,99431,100,100490,100,,
2019-06-28 09:52:35.415864620,99961,153,99935,153,100023,153,99931,153,100035,153,99890,153,100058,153,99884,153,100077,153,99826,153,100089,100,99700,100,100094,100,99669,100,100098,100,99492,100,100135,100,99431,100,100184,100,,
2019-06-28 09:52:35.919786704,99961,153,99935,153,100023,153,99931,153,100035,153,99890,153,100058,153,99884,153,100077,153,99826,153,100089,100,99700,100,100094,100,99669,100,100098,100,99492,100,100135,100,99431,100,100184,100,,
2019-06-28 09:52:40.000000000,99961,166,99935,166,100023,166,99931,166,100035,166,99890,166,100058,166,99884,166,100077,100,99826,100,100089,100,99700,100,100094,100,99669,100,100098,100,99492,100,100135,100,99431,100,100184,100,,
2019-06-28 09:52:45.044331906,99961,66,99935,166,100023,166,99931,166,100035,166,99890,166,100058,166,99884,166,100077,100,99826,100,100089,100,99700,100,100094,100,99669,100,100098,100,99492,100,100135,100,99431,100,100184,100,,
2019-06-28 09:52:46.269650800,99961,66,99935,166,99962,100,99931,166,100023,166,99890,166,100035,166,99884,166,100058,166,99826,100,100077,100,99700,100,100089,100,99669,100,100094,100,99492,100,100098,100,99431,100,100135,100,,
2019-06-28 09:52:50.000000000,99962,232,99935,232,100023,232,99931,232,100035,100,99890,100,100058,100,99884,100,100077,100,99826,100,100089,100,99700,100,100094,100,99669,100,100098,100,99492,100,100135,100,99431,100,100184,100,,
2019-06-28 09:53:00.000000000,99962,166,99935,166,100023,166,99931,166,100035,166,99890,166,100058,166,99884,166,100077,100,99826,100,100089,100,99700,100,100094,100,99669,100,100098,100,99492,100,100135,100,99431,100,100184,100,,
2019-06-28 09:53:02.506327309,99962,166,99936,100,100023,166,99935,166,100035,166,99931,166,100058,166,99890,166,100077,100,99884,166,100089,100,99826,100,100094,100,99700,100,100098,100,99669,100,100135,100,99492,100,100184,100,99431,100
2019-06-28 09:53:07.541616759,99962,166,99936,100,100023,166,99935,166,100035,166,99931,166,100058,166,99890,166,100077,100,99884,166,100089,100,99826,100,100094,100,99700,100,100098,100,99492,100,100135,100,99431,100,100184,100,,
2019-06-28 09:53:10.000000000,99962,153,99936,153,100023,153,99935,153,100035,153,99931,153,100058,153,99890,153,100077,153,99884,153,100089,100,99826,100,100094,100,99700,100,100098,100,99492,100,100135,100,99431,100,100184,100,,
2019-06-28 09:53:11.818221895,99962,53,99936,153,100023,153,99935,153,100035,153,99931,153,100058,153,99890,153,100077,153,99884,153,100089,100,99826,100,100094,100,99700,100,100098,100,99492,100,100135,100,99431,100,100184,100,,
2019-06-28 09:53:18.768897779,99962,53,99936,153,100023,153,99935,153,100035,153,99931,153,100058,153,99890,153,100077,153,99884,153,100089,100,99826,100,100094,100,99700,100,100098,100,99492,100,100135,100,99431,100,100173,100,,
2019-06-28 09:53:20.000000000,100023,232,99936,232,100035,232,99935,232,100058,100,99931,100,100077,100,99890,100,100089,100,99884,100,100094,100,99826,100,100098,100,99700,100,100135,100,99492,100,100173,100,99431,100,100184,100,,
2019-06-28 09:53:30.000000000,100023,364,99936,364,100035,100,99935,100,100058,100,99931,100,100077,100,99890,100,100089,100,99884,100,100094,100,99826,100,100098,100,99700,100,100135,100,99492,100,100173,100,99431,100,100184,100,,
2019-06-28 09:53:40.000000000,100023,166,99936,166,100035,166,99935,166,100058,166,99931,166,100077,166,99890,166,100089,100,99884,100,100094,100,99826,100,100098,100,99700,100,100135,100,99492,100,100173,100,99431,100,100184,100,,
2019-06-28 09:53:50.000000000,100023,190,99936,190,100035,187,99935,187,100058,187,99931,187,100077,100,99890,100,100089,100,99884,100,100094,100,99826,100,100098,100,99700,100,100135,100,99492,100,100173,100,99431,100,100184,100,,
2019-06-28 09:54:00.000000000,100023,166,99936,166,100035,166,99935,166,100058,166,99931,166,100077,166,99890,166,100089,100,99884,100,100094,100,99826,100,100098,100,99700,100,100135,100,99492,100,100173,100,99431,100,100184,100,,
2019-06-28 09:54:00.395693362,100023,166,99936,166,100035,166,99935,166,100058,166,99931,166,100077,166,99890,166,100089,100,99884,100,100094,100,99826,100,100098,100,99700,100,100135,100,99492,100,100173,100,99431,100,100184,100,,
2019-06-28 09:54:10.000000000,100023,153,99936,153,100035,153,99935,153,100058,153,99931,153,100077,153,99890,153,100089,153,99884,153,100094,100,99826,100,100098,100,99700,100,100135,100,99492,100,100173,100,99431,100,100184,100,,
2019-06-28 09:54:20.000000000,100023,364,99936,364,100035,100,99935,100,100058,100,99931,100,100077,100,99890,100,100089,100,99884,100,100094,100,99826,100,100098,100,99700,100,100135,100,99492,100,100173,100,99431,100,100184,100,,
2019-06-28 09:54:23.816676350,100023,364,99936,364,100035,100,99935,100,100058,100,99931,100,100077,100,99890,100,100089,100,99884,100,100094,100,99826,100,100098,100,99700,100,100135,100,99492,100,100173,100,99431,100,100184,100,,
2019-06-28 09:54:30.000000000,100023,232,99936,232,100035,232,99935,232,100058,100,99931,100,100077,100,99890,100,100089,100,99884,100,100094,100,99826,100,100098,100,99700,100,100135,100,99492,100,100173,100,99431,100,100184,100,,
2019-06-28 09:54:40.000000000,100023,166,99936,166,100035,166,99935,166,100058,166,99931,166,100077,166,99890,166,100089,100,99884,100,100094,100,99826,100,100098,100,99700,100,100135,100,99492,100,100173,100,99431,100,100184,100,,
2019-06-28 09:54:49.646526905,100023,166,99936,166,100035,166,99935,166,100058,166,99931,166,100077,166,99890,166,100094,100,99884,100,100098,100,99826,100,100135,100,99700,100,100173,100,99492,100,100184,100,99431,100,100201,100,,
2019-06-28 09:54:50.000000000,100023,153,99936,153,100035,153,99935,153,100058,153,99931,153,100077,153,99890,153,100094,153,99884,153,100098,100,99826,100,100135,100,99700,100,100173,100,99492,100,100184,100,99431,100,100201,100,,
2019-06-28 09:54:55.789824680,100023,53,99936,153,100035,53,99935,153,100058,153,99931,153,100077,153,99890,153,100094,153,99884,153,100098,100,99826,100,100135,100,99700,100,100173,100,99492,100,100184,100,99431,100,100201,100,,
2019-06-28 09:54:58.840591848,100035,53,100023,47,100058,153,99936,153,100077,153,99935,153,100094,153,99931,153,100098,100,99890,153,100135,100,99884,153,100173,100,99826,100,100184,100,99700,100,100201,100,99492,100,100239,100,99431,100
2019-06-28 09:55:00.000000000,100058,166,100023,113,100077,166,99936,166,100094,166,99935,166,100098,166,99931,166,100135,100,99890,100,100173,100,99884,100,100184,100,99826,100,100201,100,99700,100,100239,100,99492,100,100490,100,99431,100
2019-06-28 09:55:00.730908800,100058,166,100023,113,100077,166,99936,166,100094,166,99935,166,100098,166,99931,166,100135,100,99890,100,100173,100,99884,100,100184,100,99826,100,100201,100,99700,100,100239,100,99492,100,100490,100,99431,100
2019-06-28 09:55:10.000000000,100058,364,100023,311,100077,100,99936,100,100094,100,99935,100,100098,100,99931,100,100135,100,99890,100,100173,100,99884,100,100184,100,99826,100,100201,100,99700,100,100239,100,99492,100,100490,100,99431,100
2019-06-28 09:55:12.803476710,100058,364,100023,311,100077,100,99936,100,100094,100,99935,100,100098,100,99931,100,100135,100,99890,100,100173,100,99884,100,100184,100,99826,100,100201,100,99700,100,100239,100,99492,100,100490,100,99431,100
2019-06-28 09:55:20.000000000,100058,153,100023,100,100077,153,99936,153,100094,153,99935,153,100098,153,99931,153,100135,153,99890,153,100173,100,99884,100,100184,100,99826,100,100201,100,99700,100,100239,100,99492,100,100490,100,99431,100
2019-06-28 09:55:30.000000000,100058,166,100023,113,100077,166,99936,166,100094,166,99935,166,100098,166,99931,166,100135,100,99890,100,100173,100,99884,100,100184,100,99826,100,100201,100,99700,100,100239,100,99492,100,100490,100,99431,100
2019-06-28 09:55:30.102131208,100058,66,100023,113,100077,166,99936,166,100094,166,99935,166,100098,166,99931,166,100135,100,99890,100,100173,100,99884,100,100184,100,99826,100,100201,100,99700,100,100239,100,99492,100,100490,100,99431,100
2019-06-28 09:55:34.670851119,100077,166,100058,34,100094,166,100023,113,100098,166,99936,166,100135,100,99935,166,100173,100,99931,166,100184,100,99890,100,100201,100,99884,100,100239,100,99826,100,100490,100,99700,100,100578,100,99492,100
2019-06-28 09:55:38.709303197,100077,166,100058,34,100094,166,100023,113,100098,166,99936,166,100135,100,99935,166,100173,100,99931,166,100184,100,99890,100,100201,100,99884,100,100239,100,99826,100,100578,100,99700,100,100623,100,99492,100
2019-06-28 09:55:40.000000000,100077,153,100058,87,100094,153,100023,100,100098,153,99936,153,100135,153,99935,153,100173,153,99931,153,100184,100,99890,100,100201,100,99884,100,100239,100,99826,100,100578,100,99700,100,100623,100,99492,100
2019-06-28 09:55:50.000000000,100077,153,100058,87,100094,153,100023,100,100098,153,99936,153,100135,153,99935,153,100173,153,99931,153,100184,100,99890,100,100201,100,99884,100,100239,100,99826,100,100578,100,99700,100,100623,100,99492,100
2019-06-28 09:55:56.033287626,100077,53,100058,87,100094,153,100023,100,100098,153,99936,153,100135,153,99935,153,100173,153,99931,153,100184,100,99890,100,100201,100,99884,100,100578,100,99826,100,100623,100,99700,100,100626,100,99492,100
2019-06-28 09:56:00.000000000,100094,166,100058,100,100098,166,100023,113,100135,166,99936,166,100173,166,99935,166,100184,100,99931,100,100201,100,99890,100,100578,100,99884,100,100623,100,99826,100,100626,100,99700,100,100734,100,99492,100
2019-06-28 09:56:10.000000000,100094,166,100058,100,100098,166,100023,113,100135,166,99936,166,100173,166,99935,166,100184,100,99931,100,100201,100,99890,100,100578,100,99884,100,100623,100,99826,100,100626,100,99700,100,100734,100,99492,100
2019-06-28 09:56:12.466240591,100094,166,100059,100,100098,166,100058,100,100135,166,100023,113,100173,166,99936,166,100184,100,99935,166,100201,100,99890,100,100578,100,99884,100,100623,100,99826,100,100626,100,99700,100,100734,100,99492,100
2019-06-28 09:56:20.000000000,100094,232,100059,232,100098,232,100058,166,100135,100,100023,47,100173,100,99936,100,100184,100,99935,100,100201,100,99890,100,100578,100,99884,100,100623,100,99826,100,100626,100,99700,100,100734,100,99492,100
2019-06-28 09:56:26.863842077,100094,232,100059,232,100098,232,100058,166,100135,100,100023,47,100173,100,99936,100,100184,100,99935,100,100201,100,99890,100,100269,100,99884,100,100578,100,99826,100,100623,100,99700,100,100626,100,99492,100
2019-06-28 09:56:30.000000000,100094,232,100059,232,100098,232,100058,166,100135,100,100023,47,100173,100,99936,100,100184,100,99935,100,100201,100,99890,100,100269,100,99884,100,100578,100,99826,100,100623,100,99700,100,100626,100,99492,100
2019-06-28 09:56:40.000000000,100094,364,100059,364,100098,100,100058,34,100135,100,100023,47,100173,100,99936,100,100184,100,99935,100,100201,100,99890,100,100269,100,99884,100,100578,100,99826,100,100623,100,99700,100,100626,100,99492,100
2019-06-28 09:56:49.601218012,100094,264,100059,364,100098,100,100058,34,100135,100,100023,47,100173,100,99936,100,100184,100,99935,100,100201,100,99890,100,100269,100,99884,100,100578,100,99826,100,100623,100,99700,100,100626,100,99492,100
2019-06-28 09:56:50.000000000,100098,153,100059,153,100135,153,100058,87,100173,153,100023,100,100184,153,99936,153,100201,153,99935,153,100269,100,99890,100,100578,100,99884,100,100623,100,99826,100,100626,100,99700,100,100734,100,99492,100
2019-06-28 09:56:57.548184547,100098,53,100059,153,100135,153,100058,87,100173,153,100023,100,100184,153,99936,153,100201,153,99935,153,100269,100,99890,100,100578,100,99884,100,100623,100,99826,100,100626,100,99700,100,100734,100,99492,100
2019-06-28 09:57:00.000000000,100135,190,100059,190,100173,187,100058,121,100184,187,100023,134,100201,100,99936,100,100269,100,99935,100,100578,100,99890,100,100623,100,99884,100,100626,100,99826,100,100734,100,99700,100,100889,100,99492,100
2019-06-28 09:57:10.000000000,100135,190,100059,190,100173,187,100058,121,100184,187,100023,134,100201,100,99936,100,100269,100,99935,100,100578,100,99890,100,100623,100,99884,100,100626,100,99826,100,100734,100,99700,100,100889,100,99492,100
2019-06-28 09:57:15.014716528,100135,190,100059,190,100173,187,100058,121,100184,187,100023,134,100201,100,99936,100,100228,100,99935,100,100269,100,99890,100,100578,100,99884,100,100623,100,99826,100,100626,100,99700,100,100734,100,99492,100
2019-06-28 09:57:20.000000000,100135,190,100059,190,100173,187,100058,121,100184,187,100023,134,100201,100,99936,100,100228,100,99935,100,100269,100,99890,100,100578,100,99884,100,100623,100,99826,100,100626,100,99700,100,100734,100,99492,100
2019-06-28 09:57:23.186556932,100135,190,100059,190,100173,187,100058,121,100184,187,100023,134,100187,100,99936,100,100201,100,99935,100,100228,100,99890,100,100269,100,99884,100,100578,100,99826,100,100623,100,99700,100,100626,100,99492,100
2019-06-28 09:57:23.925661137,100093,100,100059,190,100135,190,100058,121,100173,187,100023,134,100184,187,99936,100,100187,100,99935,100,100201,100,99890,100,100228,100,99884,100,100269,100,99826,100,100578,100,99700,100,100623,100,99492,100
2019-06-28 09:57:30.000000000,100093,166,100059,166,100135,166,100058,100,100173,166,100023,113,100184,166,99936,166,100187,100,99935,100,100201,100,99890,100,100228,100,99884,100,100269,100,99826,100,100578,100,99700,100,100623,100,99492,100
2019-06-28 09:57:32.770922492,100093,166,100059,166,100135,166,100058,100,100173,166,100023,113,100184,166,99936,166,100187,100,99890,100,100201,100,99884,100,100228,100,99826,100,100269,100,99700,100,100578,100,99492,100,100623,100,99431,100
2019-06-28 09:57:40.000000000,100093,232,100059,232,100135,232,100058,166,100173,100,100023,47,100184,100,99936,100,100187,100,99890,100,100201,100,99884,100,100228,100,99826,100,100269,100,99700,100,100578,100,99492,100,100623,100,99431,100
2019-06-28 09:57:50.000000000,100093,166,100059,166,100135,166,100058,100,100173,166,100023,113,100184,166,99936,166,100187,100,99890,100,100201,100,99884,100,100228,100,99826,100,100269,100,99700,100,100578,100,99492,100,100623,100,99431,100
2019-06-28 09:57:51.986741046,100093,266,100059,166,100135,166,100058,100,100173,166,100023,113,100184,166,99936,166,100187,100,99890,100,100201,100,99884,100,100228,100,99826,100,100269,100,99700,100,100578,100,99492,100,100623,100,99431,100
2019-06-28 09:58:00.000000000,100093,290,100059,190,100135,187,100058,121,100173,187,100023,134,100184,100,99936,100,100187,100,99890,100,100201,100,99884,100,100228,100,99826,100,100269,100,99700,100,100578,100,99492,100,100623,100,99431,100
2019-06-28 09:58:10.000000000,100093,266,100059,166,100135,166,100058,100,100173,166,100023,113,100184,166,99936,166,100187,100,99890,100,100201,100,99884,100,100228,100,99826,100,100269,100,99700,100,100578,100,99492,100,100623,100,99431,100
2019-06-28 09:58:15.558173279,100093,266,100059,166,100135,166,100058,100,100173,166,100023,113,100184,166,99936,166,100187,100,99890,100,100201,100,99884,100,100228,100,99826,100,100269,100,99700,100,100578,100,99492,100,100623,100,99431,100
2019-06-28 09:58:20.000000000,100093,290,100059,190,100135,187,100058,121,100173,187,100023,134,100184,100,99936,100,100187,100,99890,100,100201,100,99884,100,100228,100,99826,100,100269,100,99700,100,100578,100,99492,100,100623,100,99431,100
2019-06-28 09:58:30.000000000,100093,253,100059,153,100135,153,100058,87,100173,153,100023,100,100184,153,99936,153,100187,153,99890,153,100201,100,99884,100,100228,100,99826,100,100269,100,99700,100,100578,100,99492,100,100623,100,99431,100
2019-06-28 09:58:39.790967905,100093,253,100059,53,100135,153,100058,87,100173,153,100023,100,100184,153,99936,153,100187,153,99890,153,100201,100,99884,100,100228,100,99826,100,100269,100,99700,100,100578,100,99492,100,100623,100,99341,100
2019-06-28 09:58:40.000000000,100093,464,100058,298,100135,100,100023,47,100173,100,99936,100,100184,100,99890,100,100187,100,99884,100,100201,100,99826,100,100228,100,99700,100,100269,100,99492,100,100578,100,99341,100,100623,100,,
2019-06-28 09:58:44.836638230,100093,464,100058,298,100135,100,100023,47,100173,100,99936,100,100184,100,99890,100,100187,100,99884,100,100201,100,99826,100,100228,100,99700,100,100269,100,99569,100,100578,100,99492,100,100623,100,99341,100
2019-06-28 09:58:50.000000000,100093,464,100058,298,100135,100,100023,47,100173,100,99936,100,100184,100,99890,100,100187,100,99884,100,100201,100,99826,100,100228,100,99700,100,100269,100,99569,100,100578,100,99492,100,100623,100,99341,100
2019-06-28 09:59:00.000000000,100093,290,100058,124,100135,187,100023,134,100173,187,99936,187,100184,100,99890,100,100187,100,99884,100,100201,100,99826,100,100228,100,99700,100,100269,100,99569,100,100578,100,99492,100,100623,100,99341,100
2019-06-28 09:59:10.000000000,100093,253,100058,87,100135,153,100023,100,100173,153,99936,153,100184,153,99890,153,100187,153,99884,153,100201,100,99826,100,100228,100,99700,100,100269,100,99569,100,100578,100,99492,100,100623,100,99341,100
2019-06-28 09:59:17.981728979,100058,13,100023,100,100093,253,99936,153,100135,153,99890,153,100173,153,99884,153,100184,153,99826,100,100187,153,99700,100,100201,100,99569,100,100228,100,99492,100,100269,100,99341,100,100578,100,,
2019-06-28 09:59:20.000000000,100058,103,100023,137,100093,287,99936,187,100135,187,99890,187,100173,100,99884,100,100184,100,99826,100,100187,100,99700,100,100201,100,99569,100,100228,100,99492,100,100269,100,99341,100,100578,100,,
2019-06-28 09:59:20.664163627,100058,103,100023,137,100093,287,99936,187,100135,187,99890,187,100173,100,99884,100,100184,100,99826,100,100187,100,99700,100,100201,100,99569,100,100228,100,99341,100,100269,100,99305,100,100578,100,,
2019-06-28 09:59:28.458146425,100058,103,100023,37,100093,287,99936,187,100135,187,99890,187,100173,100,99884,100,100184,100,99826,100,100187,100,99700,100,100201,100,99569,100,100269,100,99341,100,100578,100,99305,100,100623,100,,
2019-06-28 09:59:30.000000000,100058,66,99936,153,100093,253,99890,153,100135,153,99884,153,100173,153,99826,153,100184,153,99700,153,100187,100,99569,100,100201,100,99341,100,100269,100,99305,100,100578,100,,,100623,100,,
2019-06-28 09:59:40.000000000,100058,103,99936,190,100093,287,99890,187,100135,187,99884,187,100173,100,99826,100,100184,100,99700,100,100187,100,99569,100,100201,100,99341,100,100269,100,99305,100,100578,100,,,100623,100,,
2019-06-28 09:59:42.679688139,100058,103,99936,90,100093,287,99890,187,100135,187,99884,187,100173,100,99826,100,100184,100,99700,100,100187,100,99569,100,100201,100,99341,100,100269,100,99305,100,100578,100,,,100623,100,,
2019-06-28 09:59:50.000000000,100058,277,99890,364,100093,200,99884,100,100135,100,99826,100,100173,100,99700,100,100184,100,99569,100,100187,100,99341,100,100201,100,99305,100,100269,100,,,100578,100,,,100623,100,,
2019-06-28 09:59:57.781433268,100023,100,99890,364,100058,277,99884,100,100093,200,99826,100,100135,100,99700,100,100173,100,99569,100,100184,100,99341,100,100187,100,99305,100,100201,100,,,100269,100,,,100578,100,,
2019-06-28 10:00:00.000000000,100023,166,99890,166,100058,79,99884,166,100093,266,99826,166,100135,166,99700,166,100173,100,99569,100,100184,100,99341,100,100187,100,99305,100,100201,100,,,100269,100,,,100578,100,,
2019-06-28 10:00:05.049154355,100023,166,99890,66,100058,79,99884,166,100093,266,99826,166,100135,166,99700,166,100173,100,99569,100,100184,100,99341,100,100187,100,99305,100,100201,100,,,100269,100,,,100578,100,,
2019-06-28 10:00:07.067919698,99890,34,99884,166,100023,166,99826,166,100058,79,99700,166,100093,266,99569,100,100135,166,99341,100,100173,100,99305,100,100184,100,,,100187,100,,,100201,100,,,100269,100,,
2019-06-28 10:00:10.000000000,99890,87,99884,153,100023,153,99826,153,100058,66,99700,153,100093,253,99569,153,100135,153,99341,153,100173,100,99305,100,100184,100,,,100187,100,,,100201,100,,,100269,100,,
2019-06-28 10:00:17.810064279,99890,87,99884,153,99909,100,99826,153,100023,153,99700,153,100058,66,99569,53,100093,253,99341,153,100135,153,99305,100,100173,100,,,100184,100,,,100187,100,,,100201,100,,
2019-06-28 10:00:20.000000000,99890,166,99884,232,99909,232,99826,232,100023,100,99700,100,100058,13,99341,100,100093,200,99305,100,100135,100,,,100173,100,,,100184,100,,,100187,100,,,100201,100,,
2019-06-28 10:00:25.863391202,99890,166,99884,232,99909,232,99826,232,100023,100,99700,100,100058,13,99341,100,100079,100,99305,100,100093,200,,,100135,100,,,100173,100,,,100184,100,,,100187,100,,
2019-06-28 10:00:27.366107458,99890,166,99884,132,99909,232,99826,232,100023,100,99700,100,100058,13,99341,100,100079,100,99305,100,100093,200,,,100135,100,,,100173,100,,,100184,100,,,100187,100,,
2019-06-28 10:00:30.000000000,99890,298,99826,364,99909,100,99700,100,100023,100,99341,100,100058,13,99305,100,100079,100,,,100093,200,,,100135,100,,,100173,100,,,100184,100,,,100187,100,,
2019-06-28 10:00:30.741034115,99890,298,99826,364,99909,100,99823,100,100023,100,99341,100,100058,13,99305,100,100079,100,,,100093,200,,,100135,100,,,100173,100,,,100184,100,,,100187,100,,
2019-06-28 10:00:32.441708427,99889,100,99826,364,99890,298,99823,100,99909,100,99341,100,100023,100,99305,100,100058,13,,,100079,100,,,100093,200,,,100135,100,,,100173,100,,,100184,100,,
2019-06-28 10:00:32.883278048,99889,100,99826,364,99890,264,99823,100,99909,100,99341,100,100023,100,99305,100,100058,13,,,100079,100,,,100083,100,,,100093,200,,,100135,100,,,100173,100,,
2019-06-28 10:00:40.000000000,99889,364,99826,364,99909,100,99823,100,100023,100,99341,100,100058,13,99305,100,100079,100,,,100083,100,,,100093,200,,,100135,100,,,100173,100,,,100184,100,,
2019-06-28 10:00:50.000000000,99889,166,99826,166,99909,166,99823,166,100023,166,99341,166,100058,79,99305,166,100079,100,,,100083,100,,,100093,200,,,100135,100,,,100173,100,,,100184,100,,
2019-06-28 10:00:50.448552588,99889,166,99826,166,99909,166,99823,166,100023,166,99585,100,100058,79,99341,166,100079,100,99305,166,100083,100,,,100093,200,,,100135,100,,,100173,100,,,100184,100,,
2019-06-28 10:01:00.000000000,99889,166,99826,166,99909,166,99823,166,100023,166,99585,166,100058,79,99341,166,100079,100,99305,100,100083,100,,,100093,200,,,100135,100,,,100173,100,,,100184,100,,
2019-06-28 10:01:10.000000000,99889,190,99826,190,99909,187,99823,187,100023,187,99585,187,100058,13,99341,100,100079,100,99305,100,100083,100,,,100093,200,,,100135,100,,,100173,100,,,100184,100,,
2019-06-28 10:01:20.000000000,99889,190,99826,190,99909,187,99823,187,100023,187,99585,187,100058,13,99341,100,100079,100,99305,100,100083,100,,,100093,200,,,100135,100,,,100173,100,,,100184,100,,
2019-06-28 10:01:30.000000000,99889,166,99826,166,99909,166,99823,166,100023,166,99585,166,100058,79,99341,166,100079,100,99305,100,100083,100,,,100093,200,,,100135,100,,,100173,100,,,100184,100,,
2019-06-28 10:01:40.000000000,99889,166,99826,166,99909,166,99823,166,100023,166,99585,166,100058,79,99341,166,100079,100,99305,100,100083,100,,,100093,200,,,100135,100,,,100173,100,,,100184,100,,
2019-06-28 10:01:43.595200727,99889,266,99826,166,99909,166,99823,166,100023,166,99585,166,100058,79,99341,166,100079,100,99305,100,100083,100,,,100093,200,,,100135,100,,,100173,100,,,100184,100,,
2019-06-28 10:01:50.000000000,99889,464,99826,364,99909,100,99823,100,100023,100,99585,100,100058,13,99341,100,100079,100,99305,100,100083,100,,,100093,200,,,100135,100,,,100173,100,,,100184,100,,
2019-06-28 10:02:00.000000000,99889,464,99826,364,99909,100,99823,100,100023,100,99585,100,100058,13,99341,100,100079,100,99305,100,100083,100,,,100093,200,,,100135,100,,,100173,100,,,100184,100,,
2019-06-28 10:02:09.652203787,99889,464,99826,364,99909,100,99823,100,100023,100,99585,100,100058,13,99341,100,100079,100,99305,100,100083,100,,,100093,200,,,100135,100,,,100173,100,,,100184,100,,
2019-06-28 10:02:09.951629566,99889,464,99826,364,99909,100,99823,100,100023,100,99585,100,100058,13,99543,100,100079,100,99341,100,100083,100,99305,100,100093,200,,,100135,100,,,100173,100,,,100184,100,,
2019-06-28 10:02:10.000000000,99889,253,99826,153,99909,153,99823,153,100023,153,99585,153,100058,66,99543,153,100079,153,99341,153,100083,100,99305,100,100093,200,,,100135,100,,,100173,100,,,100184,100,,
2019-06-28 10:02:20.000000000,99889,332,99826,232,99909,232,99823,232,100023,100,99585,100,100058,13,99543,100,100079,100,99341,100,100083,100,99305,100,100093,200,,,100135,100,,,100173,100,,,100184,100,,
2019-06-28 10:02:30.000000000,99889,464,99826,364,99909,100,99823,100,100023,100,99585,100,100058,13,99543,100,100079,100,99341,100,100083,100,99305,100,100093,200,,,100135,100,,,100173,100,,,100184,100,,
2019-06-28 10:02:40.000000000,99889,464,99826,364,99909,100,99823,100,100023,100,99585,100,100058,13,99543,100,100079,100,99341,100,100083,100,99305,100,100093,200,,,100135,100,,,100173,100,,,100184,100,,
2019-06-28 10:02:50.000000000,99889,266,99826,166,99909,166,99823,166,100023,166,99585,166,100058,79,99543,166,100079,100,99341,100,100083,100,99305,100,100093,200,,,100135,100,,,100173,100,,,100184,100,,
2019-06-28 10:03:00.000000000,99889,253,99826,153,99909,153,99823,153,100023,153,99585,153,100058,66,99543,153,100079,153,99341,153,100083,100,99305,100,100093,200,,,100135,100,,,100173,100,,,100184,100,,
2019-06-28 10:03:10.000000000,99889,464,99826,364,99909,100,99823,100,100023,100,99585,100,100058,13,99543,100,100079,100,99341,100,100083,100,99305,100,100093,200,,,100135,100,,,100173,100,,,100184,100,,
2019-06-28 10:03:20.000000000,99889,253,99826,153,99909,153,99823,153,100023,153,99585,153,100058,66,99543,153,100079,153,99341,153,100083,100,99305,100,100093,200,,,100135,100,,,100173,100,,,100184,100,,
2019-06-28 10:03:30.000000000,99889,464,99826,364,99909,100,99823,100,100023,100,99585,100,100058,13,99543,100,100079,100,99341,100,100083,100,99305,100,100093,200,,,100135,100,,,100173,100,,,100184,100,,
2019-06-28 10:03:40.000000000,99889,464,99826,364,99909,100,99823,100,100023,100,99585,100,100058,13,99543,100,100079,100,99341,100,100083,100,99305,100,100093,200,,,100135,100,,,100173,100,,,100184,100,,
2019-06-28 10:03:50.000000000,99889,290,99826,190,99909,187,99823,187,100023,187,99585,187,100058,13,99543,100,100079,100,99341,100,100083,100,99305,100,100093,200,,,100135,100,,,100173,100,,,100184,100,,
2019-06-28 10:04:00.000000000,99889,332,99826,232,99909,232,99823,232,100023,100,99585,100,100058,13,99543,100,100079,100,99341,100,100083,100,99305,100,100093,200,,,100135,100,,,100173,100,,,100184,100,,
2019-06-28 10:04:07.040821343,99889,332,99826,232,99909,232,99823,232,100023,100,99585,100,100058,13,99543,100,100079,100,99341,100,100083,100,99305,100,100093,200,98337,100,100135,100,,,100173,100,,,100184,100,,
2019-06-28 10:04:10.000000000,99889,464,99826,364,99909,100,99823,100,100023,100,99585,100,100058,13,99543,100,100079,100,99341,100,100083,100,99305,100,100093,200,98337,100,100135,100,,,100173,100,,,100184,100,,
2019-06-28 10:04:20.000000000,99889,464,99826,364,99909,100,99823,100,100023,100,99585,100,100058,13,99543,100,100079,100,99341,100,100083,100,99305,100,100093,200,98337,100,100135,100,,,100173,100,,,100184,100,,
2019-06-28 10:04:23.715589583,99889,464,99826,264,99909,100,99823,100,100023,100,99585,100,100058,13,99543,100,100079,100,99341,100,100083,100,99305,100,100093,200,,,100135,100,,,100173,100,,,100184,100,,
2019-06-28 10:04:30.000000000,99889,332,99823,232,99909,232,99585,232,100023,100,99543,100,100058,13,99341,100,100079,100,99305,100,100083,100,,,100093,200,,,100135,100,,,100173,100,,,100184,100,,
2019-06-28 10:04:37.204209143,99889,332,99823,132,99909,232,99585,232,100023,100,99543,100,100058,13,99341,100,100079,100,99305,100,100083,100,,,100093,200,,,100135,100,,,100173,100,,,100184,100,,
2019-06-28 10:04:40.000000000,99889,332,99585,232,99909,232,99543,232,100023,100,99341,100,100058,13,99305,100,100079,100,,,100083,100,,,100093,200,,,100135,100,,,100173,100,,,100184,100,,
2019-06-28 10:04:50.000000000,99889,253,99585,153,99909,153,99543,153,100023,153,99341,153,100058,66,99305,153,100079,153,99304,53,100083,100,,,100093,200,,,100135,100,,,100173,100,,,100184,100,,
2019-06-28 10:04:56.280697084,99889,253,99585,53,99909,153,99543,153,100023,153,99341,53,100058,66,99305,153,100079,153,99304,53,100083,100,,,100093,200,,,100135,100,,,100173,100,,,100184,100,,
2019-06-28 10:04:57.607961698,99889,253,99585,53,99909,153,99543,153,100023,153,99341,53,100058,66,99305,153,100079,153,99304,53,100083,100,98692,100,100093,200,,,100135,100,,,100173,100,,,100184,100,,
2019-06-28 10:05:00.000000000,99889,266,99543,166,99909,166,99305,166,100023,166,98692,166,100058,79,98691,66,100079,100,,,100083,100,,,100093,200,,,100135,100,,,100173,100,,,100184,100,,
2019-06-28 10:05:07.821271815,99889,266,99543,166,99909,166,99305,166,100023,166,98898,100,100058,79,98692,166,100079,100,98691,66,100083,100,,,100093,200,,,100135,100,,,100173,100,,,100184,100,,
2019-06-28 10:05:10.000000000,99889,332,99543,232,99909,232,99305,232,100023,100,98898,100,100058,13,98692,100,100079,100,,,100083,100,,,100093,200,,,100135,100,,,100173,100,,,100184,100,,
2019-06-28 10:05:13.590917355,99889,332,99543,132,99909,232,99305,232,100023,100,98898,100,100058,13,98692,100,100079,100,,,100083,100,,,100093,200,,,100135,100,,,100173,100,,,100184,100,,
2019-06-28 10:05:20.000000000,99889,253,99305,153,99909,153,98898,153,100023,153,98692,153,100058,66,98691,53,100079,153,,,100083,100,,,100093,200,,,100135,100,,,100173,100,,,100184,100,,
2019-06-28 10:05:20.251517512,99889,253,99305,53,99909,153,98898,153,100023,153,98692,153,100058,66,98691,53,100079,153,,,100083,100,,,100093,200,,,100135,100,,,100173,100,,,100184,100,,
2019-06-28 10:05:30.000000000,99889,332,98898,232,99909,232,98692,232,100023,100,,,100058,13,,,100079,100,,,100083,100,,,100093,200,,,100135,100,,,100173,100,,,100184,100,,
2019-06-28 10:05:40.000000000,99889,464,98898,364,99909,100,98692,100,100023,100,,,100058,13,,,100079,100,,,100083,100,,,100093,200,,,100135,100,,,100173,100,,,100184,100,,
2019-06-28 10:05:48.530731567,99889,464,99163,100,99909,100,98898,364,100023,100,98692,100,100058,13,,,100079,100,,,100083,100,,,100093,200,,,100135,100,,,100173,100,,,100184,100,,
2019-06-28 10:05:50.000000000,99889,266,99163,166,99909,166,98898,166,100023,166,98692,166,100058,79,98691,66,100079,100,,,100083,100,,,100093,200,,,100135,100,,,100173,100,,,100184,100,,
2019-06-28 10:06:00.000000000,99889,332,99163,232,99909,232,98898,232,100023,100,98692,100,100058,13,,,100079,100,,,100083,100,,,100093,200,,,100135,100,,,100173,100,,,100184,100,,
2019-06-28 10:06:00.924938094,99889,332,99306,100,99909,232,99163,232,100023,100,98898,232,100058,13,98692,100,100079,100,,,100083,100,,,100093,200,,,100135,100,,,100173,100,,,100184,100,,
2019-06-28 10:06:01.873597219,99349,100,99306,100,99889,332,99163,232,99909,232,98898,232,100023,100,98692,100,100058,13,,,100079,100,,,100083,100,,,100093,200,,,100135,100,,,100173,100,,
2019-06-28 10:06:10.000000000,99349,190,99306,190,99889,287,99163,187,99909,187,98898,187,100023,100,98692,100,100058,13,,,100079,100,,,100083,100,,,100093,200,,,100135,100,,,100173,100,,
2019-06-28 10:06:18.138615839,99349,90,99306,190,99889,287,99163,187,99909,187,98898,187,100023,100,98692,100,100058,13,,,100079,100,,,100083,100,,,100093,200,,,100135,100,,,100173,100,,
2019-06-28 10:06:20.000000000,99889,332,99306,232,99909,232,99163,232,100023,100,98898,100,100058,13,98692,100,100079,100,,,100083,100,,,100093,200,,,100135,100,,,100173,100,,,100184,100,,
2019-06-28 10:06:22.287028533,99497,100,99306,232,99889,332,99163,232,99909,232,98898,100,100023,100,98692,100,100079,100,,,100083,100,,,100093,200,,,100135,100,,,100173,100,,,100184,100,,
2019-06-28 10:06:30.000000000,99497,153,99306,153,99889,253,99163,153,99909,153,98898,153,100023,153,98692,153,100079,153,98691,53,100083,100,,,100093,200,,,100135,100,,,100173,100,,,100184,100,,
2019-06-28 10:06:40.000000000,99497,153,99306,153,99889,253,99163,153,99909,153,98898,153,100023,153,98692,153,100079,153,98691,53,100083,100,,,100093,200,,,100135,100,,,100173,100,,,100184,100,,
2019-06-28 10:06:50.000000000,99497,232,99306,232,99889,332,99163,232,99909,100,98898,100,100023,100,98692,100,100079,100,,,100083,100,,,100093,200,,,100135,100,,,100173,100,,,100184,100,,
2019-06-28 10:06:53.387437961,99497,232,99306,232,99889,332,99163,232,99909,100,98898,100,100023,100,98692,100,100048,100,,,100079,100,,,100083,100,,,100093,200,,,100135,100,,,100173,100,,
2019-06-28 10:06:54.733208311,99497,132,99306,232,99889,332,99163,232,99909,100,98898,100,100023,100,98692,100,100048,100,,,100079,100,,,100083,100,,,100093,200,,,100135,100,,,100173,100,,
2019-06-28 10:07:00.000000000,99889,253,99306,153,99909,153,99163,153,100023,153,98898,153,100048,153,98692,153,100079,153,98691,53,100083,100,,,100093,200,,,100135,100,,,100173,100,,,100184,100,,
2019-06-28 10:07:10.000000000,99889,266,99306,166,99909,166,99163,166,100023,166,98898,166,100048,166,98692,166,100079,100,,,100083,100,,,100093,200,,,100135,100,,,100173,100,,,100184,100,,
2019-06-28 10:07:18.771681148,99889,166,99306,166,99909,166,99163,166,100023,166,98898,166,100048,166,98692,166,100079,100,,,100083,100,,,100093,200,,,100135,100,,,100173,100,,,100184,100,,
2019-06-28 10:07:20.000000000,99889,190,99306,190,99909,187,99163,187,100023,187,98898,187,100048,100,98692,100,100079,100,,,100083,100,,,100093,200,,,100135,100,,,100173,100,,,100184,100,,
2019-06-28 10:07:24.308979157,99889,190,99497,100,99909,187,99306,190,100023,187,99163,187,100048,100,98898,187,100079,100,98692,100,100083,100,,,100093,200,,,100135,100,,,100173,100,,,100184,100,,
2019-06-28 10:07:27.699589103,99889,190,99497,100,99909,187,99306,190,100023,187,99163,187,100048,100,98898,87,100079,100,98692,100,100083,100,,,100093,200,,,100135,100,,,100173,100,,,100184,100,,
2019-06-28 10:07:30.000000000,99889,190,99497,190,99909,187,99306,187,100023,187,99163,187,100048,100,98692,100,100079,100,,,100083,100,,,100093,200,,,100135,100,,,100173,100,,,100184,100,,
2019-06-28 10:07:30.668367475,99889,190,99497,190,99909,187,99306,187,100023,187,99163,187,100048,100,98692,100,100079,100,,,100083,100,,,100093,200,,,100135,100,,,100173,100,,,100184,100,,
2019-06-28 10:07:35.765221724,99889,90,99497,190,99909,187,99306,187,100023,187,99163,187,100048,100,98692,100,100079,100,,,100083,100,,,100093,200,,,100135,100,,,100173,100,,,100184,100,,
2019-06-28 10:07:40.000000000,99909,232,99497,232,100023,232,99306,232,100048,100,99163,100,100079,100,98692,100,100083,100,,,100093,200,,,100135,100,,,100173,100,,,100184,100,,,100187,100,,
2019-06-28 10:07:50.000000000,99909,232,99497,232,100023,232,99306,232,100048,100,99163,100,100079,100,98692,100,100083,100,,,100093,200,,,100135,100,,,100173,100,,,100184,100,,,100187,100,,
2019-06-28 10:08:00.000000000,99909,166,99497,166,100023,166,99306,166,100048,166,99163,166,100079,166,98692,166,100083,100,,,100093,200,,,100135,100,,,100173,100,,,100184,100,,,100187,100,,
2019-06-28 10:08:00.323303129,99909,66,99497,166,100023,166,99306,166,100048,166,99163,166,100079,166,98692,166,100083,100,,,100093,200,,,100135,100,,,100173,100,,,100184,100,,,100187,100,,
2019-06-28 10:08:02.956961926,99909,66,99497,166,100023,166,99306,166,100048,166,99163,166,100079,166,98692,166,100083,100,,,100093,200,,,100135,100,,,100173,100,,,100184,100,,,100187,100,,
2019-06-28 10:08:10.000000000,100023,364,99497,364,100048,100,99306,100,100079,100,99163,100,100083,100,98692,100,100093,200,,,100135,100,,,100173,100,,,100184,100,,,100187,100,,,100404,100,,
2019-06-28 10:08:16.361869826,100023,264,99497,364,100048,100,99306,100,100079,100,99163,100,100083,100,98692,100,100093,200,,,100135,100,,,100173,100,,,100184,100,,,100187,100,,,100404,100,,
2019-06-28 10:08:20.000000000,100048,166,99497,166,100079,166,99306,166,100083,166,99163,166,100093,266,98692,166,100135,100,,,100173,100,,,100184,100,,,100187,100,,,100404,100,,,100425,100,,
2019-06-28 10:08:29.703680519,100048,166,99889,100,100079,166,99497,166,100083,166,99306,166,100093,266,99163,166,100135,100,98692,166,100173,100,,,100184,100,,,100187,100,,,100404,100,,,100425,100,,
2019-06-28 10:08:30.000000000,100048,153,99889,153,100079,153,99497,153,100083,153,99306,153,100093,253,99163,153,100135,153,98692,153,100173,100,,,100184,100,,,100187,100,,,100404,100,,,100425,100,,
2019-06-28 10:08:40.000000000,100048,364,99889,364,100079,100,99497,100,100083,100,99306,100,100093,200,99163,100,100135,100,98692,100,100173,100,,,100184,100,,,100187,100,,,100404,100,,,100425,100,,
2019-06-28 10:08:50.000000000,100048,232,99889,232,100079,232,99497,232,100083,100,99306,100,100093,200,99163,100,100135,100,98692,100,100173,100,,,100184,100,,,100187,100,,,100404,100,,,100425,100,,
2019-06-28 10:08:58.696251265,100048,232,99889,132,100079,232,99497,232,100083,100,99306,100,100093,200,99163,100,100135,100,98692,100,100173,100,,,100184,100,,,100187,100,,,100404,100,,,100425,100,,
2019-06-28 10:09:00.000000000,100048,364,99497,364,100079,100,99306,100,100083,100,99163,100,100093,200,98692,100,100135,100,,,100173,100,,,100184,100,,,100187,100,,,100404,100,,,100425,100,,
2019-06-28 10:09:04.145584425,100048,364,99497,364,100079,100,99306,100,100083,100,99163,100,100093,200,98692,100,100135,100,,,100173,100,,,100184,100,,,100187,100,,,100404,100,,,100425,100,,
2019-06-28 10:09:10.000000000,100048,232,99497,232,100079,232,99306,232,100083,100,99163,100,100093,200,98692,100,100135,100,,,100173,100,,,100184,100,,,100187,100,,,100404,100,,,100425,100,,
2019-06-28 10:09:20.000000000,100048,364,99497,364,100079,100,99306,100,100083,100,99163,100,100093,200,98692,100,100135,100,,,100173,100,,,100184,100,,,100187,100,,,100404,100,,,100425,100,,
2019-06-28 10:09:25.061650147,100048,364,99889,100,100079,100,99497,364,100083,100,99306,100,100093,200,99163,100,100135,100,98692,100,100173,100,,,100184,100,,,100187,100,,,100404,100,,,100425,100,,
2019-06-28 10:09:30.000000000,100048,190,99889,190,100079,187,99497,187,100083,187,99306,187,100093,200,99163,100,100135,100,98692,100,100173,100,,,100184,100,,,100187,100,,,100404,100,,,100425,100,,
2019-06-28 10:09:40.000000000,100048,190,99889,190,100079,187,99497,187,100083,187,99306,187,100093,200,99163,100,100135,100,98692,100,100173,100,,,100184,100,,,100187,100,,,100404,100,,,100425,100,,
2019-06-28 10:09:48.891425740,100048,90,99889,190,100079,187,99497,187,100083,187,99306,187,100093,200,99163,100,100135,100,98692,100,100184,100,,,100187,100,,,100404,100,,,100425,100,,,100478,100,,
2019-06-28 10:09:50.000000000,100079,232,99889,232,100083,232,99497,232,100093,200,99306,100,100135,100,99163,100,100184,100,98692,100,100187,100,,,100404,100,,,100425,100,,,100478,100,,,100578,100,,
2019-06-28 10:10:00.000000000,100079,153,99889,153,100083,153,99497,153,100093,253,99306,153,100135,153,99163,153,100184,153,98692,153,100187,100,,,100404,100,,,100425,100,,,100478,100,,,100578,100,,
2019-06-28 10:10:10.000000000,100079,364,99889,364,100083,100,99497,100,100093,200,99306,100,100135,100,99163,100,100184,100,98692,100,100187,100,,,100404,100,,,100425,100,,,100478,100,,,100578,100,,
2019-06-28 10:10:20.000000000,100079,190,99889,190,100083,187,99497,187,100093,287,99306,187,100135,100,99163,100,100184,100,98692,100,100187,100,,,100404,100,,,100425,100,,,100478,100,,,100578,100,,
2019-06-28 10:10:30.000000000,100079,153,99889,153,100083,153,99497,153,100093,253,99306,153,100135,153,99163,153,100184,153,98692,153,100187,100,,,100404,100,,,100425,100,,,100478,100,,,100578,100,,
2019-06-28 10:10:40.000000000,100079,364,99889,364,100083,100,99497,100,100093,200,99306,100,100135,100,99163,100,100184,100,98692,100,100187,100,,,100404,100,,,100425,100,,,100478,100,,,100578,100,,
2019-06-28 10:10:50.000000000,100079,166,99889,166,100083,166,99497,166,100093,266,99306,166,100135,166,99163,166,100184,100,98692,100,100187,100,,,100404,100,,,100425,100,,,100478,100,,,100578,100,,
2019-06-28 10:10:54.334722159,99908,100,99889,166,100079,166,99497,166,100083,166,99306,166,100093,266,99163,166,100135,166,98692,100,100184,100,,,100187,100,,,100404,100,,,100425,100,,,100478,100,,
2019-06-28 10:11:00.000000000,99908,232,99889,232,100079,232,99497,232,100083,100,99306,100,100093,200,99163,100,100135,100,98692,100,100184,100,,,100187,100,,,100404,100,,,100425,100,,,100478,100,,
2019-06-28 10:11:08.113010549,99908,232,99889,232,100079,232,99714,100,100083,100,99497,232,100093,200,99306,100,100135,100,99163,100,100184,100,98692,100,100187,100,,,100404,100,,,100425,100,,,100478,100,,
2019-06-28 10:11:10.000000000,99908,166,99889,166,100079,166,99714,166,100083,166,99497,166,100093,266,99306,166,100135,100,99163,100,100184,100,98692,100,100187,100,,,100404,100,,,100425,100,,,100478,100,,
2019-06-28 10:11:20.000000000,99908,232,99889,232,100079,232,99714,232,100083,100,99497,100,100093,200,99306,100,100135,100,99163,100,100184,100,98692,100,100187,100,,,100404,100,,,100425,100,,,100478,100,,
2019-06-28 10:11:30.000000000,99908,190,99889,190,100079,187,99714,187,100083,187,99497,187,100093,200,99306,100,100135,100,99163,100,100184,100,98692,100,100187,100,,,100404,100,,,100425,100,,,100478,100,,
2019-06-28 10:11:40.000000000,99908,166,99889,166,100079,166,99714,166,100083,166,99497,166,100093,266,99306,166,100135,100,99163,100,100184,100,98692,100,100187,100,,,100404,100,,,100425,100,,,100478,100,,
2019-06-28 10:11:40.517703143,99908,166,99889,66,100079,166,99714,166,100083,166,99497,166,100093,266,99306,166,100135,100,99163,100,100184,100,98692,100,100187,100,,,100404,100,,,100425,100,,,100478,100,,
2019-06-28 10:11:50.000000000,99908,190,99714,190,100079,187,99497,187,100083,187,99306,187,100093,200,99163,100,100135,100,98692,100,100184,100,,,100187,100,,,100404,100,,,100425,100,,,100478,100,,
2019-06-28 10:12:00.000000000,99908,166,99714,166,100079,166,99497,166,100083,166,99306,166,100093,266,99163,166,100135,100,98692,100,100184,100,,,100187,100,,,100404,100,,,100425,100,,,100478,100,,
2019-06-28 10:12:07.368433597,99908,166,99890,100,100079,166,99714,166,100083,166,99497,166,100093,266,99306,166,100135,100,99163,166,100184,100,98692,100,100187,100,,,100404,100,,,100425,100,,,100478,100,,
2019-06-28 10:12:10.000000000,99908,364,99890,364,100079,100,99714,100,100083,100,99497,100,100093,200,99306,100,100135,100,99163,100,100184,100,98692,100,100187,100,,,100404,100,,,100425,100,,,100478,100,,
2019-06-28 10:12:20.000000000,99908,232,99890,232,100079,232,99714,232,100083,100,99497,100,100093,200,99306,100,100135,100,99163,100,100184,100,98692,100,100187,100,,,100404,100,,,100425,100,,,100478,100,,
2019-06-28 10:12:30.000000000,99908,364,99890,364,100079,100,99714,100,100083,100,99497,100,100093,200,99306,100,100135,100,99163,100,100184,100,98692,100,100187,100,,,100404,100,,,100425,100,,,100478,100,,
2019-06-28 10:12:40.000000000,99908,190,99890,190,100079,187,99714,187,100083,187,99497,187,100093,200,99306,100,100135,100,99163,100,100184,100,98692,100,100187,100,,,100404,100,,,100425,100,,,100478,100,,
2019-06-28 10:12:50.000000000,99908,364,99890,364,100079,100,99714,100,100083,100,99497,100,100093,200,99306,100,100135,100,99163,100,100184,100,98692,100,100187,100,,,100404,100,,,100425,100,,,100478,100,,
