,ask_price_1,ask_size_1,bid_price_1,bid_size_1,ask_price_2,ask_size_2,bid_price_2,bid_size_2,ask_price_3,ask_size_3,bid_price_3,bid_size_3,ask_price_4,ask_size_4,bid_price_4,bid_size_4,ask_price_5,ask_size_5,bid_price_5,bid_size_5,ask_price_6,ask_size_6,bid_price_6,bid_size_6,ask_price_7,ask_size_7,bid_price_7,bid_size_7,ask_price_8,ask_size_8,bid_price_8,bid_size_8,ask_price_9,ask_size_9,bid_price_9,bid_size_9,ask_price_10,ask_size_10,bid_price_10,bid_size_10
2019-06-28 09:30:00.000000001,,,100087,100,,,100016,100,,,99927,100,,,,,,,,,,,,,,,,,,,,,,,,,,,,
2019-06-28 09:30:00.000000002,,,99927,100,,,,,,,,,,,,,,,,,,,,,,,,,,,,,,,,,,,,
2019-06-28 09:30:00.000000004,100042,100,99927,100,,,,,,,,,,,,,,,,,,,,,,,,,,,,,,,,,,,,
2019-06-28 09:30:00.000000007,100042,100,99954,100,100102,100,99927,100,,,,,,,,,,,,,,,,,,,,,,,,,,,,,,,,
2019-06-28 09:30:00.000000008,100042,100,99954,100,100087,200,99927,100,100102,100,,,,,,,,,,,,,,,,,,,,,,,,,,,,,,
2019-06-28 09:30:00.000000009,100042,100,99954,100,100087,200,99927,100,100102,100,99830,100,,,,,,,,,,,,,,,,,,,,,,,,,,,,
2019-06-28 09:30:00.000000012,100042,100,99954,100,100087,300,99927,100,100102,100,99830,100,,,,,,,,,,,,,,,,,,,,,,,,,,,,
2019-06-28 09:30:00.000000015,100022,100,99954,100,100042,100,99927,100,100087,300,99830,100,100102,100,,,100168,100,,,,,,,,,,,,,,,,,,,,,,
2019-06-28 09:30:00.000000018,100022,100,99972,100,100042,100,99954,100,100087,300,99927,100,100102,100,99830,100,100168,100,99819,100,,,,,,,,,,,,,,,,,,,,
2019-06-28 09:30:00.000000019,100022,100,100016,100,100034,100,99972,100,100042,100,99954,100,100087,300,99927,100,100102,100,99830,100,100168,100,99819,100,,,,,,,,,,,,,,,,
2019-06-28 09:30:00.000000022,100022,100,100016,100,100034,100,99972,100,100042,100,99954,100,100087,300,99927,100,100102,100,99882,100,100168,100,99830,100,,,99819,100,,,,,,,,,,,,
2019-06-28 09:30:00.000000024,100022,100,100016,100,100034,100,99972,100,100042,100,99954,100,100087,400,99927,100,100102,100,99882,100,100168,100,99830,100,,,99819,100,,,,,,,,,,,,
2019-06-28 09:30:00.000000025,100022,100,100016,100,100034,100,99972,100,100042,100,99954,100,100087,500,99927,100,100102,100,99912,100,100138,100,99889,100,100168,100,99882,100,,,99830,100,,,99819,100,,,,
2019-06-28 09:30:00.000000026,100034,100,100016,100,100042,100,99972,100,100087,500,99954,100,100102,100,99927,100,100138,100,99912,100,100168,100,99889,100,100187,100,99882,100,,,99830,100,,,99819,100,,,,
2019-06-28 09:30:00.000000027,100034,100,100016,100,100042,100,99972,100,100087,500,99954,100,100102,100,99927,100,100138,100,99912,100,100166,100,99889,100,100168,100,99882,100,100187,100,99830,100,,,99819,100,,,,
2019-06-28 09:30:00.000000030,100034,100,100017,100,100042,100,100016,100,100087,500,99972,100,100102,100,99954,100,100138,100,99927,100,100166,100,99912,100,100168,100,99889,100,100187,100,99882,100,,,99830,100,,,99819,100
2019-06-28 09:30:00.000000031,100034,100,100017,100,100042,100,100016,100,100087,500,99972,100,100102,100,99954,100,100138,100,99927,100,100166,100,99912,100,100168,100,99889,100,100187,100,99882,100,,,99830,100,,,99819,100
2019-06-28 09:30:00.000000033,100034,100,100016,100,100042,100,99972,100,100087,500,99954,100,100102,100,99927,100,100138,100,99912,100,100166,100,99889,100,100168,100,99882,100,100187,100,99830,100,,,99819,100,,,,
2019-06-28 09:30:00.000000035,100034,100,99972,100,100042,100,99954,100,100087,500,99927,100,100102,100,99912,100,100138,100,99889,100,100166,100,99882,100,100168,100,99830,100,100187,100,99822,100,,,99819,100,,,,
2019-06-28 09:30:00.000000038,100034,100,99974,100,100042,100,99972,100,100087,500,99954,100,100102,100,99927,100,100138,100,99912,100,100166,100,99889,100,100168,100,99882,100,100187,100,99830,100,,,99822,100,,,99819,100
2019-06-28 09:30:00.000000039,100034,100,99974,100,100042,100,99972,100,100087,500,99954,100,100102,100,99927,100,100138,100,99912,100,100166,100,99889,100,100168,100,99882,100,100187,100,99830,100,,,99822,100,,,99819,100
2019-06-28 09:30:00.000000044,100017,100,99974,100,100034,100,99972,100,100042,100,99954,100,100087,500,99927,100,100102,100,99912,100,100138,100,99889,100,100166,100,99882,100,100168,100,99830,100,100187,100,99828,100,,,99824,100
2019-06-28 09:30:00.000000045,100017,200,99974,100,100034,100,99972,100,100042,100,99954,100,100087,500,99927,100,100102,100,99912,100,100138,100,99889,100,100166,100,99882,100,100168,100,99830,100,100187,100,99828,100,,,99824,100
2019-06-28 09:30:00.000000046,100017,300,99974,100,100034,100,99972,100,100042,100,99954,100,100087,500,99927,100,100102,100,99912,100,100138,100,99889,100,100166,100,99882,100,100168,100,99830,100,100187,100,99828,100,,,99824,100
2019-06-28 09:30:00.000000047,100017,300,100015,100,100034,100,99974,100,100042,100,99972,100,100087,500,99954,100,100102,100,99927,100,100138,100,99912,100,100166,100,99889,100,100168,100,99882,100,100187,100,99830,100,,,99828,100
2019-06-28 09:30:00.000000050,100017,300,100015,100,100034,100,99989,100,100042,100,99974,100,100087,500,99972,100,100102,100,99954,100,100138,100,99927,100,100166,100,99912,100,100168,100,99906,100,100187,100,99889,100,,,99882,100
2019-06-28 09:30:00.000000052,100017,300,99989,100,100034,100,99974,100,100042,100,99972,100,100087,500,99954,100,100102,100,99927,100,100138,100,99912,100,100166,100,99906,100,100168,100,99889,100,100187,100,99882,100,,,99830,100
2019-06-28 09:30:00.000000054,100017,300,99989,100,100034,100,99974,100,100042,100,99972,100,100087,500,99954,100,100102,100,99927,100,100138,100,99912,100,100166,100,99906,100,100168,100,99889,100,100187,100,99882,100,,,99830,100
2019-06-28 09:30:00.000000055,100017,300,99989,100,100034,100,99974,100,100042,100,99972,100,100076,100,99954,100,100087,500,99927,100,100102,100,99912,100,100138,100,99906,100,100166,100,99889,100,100168,100,99882,100,100187,100,99830,100
2019-06-28 09:30:00.000000057,100017,300,99989,100,100034,100,99974,100,100042,100,99972,100,100055,100,99954,100,100076,100,99927,100,100086,100,99912,100,100087,500,99906,100,100102,100,99889,100,100138,100,99882,100,100166,100,99830,100
2019-06-28 09:30:00.000000063,100017,300,99989,100,100034,100,99974,100,100042,100,99972,100,100055,100,99954,100,100076,100,99927,100,100086,100,99912,100,100087,500,99906,100,100102,100,99889,100,100113,100,99882,100,100138,100,99830,100
2019-06-28 09:30:00.000000064,100017,300,99989,100,100034,100,99974,100,100042,100,99972,100,100055,100,99954,100,100076,100,99927,100,100086,100,99912,100,100087,500,99906,100,100102,100,99889,100,100113,100,99882,100,100138,100,99830,100
2019-06-28 09:30:00.000000065,100016,100,99989,100,100017,300,99974,100,100034,100,99972,100,100042,100,99954,100,100055,100,99927,100,100076,100,99912,100,100086,100,99906,100,100087,500,99889,100,100102,100,99882,100,100113,100,99830,100
2019-06-28 09:30:00.000000068,100016,100,99989,100,100017,300,99974,100,100034,100,99972,100,100042,100,99954,100,100055,100,99927,100,100064,100,99912,100,100076,100,99906,100,100086,100,99889,100,100087,500,99882,100,100095,100,99830,100
2019-06-28 09:30:00.000000073,100016,100,99989,100,100017,300,99974,200,100034,100,99972,100,100042,100,99954,100,100055,100,99927,100,100064,100,99912,100,100076,100,99906,100,100086,100,99889,100,100087,500,99882,100,100095,100,99830,100
2019-06-28 09:30:00.000000077,100016,100,99989,100,100017,300,99974,200,100034,100,99972,100,100042,100,99963,100,100055,100,99954,100,100064,100,99927,100,100076,100,99912,100,100086,100,99906,100,100087,500,99889,100,100095,100,99882,100
2019-06-28 09:30:00.000000079,100016,100,99993,100,100017,300,99989,100,100034,100,99974,200,100042,100,99972,100,100055,100,99963,100,100064,100,99954,100,100076,100,99927,100,100086,100,99912,100,100087,500,99906,100,100095,100,99889,100
2019-06-28 09:30:00.000000084,100016,100,99993,100,100017,300,99989,100,100034,100,99974,200,100042,100,99972,100,100055,100,99963,100,100064,100,99954,100,100076,100,99927,100,100086,100,99912,100,100087,500,99907,100,100095,100,99906,100
2019-06-28 09:30:00.000000086,100016,100,99993,100,100017,300,99989,100,100034,100,99974,200,100042,100,99972,100,100055,100,99963,100,100064,100,99954,100,100076,100,99949,100,100086,100,99927,100,100087,500,99912,100,100095,100,99907,100
2019-06-28 09:30:00.000000089,100016,100,99993,100,100017,300,99989,100,100034,100,99974,200,100042,100,99972,100,100055,100,99963,100,100058,100,99954,100,100064,100,99949,100,100076,100,99927,100,100086,100,99912,100,100087,500,99907,100
2019-06-28 09:30:00.000000093,100016,100,100002,100,100017,300,99993,100,100034,100,99989,100,100042,100,99974,200,100055,100,99972,100,100058,100,99963,100,100064,100,99954,100,100076,100,99949,100,100086,100,99927,100,100087,500,99912,100
2019-06-28 09:30:00.000000094,100016,100,100002,100,100017,300,99993,100,100034,100,99989,100,100039,100,99974,200,100040,100,99972,100,100042,100,99963,100,100055,100,99954,100,100058,100,99949,100,100064,100,99927,100,100076,100,99912,100
2019-06-28 09:30:00.000000097,100016,100,100002,100,100017,300,99993,100,100034,100,99989,100,100039,100,99974,200,100040,100,99972,100,100042,100,99963,100,100055,100,99954,100,100058,100,99949,100,100064,100,99927,100,100076,100,99912,100
2019-06-28 09:30:03.284991757,100016,100,100015,100,100017,200,100002,100,100034,100,99993,100,100039,100,99989,100,100040,100,99974,200,100042,100,99972,100,100055,100,99963,100,100058,100,99954,100,100064,100,99949,100,100076,100,99927,100
2019-06-28 09:30:10.000000000,100016,175,100015,175,100017,275,100002,175,100034,175,99993,175,100039,175,99989,175,100040,175,99974,275,100042,100,99972,100,100055,100,99963,100,100058,100,99954,100,100064,100,99949,100,100076,100,99927,100
2019-06-28 09:30:12.076757017,100016,175,100015,75,100017,275,100002,175,100034,175,99993,175,100039,175,99989,175,100040,175,99974,275,100042,100,99972,100,100055,100,99963,100,100058,100,99954,100,100064,100,99949,100,100076,100,99927,100
2019-06-28 09:30:20.000000000,100016,193,100002,193,100017,293,99993,193,100034,193,99989,193,100039,193,99974,293,100040,100,99972,100,100042,100,99963,100,100055,100,99954,100,100058,100,99949,100,100064,100,99927,100,100076,100,99912,100
2019-06-28 09:30:30.000000000,100016,286,100002,286,100017,386,99993,286,100034,100,99989,100,100039,100,99974,200,100040,100,99972,100,100042,100,99963,100,100055,100,99954,100,100058,100,99949,100,100064,100,99927,100,100076,100,99912,100
2019-06-28 09:30:30.082978958,100016,286,100002,286,100017,386,99993,286,100034,100,99989,100,100039,100,99974,200,100040,100,99972,100,100042,100,99963,100,100055,100,99954,100,100058,100,99949,100,100064,100,99927,100,100076,100,99912,100
2019-06-28 09:30:32.954735685,100016,286,100002,286,100017,386,99993,286,100034,100,99989,100,100039,100,99974,200,100040,100,99972,100,100042,100,99963,100,100055,100,99954,100,100058,100,99949,100,100064,100,99927,100,100076,100,99912,100
2019-06-28 09:30:40.000000000,100016,193,100002,193,100017,293,99993,193,100034,193,99989,193,100039,193,99974,293,100040,100,99972,100,100042,100,99963,100,100055,100,99954,100,100058,100,99949,100,100064,100,99927,100,100076,100,99912,100
2019-06-28 09:30:50.000000000,100016,193,100002,193,100017,293,99993,193,100034,193,99989,193,100039,193,99974,293,100040,100,99972,100,100042,100,99963,100,100055,100,99954,100,100058,100,99949,100,100064,100,99927,100,100076,100,99912,100
2019-06-28 09:30:56.411159375,100016,193,100002,93,100017,293,99993,193,100034,193,99989,193,100039,193,99974,293,100040,100,99972,100,100042,100,99963,100,100055,100,99954,100,100058,100,99949,100,100064,100,99927,100,100076,100,99912,100
2019-06-28 09:31:00.000000000,100016,227,99993,227,100017,323,99989,223,100034,223,99974,323,100039,100,99972,100,100040,100,99963,100,100042,100,99954,100,100055,100,99949,100,100058,100,99927,100,100064,100,99912,100,100076,100,99907,100
2019-06-28 09:31:07.235228093,100016,127,99993,227,100017,323,99989,223,100034,223,99974,323,100039,100,99972,100,100040,100,99963,100,100042,100,99954,100,100055,100,99949,100,100058,100,99927,100,100064,100,99912,100,100076,100,99907,100
2019-06-28 09:31:10.000000000,100017,293,99993,193,100034,193,99989,193,100039,193,99974,293,100040,193,99972,193,100042,100,99963,100,100055,100,99954,100,100058,100,99949,100,100064,100,99927,100,100076,100,99912,100,100087,500,99907,100
2019-06-28 09:31:19.317764172,100017,293,99993,193,100034,193,99989,193,100039,193,99974,293,100040,193,99972,193,100042,100,99963,100,100055,100,99949,100,100058,100,99927,100,100064,100,99912,100,100076,100,99907,100,100087,500,99906,100
2019-06-28 09:31:20.000000000,100017,275,99993,175,100034,175,99989,175,100039,175,99974,275,100040,175,99972,175,100042,175,99963,175,100055,100,99949,100,100058,100,99927,100,100064,100,99912,100,100076,100,99907,100,100087,500,99906,100
2019-06-28 09:31:30.000000000,100017,275,99993,175,100034,175,99989,175,100039,175,99974,275,100040,175,99972,175,100042,175,99963,175,100055,100,99949,100,100058,100,99927,100,100064,100,99912,100,100076,100,99907,100,100087,500,99906,100
2019-06-28 09:31:32.717769893,100017,275,99993,175,100034,175,99989,175,100039,175,99974,275,100040,175,99972,175,100042,175,99963,175,100055,100,99949,100,100058,100,99927,100,100064,100,99912,100,100076,100,99907,100,100087,500,99906,100
2019-06-28 09:31:40.000000000,100017,327,99993,227,100034,223,99989,223,100039,223,99974,323,100040,100,99972,100,100042,100,99963,100,100055,100,99949,100,100058,100,99927,100,100064,100,99912,100,100076,100,99907,100,100087,500,99906,100
2019-06-28 09:31:50.000000000,100017,275,99993,175,100034,175,99989,175,100039,175,99974,275,100040,175,99972,175,100042,175,99963,175,100055,100,99949,100,100058,100,99927,100,100064,100,99912,100,100076,100,99907,100,100087,500,99906,100
2019-06-28 09:32:00.000000000,100017,327,99993,227,100034,223,99989,223,100039,223,99974,323,100040,100,99972,100,100042,100,99963,100,100055,100,99949,100,100058,100,99927,100,100064,100,99912,100,100076,100,99907,100,100087,500,99906,100
2019-06-28 09:32:10.000000000,100017,275,99993,175,100034,175,99989,175,100039,175,99974,275,100040,175,99972,175,100042,175,99963,175,100055,100,99949,100,100058,100,99927,100,100064,100,99912,100,100076,100,99907,100,100087,500,99906,100
2019-06-28 09:32:18.290919915,100017,275,100012,100,100034,175,99993,175,100039,175,99989,175,100040,175,99974,275,100042,175,99972,175,100055,100,99963,175,100058,100,99949,100,100064,100,99927,100,100076,100,99912,100,100087,500,99907,100
2019-06-28 09:32:20.000000000,100017,386,100012,286,100034,286,99993,286,100039,100,99989,100,100040,100,99974,200,100042,100,99972,100,100055,100,99963,100,100058,100,99949,100,100064,100,99927,100,100076,100,99912,100,100087,500,99907,100
2019-06-28 09:32:28.927319253,100017,386,100012,286,100034,286,99993,286,100039,100,99989,100,100040,100,99974,200,100042,100,99972,100,100055,100,99963,100,100058,100,99949,100,100064,100,99927,100,100076,100,99912,100,100087,500,99907,100
2019-06-28 09:32:30.000000000,100017,327,100012,227,100034,223,99993,223,100039,223,99989,223,100040,100,99974,200,100042,100,99972,100,100055,100,99963,100,100058,100,99949,100,100064,100,99927,100,100076,100,99912,100,100087,500,99907,100
2019-06-28 09:32:33.895060165,100017,327,100012,227,100034,223,99993,223,100039,223,99989,223,100040,100,99974,200,100042,100,99972,100,100055,100,99963,100,100058,100,99949,100,100064,100,99927,100,100076,100,99912,100,100087,400,99907,100
2019-06-28 09:32:40.000000000,100017,573,100012,473,100034,100,99993,100,100039,100,99989,100,100040,100,99974,200,100042,100,99972,100,100055,100,99963,100,100058,100,99949,100,100064,100,99927,100,100076,100,99912,100,100087,400,99907,100
2019-06-28 09:32:48.333197498,100017,573,100012,473,100034,100,99993,100,100039,100,99989,100,100040,100,99974,200,100042,100,99972,100,100055,100,99963,100,100058,100,99949,100,100064,100,99927,100,100076,100,99912,100,100087,400,99907,100
2019-06-28 09:32:50.000000000,100017,293,100012,193,100034,193,99993,193,100039,193,99989,193,100040,193,99974,293,100042,100,99972,100,100055,100,99963,100,100058,100,99949,100,100064,100,99927,100,100076,100,99912,100,100087,400,99907,100
2019-06-28 09:32:58.137350059,100017,193,100012,193,100034,193,99993,193,100039,193,99989,193,100040,193,99974,293,100042,100,99972,100,100055,100,99963,100,100058,100,99949,100,100064,100,99927,100,100076,100,99912,100,100087,400,99907,100
2019-06-28 09:33:00.000000000,100017,286,100012,286,100034,286,99993,286,100039,100,99989,100,100040,100,99974,200,100042,100,99972,100,100055,100,99963,100,100058,100,99949,100,100064,100,99927,100,100076,100,99912,100,100087,400,99907,100
2019-06-28 09:33:06.092669436,100017,186,100012,286,100034,286,99993,286,100039,100,99989,100,100040,100,99974,200,100042,100,99972,100,100055,100,99963,100,100058,100,99949,100,100064,100,99927,100,100076,100,99912,100,100087,400,99907,100
2019-06-28 09:33:10.000000000,100034,286,100012,286,100039,286,99993,286,100040,100,99989,100,100042,100,99974,200,100055,100,99972,100,100058,100,99963,100,100064,100,99949,100,100076,100,99927,100,100087,400,99912,100,100095,100,99907,100
2019-06-28 09:33:20.000000000,100034,193,100012,193,100039,193,99993,193,100040,193,99989,193,100042,193,99974,293,100055,100,99972,100,100058,100,99963,100,100064,100,99949,100,100076,100,99927,100,100087,400,99912,100,100095,100,99907,100
2019-06-28 09:33:30.000000000,100034,473,100012,473,100039,100,99993,100,100040,100,99989,100,100042,100,99974,200,100055,100,99972,100,100058,100,99963,100,100064,100,99949,100,100076,100,99927,100,100087,400,99912,100,100095,100,99907,100
2019-06-28 09:33:40.000000000,100034,227,100012,227,100039,223,99993,223,100040,223,99989,223,100042,100,99974,200,100055,100,99972,100,100058,100,99963,100,100064,100,99949,100,100076,100,99927,100,100087,400,99912,100,100095,100,99907,100
2019-06-28 09:33:50.000000000,100034,473,100012,473,100039,100,99993,100,100040,100,99989,100,100042,100,99974,200,100055,100,99972,100,100058,100,99963,100,100064,100,99949,100,100076,100,99927,100,100087,400,99912,100,100095,100,99907,100
2019-06-28 09:34:00.000000000,100034,286,100012,286,100039,286,99993,286,100040,100,99989,100,100042,100,99974,200,100055,100,99972,100,100058,100,99963,100,100064,100,99949,100,100076,100,99927,100,100087,400,99912,100,100095,100,99907,100
2019-06-28 09:34:04.283135658,100034,286,100017,100,100039,286,100012,286,100040,100,99993,286,100042,100,99989,100,100055,100,99974,200,100058,100,99972,100,100064,100,99963,100,100076,100,99949,100,100087,400,99927,100,100095,100,99912,100
2019-06-28 09:34:10.000000000,100034,193,100017,193,100039,193,100012,193,100040,193,99993,193,100042,193,99989,193,100055,100,99974,200,100058,100,99972,100,100064,100,99963,100,100076,100,99949,100,100087,400,99927,100,100095,100,99912,100
2019-06-28 09:34:20.000000000,100034,286,100017,286,100039,286,100012,286,100040,100,99993,100,100042,100,99989,100,100055,100,99974,200,100058,100,99972,100,100064,100,99963,100,100076,100,99949,100,100087,400,99927,100,100095,100,99912,100
2019-06-28 09:34:24.763906229,100034,286,100017,286,100039,286,100012,286,100040,100,99993,100,100042,100,99989,100,100055,100,99974,200,100058,100,99972,100,100064,100,99963,100,100076,100,99949,100,100087,400,99932,100,100095,100,99927,100
2019-06-28 09:34:30.000000000,100034,473,100017,473,100039,100,100012,100,100040,100,99993,100,100042,100,99989,100,100055,100,99974,200,100058,100,99972,100,100064,100,99963,100,100076,100,99949,100,100087,400,99932,100,100095,100,99927,100
2019-06-28 09:34:40.000000000,100034,175,100017,175,100039,175,100012,175,100040,175,99993,175,100042,175,99989,175,100055,175,99974,275,100058,100,99972,100,100064,100,99963,100,100076,100,99949,100,100087,400,99932,100,100095,100,99927,100
2019-06-28 09:34:40.667141355,100034,175,100017,175,100039,175,100012,175,100040,175,99993,175,100042,175,99989,175,100055,175,99974,175,100058,100,99972,100,100064,100,99963,100,100076,100,99949,100,100087,400,99932,100,100095,100,99927,100
2019-06-28 09:34:50.000000000,100034,227,100017,227,100039,223,100012,223,100040,223,99993,223,100042,100,99989,100,100055,100,99974,100,100058,100,99972,100,100064,100,99963,100,100076,100,99949,100,100087,400,99932,100,100095,100,99927,100
2019-06-28 09:35:00.000000000,100034,175,100017,175,100039,175,100012,175,100040,175,99993,175,100042,175,99989,175,100055,175,99974,175,100058,100,99972,100,100064,100,99963,100,100076,100,99949,100,100087,400,99932,100,100095,100,99927,100
2019-06-28 09:35:10.000000000,100034,473,100017,473,100039,100,100012,100,100040,100,99993,100,100042,100,99989,100,100055,100,99974,100,100058,100,99972,100,100064,100,99963,100,100076,100,99949,100,100087,400,99932,100,100095,100,99927,100
2019-06-28 09:35:11.027574546,100034,473,100017,473,100039,100,100012,100,100040,100,99993,100,100042,100,99989,100,100055,100,99974,100,100058,100,99972,100,100064,100,99963,100,100076,100,99949,100,100087,400,99932,100,100095,100,99927,100
2019-06-28 09:35:20.000000000,100034,193,100017,193,100039,193,100012,193,100040,193,99993,193,100042,193,99989,193,100055,100,99974,100,100058,100,99972,100,100064,100,99963,100,100076,100,99949,100,100087,400,99932,100,100095,100,99927,100
2019-06-28 09:35:23.721325181,100034,193,100018,100,100039,193,100017,193,100040,193,100012,193,100042,193,99993,193,100055,100,99989,193,100058,100,99974,100,100064,100,99972,100,100076,100,99963,100,100087,400,99949,100,100095,100,99932,100
2019-06-28 09:35:30.000000000,100034,227,100018,227,100039,223,100017,223,100040,223,100012,223,100042,100,99993,100,100055,100,99989,100,100058,100,99974,100,100064,100,99972,100,100076,100,99963,100,100087,400,99949,100,100095,100,99932,100
2019-06-28 09:35:40.000000000,100034,286,100018,286,100039,286,100017,286,100040,100,100012,100,100042,100,99993,100,100055,100,99989,100,100058,100,99974,100,100064,100,99972,100,100076,100,99963,100,100087,400,99949,100,100095,100,99932,100
2019-06-28 09:35:42.611708438,100034,286,100018,186,100039,286,100017,286,100040,100,100012,100,100042,100,99993,100,100055,100,99989,100,100058,100,99974,100,100064,100,99972,100,100076,100,99963,100,100087,400,99949,100,100095,100,99932,100
2019-06-28 09:35:50.000000000,100034,286,100017,286,100039,286,100012,286,100040,100,99993,100,100042,100,99989,100,100055,100,99974,100,100058,100,99972,100,100064,100,99963,100,100076,100,99949,100,100087,400,99932,100,100095,100,99927,100
2019-06-28 09:36:00.000000000,100034,193,100017,193,100039,193,100012,193,100040,193,99993,193,100042,193,99989,193,100055,100,99974,100,100058,100,99972,100,100064,100,99963,100,100076,100,99949,100,100087,400,99932,100,100095,100,99927,100
2019-06-28 09:36:10.000000000,100034,473,100017,473,100039,100,100012,100,100040,100,99993,100,100042,100,99989,100,100055,100,99974,100,100058,100,99972,100,100064,100,99963,100,100076,100,99949,100,100087,400,99932,100,100095,100,99927,100
2019-06-28 09:36:19.044713563,100034,473,100017,473,100039,100,100012,100,100040,100,99993,100,100042,100,99989,100,100055,100,99974,100,100058,100,99972,100,100064,100,99963,100,100076,100,99949,100,100087,400,99932,100,100095,100,99927,100
2019-06-28 09:36:20.000000000,100034,175,100017,175,100039,175,100012,175,100040,175,99993,175,100042,175,99989,175,100055,175,99974,175,100058,100,99972,100,100064,100,99963,100,100076,100,99949,100,100087,400,99932,100,100095,100,99927,100
2019-06-28 09:36:23.741534095,100034,175,100017,175,100039,175,100012,175,100040,175,99993,175,100042,175,99989,175,100055,175,99974,175,100058,100,99972,100,100064,100,99963,100,100076,100,99949,100,100087,400,99932,100,100095,100,99927,100
2019-06-28 09:36:26.220973110,100034,175,100017,75,100039,175,100012,175,100040,175,99993,175,100042,175,99989,175,100055,175,99974,175,100058,100,99972,100,100064,100,99963,100,100076,100,99949,100,100087,400,99932,100,100095,100,99927,100
2019-06-28 09:36:30.000000000,100034,473,100012,473,100039,100,99993,100,100040,100,99989,100,100042,100,99974,100,100055,100,99972,100,100058,100,99963,100,100064,100,99949,100,100076,100,99932,100,100087,400,99927,100,100095,100,99907,100
2019-06-28 09:36:40.000000000,100034,286,100012,286,100039,286,99993,286,100040,100,99989,100,100042,100,99974,100,100055,100,99972,100,100058,100,99963,100,100064,100,99949,100,100076,100,99932,100,100087,400,99927,100,100095,100,99907,100
2019-06-28 09:36:50.000000000,100034,473,100012,473,100039,100,99993,100,100040,100,99989,100,100042,100,99974,100,100055,100,99972,100,100058,100,99963,100,100064,100,99949,100,100076,100,99932,100,100087,400,99927,100,100095,100,99907,100
2019-06-28 09:36:54.332067147,100034,473,100012,473,100039,100,99993,100,100040,100,99989,100,100042,100,99974,100,100055,100,99972,100,100058,100,99963,100,100064,100,99949,100,100076,100,99932,100,100087,400,99927,100,100095,100,99907,100
2019-06-28 09:37:00.000000000,100034,175,100012,175,100039,175,99993,175,100040,175,99989,175,100042,175,99974,175,100055,175,99972,175,100058,100,99963,100,100064,100,99949,100,100076,100,99932,100,100087,400,99927,100,100095,100,99907,100
2019-06-28 09:37:10.000000000,100034,193,100012,193,100039,193,99993,193,100040,193,99989,193,100042,193,99974,193,100055,100,99972,100,100058,100,99963,100,100064,100,99949,100,100076,100,99932,100,100087,400,99927,100,100095,100,99907,100
2019-06-28 09:37:15.614477809,100018,100,100012,193,100034,193,99993,193,100039,193,99989,193,100040,193,99974,193,100042,193,99972,100,100055,100,99963,100,100058,100,99949,100,100064,100,99932,100,100076,100,99927,100,100087,400,99907,100
2019-06-28 09:37:20.000000000,100018,193,100012,193,100034,193,99993,193,100039,193,99989,193,100040,193,99974,193,100042,100,99972,100,100055,100,99963,100,100058,100,99949,100,100064,100,99932,100,100076,100,99927,100,100087,400,99907,100
2019-06-28 09:37:30.000000000,100018,473,100012,473,100034,100,99993,100,100039,100,99989,100,100040,100,99974,100,100042,100,99972,100,100055,100,99963,100,100058,100,99949,100,100064,100,99932,100,100076,100,99927,100,100087,400,99907,100
2019-06-28 09:37:40.000000000,100018,227,100012,227,100034,223,99993,223,100039,223,99989,223,100040,100,99974,100,100042,100,99972,100,100055,100,99963,100,100058,100,99949,100,100064,100,99932,100,100076,100,99927,100,100087,400,99907,100
2019-06-28 09:37:50.000000000,100018,286,100012,286,100034,286,99993,286,100039,100,99989,100,100040,100,99974,100,100042,100,99972,100,100055,100,99963,100,100058,100,99949,100,100064,100,99932,100,100076,100,99927,100,100087,400,99907,100
2019-06-28 09:37:50.672566642,100018,286,100012,286,100034,286,99993,286,100039,100,99989,100,100040,100,99974,100,100042,100,99972,100,100055,100,99963,100,100058,100,99949,100,100064,100,99932,100,100076,100,99927,100,100087,400,99907,100
2019-06-28 09:38:00.000000000,100018,473,100012,473,100034,100,99993,100,100039,100,99989,100,100040,100,99974,100,100042,100,99972,100,100055,100,99963,100,100058,100,99949,100,100064,100,99932,100,100076,100,99927,100,100087,400,99907,100
2019-06-28 09:38:04.266138261,100018,473,100012,373,100034,100,99993,100,100039,100,99989,100,100040,100,99974,100,100042,100,99972,100,100055,100,99963,100,100058,100,99949,100,100064,100,99932,100,100076,100,99927,100,100087,400,99907,100
2019-06-28 09:38:08.257216795,100018,473,100012,373,100034,100,99993,100,100039,100,99989,100,100040,100,99974,100,100042,100,99972,100,100055,100,99963,100,100058,100,99932,100,100064,100,99927,100,100076,100,99907,100,100087,400,99906,100
2019-06-28 09:38:10.000000000,100018,286,99993,286,100034,286,99989,286,100039,100,99974,100,100040,100,99972,100,100042,100,99963,100,100055,100,99932,100,100058,100,99927,100,100064,100,99907,100,100076,100,99906,100,100087,400,99899,100
2019-06-28 09:38:20.000000000,100018,286,99993,286,100034,286,99989,286,100039,100,99974,100,100040,100,99972,100,100042,100,99963,100,100055,100,99932,100,100058,100,99927,100,100064,100,99907,100,100076,100,99906,100,100087,400,99899,100
2019-06-28 09:38:22.592975357,100017,100,99993,286,100018,286,99989,286,100034,286,99974,100,100039,100,99972,100,100040,100,99963,100,100042,100,99932,100,100055,100,99927,100,100058,100,99907,100,100064,100,99906,100,100076,100,99899,100
2019-06-28 09:38:30.000000000,100017,193,99993,193,100018,193,99989,193,100034,193,99974,193,100039,193,99972,193,100040,100,99963,100,100042,100,99932,100,100055,100,99927,100,100058,100,99907,100,100064,100,99906,100,100076,100,99899,100
2019-06-28 09:38:40.000000000,100017,286,99993,286,100018,286,99989,286,100034,100,99974,100,100039,100,99972,100,100040,100,99963,100,100042,100,99932,100,100055,100,99927,100,100058,100,99907,100,100064,100,99906,100,100076,100,99899,100
2019-06-28 09:38:47.382900745,100017,286,99993,286,100018,286,99989,286,100034,100,99974,100,100039,100,99972,100,100040,100,99963,100,100042,100,99932,100,100055,100,99927,100,100058,100,99907,100,100064,100,99906,100,100076,100,99899,100
2019-06-28 09:38:50.000000000,100017,175,99993,175,100018,175,99989,175,100034,175,99974,175,100039,175,99972,175,100040,175,99963,175,100042,100,99932,100,100055,100,99927,100,100058,100,99907,100,100064,100,99906,100,100076,100,99899,100
2019-06-28 09:38:52.157036359,100017,175,99993,175,100018,175,99989,175,100034,175,99974,175,100039,175,99972,175,100040,175,99963,175,100042,100,99932,100,100055,100,99927,100,100058,100,99907,100,100064,100,99906,100,100076,100,99899,100
2019-06-28 09:39:00.000000000,100017,227,99993,227,100018,223,99989,223,100034,223,99974,223,100039,100,99972,100,100040,100,99963,100,100042,100,99932,100,100055,100,99927,100,100058,100,99907,100,100064,100,99906,100,100076,100,99899,100
2019-06-28 09:39:10.000000000,100017,473,99993,473,100018,100,99989,100,100034,100,99974,100,100039,100,99972,100,100040,100,99963,100,100042,100,99932,100,100055,100,99927,100,100058,100,99907,100,100064,100,99906,100,100076,100,99899,100
2019-06-28 09:39:20.000000000,100017,175,99993,175,100018,175,99989,175,100034,175,99974,175,100039,175,99972,175,100040,175,99963,175,100042,100,99932,100,100055,100,99927,100,100058,100,99907,100,100064,100,99906,100,100076,100,99899,100
2019-06-28 09:39:30.000000000,100017,227,99993,227,100018,223,99989,223,100034,223,99974,223,100039,100,99972,100,100040,100,99963,100,100042,100,99932,100,100055,100,99927,100,100058,100,99907,100,100064,100,99906,100,100076,100,99899,100
2019-06-28 09:39:40.000000000,100017,175,99993,175,100018,175,99989,175,100034,175,99974,175,100039,175,99972,175,100040,175,99963,175,100042,100,99932,100,100055,100,99927,100,100058,100,99907,100,100064,100,99906,100,100076,100,99899,100
2019-06-28 09:39:50.000000000,100017,473,99993,473,100018,100,99989,100,100034,100,99974,100,100039,100,99972,100,100040,100,99963,100,100042,100,99932,100,100055,100,99927,100,100058,100,99907,100,100064,100,99906,100,100076,100,99899,100
2019-06-28 09:40:00.000000000,100017,227,99993,227,100018,223,99989,223,100034,223,99974,223,100039,100,99972,100,100040,100,99963,100,100042,100,99932,100,100055,100,99927,100,100058,100,99907,100,100064,100,99906,100,100076,100,99899,100
2019-06-28 09:40:06.488238724,100017,227,99993,227,100018,223,99989,223,100034,223,99974,223,100039,100,99963,100,100040,100,99932,100,100042,100,99927,100,100055,100,99907,100,100058,100,99906,100,100064,100,99899,100,100076,100,99884,100
2019-06-28 09:40:10.000000000,100017,473,99993,473,100018,100,99989,100,100034,100,99974,100,100039,100,99963,100,100040,100,99932,100,100042,100,99927,100,100055,100,99907,100,100058,100,99906,100,100064,100,99899,100,100076,100,99884,100
2019-06-28 09:40:15.030373346,100017,473,99993,473,100018,100,99989,100,100039,100,99974,100,100040,100,99963,100,100042,100,99932,100,100055,100,99927,100,100058,100,99907,100,100064,100,99906,100,100076,100,99899,100,100087,400,99884,100
2019-06-28 09:40:17.494170982,100017,473,99993,473,100018,100,99989,100,100039,100,99974,100,100040,100,99963,100,100042,100,99932,100,100055,100,99927,100,100058,100,99907,100,100064,100,99906,100,100076,100,99899,100,100087,400,99884,100
2019-06-28 09:40:20.000000000,100017,193,99993,193,100018,193,99989,193,100039,193,99974,193,100040,193,99963,193,100042,100,99932,100,100055,100,99927,100,100058,100,99907,100,100064,100,99906,100,100076,100,99899,100,100087,400,99884,100
2019-06-28 09:40:26.122075429,100017,293,99993,193,100018,193,99989,193,100039,193,99974,193,100040,193,99963,193,100042,100,99932,100,100055,100,99927,100,100058,100,99907,100,100064,100,99906,100,100076,100,99899,100,100087,300,99884,100
2019-06-28 09:40:30.000000000,100017,275,99993,175,100018,175,99989,175,100039,175,99974,175,100040,175,99963,175,100042,175,99932,175,100055,100,99927,100,100058,100,99907,100,100064,100,99906,100,100076,100,99899,100,100087,300,99884,100
2019-06-28 09:40:34.094428985,100017,375,99993,175,100018,175,99989,175,100039,175,99974,175,100040,175,99963,175,100042,175,99932,175,100055,100,99927,100,100058,100,99907,100,100064,100,99906,100,100076,100,99899,100,100087,300,99884,100
2019-06-28 09:40:35.378968335,100017,475,99993,175,100018,175,99989,175,100039,175,99974,175,100040,175,99963,175,100042,175,99932,175,100055,100,99927,100,100058,100,99907,100,100064,100,99906,100,100076,100,99899,100,100087,300,99884,100
2019-06-28 09:40:40.000000000,100017,475,99993,175,100018,175,99989,175,100039,175,99974,175,100040,175,99963,175,100042,175,99932,175,100055,100,99927,100,100058,100,99907,100,100064,100,99906,100,100076,100,99899,100,100087,300,99884,100
2019-06-28 09:40:50.000000000,100017,475,99993,175,100018,175,99989,175,100039,175,99974,175,100040,175,99963,175,100042,175,99932,175,100055,100,99927,100,100058,100,99907,100,100064,100,99906,100,100076,100,99899,100,100087,300,99884,100
2019-06-28 09:40:54.045068914,100017,475,99993,175,100018,175,99989,175,100039,175,99974,175,100040,175,99963,175,100042,175,99932,175,100055,100,99927,100,100058,100,99906,100,100064,100,99899,100,100076,100,99884,100,100087,300,99866,100
2019-06-28 09:41:00.000000000,100017,586,99993,286,100018,286,99989,286,100039,100,99974,100,100040,100,99963,100,100042,100,99932,100,100055,100,99927,100,100058,100,99906,100,100064,100,99899,100,100076,100,99884,100,100087,300,99866,100
2019-06-28 09:41:10.000000000,100017,475,99993,175,100018,175,99989,175,100039,175,99974,175,100040,175,99963,175,100042,175,99932,175,100055,100,99927,100,100058,100,99906,100,100064,100,99899,100,100076,100,99884,100,100087,300,99866,100
2019-06-28 09:41:12.669217886,100017,475,99993,75,100018,175,99989,175,100039,175,99974,175,100040,175,99963,175,100042,175,99932,175,100055,100,99927,100,100058,100,99906,100,100064,100,99899,100,100076,100,99884,100,100087,300,99866,100
2019-06-28 09:41:15.661595043,99993,25,99989,175,100017,475,99974,175,100018,175,99963,175,100039,175,99932,175,100040,175,99927,100,100042,175,99899,100,100055,100,99884,100,100058,100,99866,100,100064,100,99828,100,100076,100,99822,100
2019-06-28 09:41:20.000000000,99993,100,99989,175,100017,475,99974,175,100018,175,99963,175,100039,175,99932,175,100040,175,99927,175,100042,100,99899,100,100055,100,99884,100,100058,100,99866,100,100064,100,99828,100,100076,100,99822,100
2019-06-28 09:41:24.691887807,99993,100,99989,175,100017,475,99974,175,100018,175,99963,175,100039,175,99932,175,100040,175,99927,75,100042,100,99899,100,100055,100,99884,100,100058,100,99866,100,100064,100,99828,100,100076,100,99822,100
2019-06-28 09:41:30.000000000,99993,152,99989,227,100017,523,99974,223,100018,223,99963,223,100039,100,99932,100,100040,100,99899,100,100042,100,99884,100,100055,100,99866,100,100058,100,99828,100,100064,100,99822,100,100076,100,99789,100
2019-06-28 09:41:30.533465963,99993,152,99989,127,100017,523,99974,223,100018,223,99963,223,100039,100,99932,100,100040,100,99899,100,100042,100,99884,100,100055,100,99866,100,100058,100,99828,100,100064,100,99822,100,100076,100,99789,100
2019-06-28 09:41:40.000000000,99993,398,99974,473,100017,400,99963,100,100018,100,99932,100,100039,100,99899,100,100040,100,99884,100,100042,100,99866,100,100055,100,99828,100,100058,100,99822,100,100064,100,99789,100,100076,100,99697,100
2019-06-28 09:41:40.287833045,99993,398,99974,373,100017,400,99963,100,100018,100,99932,100,100039,100,99899,100,100040,100,99884,100,100042,100,99866,100,100055,100,99828,100,100058,100,99822,100,100064,100,99789,100,100076,100,99697,100
2019-06-28 09:41:50.000000000,99993,211,99963,286,100017,586,99932,286,100018,100,99899,100,100039,100,99884,100,100040,100,99866,100,100042,100,99828,100,100055,100,99822,100,100058,100,99789,100,100064,100,99697,100,100076,100,98456,100
2019-06-28 09:42:00.000000000,99993,100,99963,175,100017,475,99932,175,100018,175,99899,175,100039,175,99884,175,100040,175,99866,175,100042,100,99828,100,100055,100,99822,100,100058,100,99789,100,100064,100,99697,100,100076,100,98456,100
2019-06-28 09:42:06.924762381,99993,100,99963,75,100017,475,99932,175,100018,175,99899,175,100039,175,99884,175,100040,175,99866,175,100042,100,99828,100,100055,100,99822,100,100058,100,99789,100,100064,100,99697,100,100076,100,98456,100
2019-06-28 09:42:10.000000000,99993,398,99932,473,100017,400,99899,100,100018,100,99884,100,100039,100,99866,100,100040,100,99828,100,100042,100,99822,100,100055,100,99789,100,100058,100,99697,100,100064,100,98456,100,100076,100,98407,100
2019-06-28 09:42:20.000000000,99993,152,99932,227,100017,523,99899,223,100018,223,99884,223,100039,100,99866,100,100040,100,99828,100,100042,100,99822,100,100055,100,99789,100,100058,100,99697,100,100064,100,98456,100,100076,100,98407,100
2019-06-28 09:42:26.823116417,99993,152,99932,127,100017,523,99899,223,100018,223,99884,223,100039,100,99866,100,100040,100,99828,100,100042,100,99822,100,100055,100,99789,100,100058,100,99697,100,100064,100,98456,100,100076,100,98407,100
2019-06-28 09:42:30.000000000,99993,118,99899,193,100017,493,99884,193,100018,193,99866,193,100039,193,99828,193,100040,100,99822,100,100042,100,99789,100,100055,100,99697,100,100058,100,98456,100,100064,100,98407,100,100076,100,98221,100
2019-06-28 09:42:40.000000000,99993,152,99899,227,100017,523,99884,223,100018,223,99866,223,100039,100,99828,100,100040,100,99822,100,100042,100,99789,100,100055,100,99697,100,100058,100,98456,100,100064,100,98407,100,100076,100,98221,100
2019-06-28 09:42:45.589087628,99993,152,99899,127,100017,523,99884,223,100018,223,99866,223,100039,100,99828,100,100040,100,99822,100,100042,100,99789,100,100055,100,99697,100,100058,100,98456,100,100064,100,98407,100,100087,300,98221,100
2019-06-28 09:42:48.506471128,99993,152,99899,127,100017,523,99884,223,100018,223,99866,223,100039,100,99828,100,100040,100,99822,100,100042,100,99789,100,100055,100,99697,100,100058,100,98456,100,100064,100,98407,100,100087,300,98221,100
2019-06-28 09:42:48.875482051,99993,152,99899,127,100017,523,99884,223,100018,123,99866,223,100039,100,99828,100,100040,100,99822,100,100042,100,99789,100,100055,100,99697,100,100058,100,98456,100,100064,100,98407,100,100087,300,98221,100
2019-06-28 09:42:50.000000000,99993,100,99884,175,100017,475,99866,175,100039,175,99828,175,100040,175,99822,175,100042,175,99789,175,100055,100,99697,100,100058,100,98456,100,100064,100,98407,100,100087,300,98221,100,100095,100,98097,100
2019-06-28 09:42:52.220350792,99993,100,99884,175,100017,475,99866,175,100039,175,99828,175,100040,175,99822,175,100042,175,99789,175,100055,100,99697,100,100058,100,98456,100,100064,100,98407,100,100087,300,98221,100,100095,100,98097,100
2019-06-28 09:43:00.000000000,99993,398,99884,473,100017,400,99866,100,100039,100,99828,100,100040,100,99822,100,100042,100,99789,100,100055,100,99697,100,100058,100,98456,100,100064,100,98407,100,100087,300,98221,100,100095,100,98097,100
2019-06-28 09:43:10.000000000,99993,398,99884,473,100017,400,99866,100,100039,100,99828,100,100040,100,99822,100,100042,100,99789,100,100055,100,99697,100,100058,100,98456,100,100064,100,98407,100,100087,300,98221,100,100095,100,98097,100
2019-06-28 09:43:14.737530961,99993,398,99884,373,100017,400,99866,100,100039,100,99828,100,100040,100,99822,100,100042,100,99789,100,100055,100,99697,100,100058,100,98456,100,100064,100,98407,100,100087,300,98221,100,100095,100,98097,100
2019-06-28 09:43:20.000000000,99993,100,99866,175,100017,475,99828,175,100039,175,99822,175,100040,175,99789,175,100042,175,99697,175,100055,100,98456,100,100058,100,98407,100,100064,100,98221,100,100087,300,98097,100,100095,100,97826,100
2019-06-28 09:43:25.743592656,99993,100,99866,175,100017,475,99828,175,100039,175,99822,175,100040,175,99789,175,100042,175,99697,175,100055,100,98456,100,100058,100,98407,100,100064,100,98221,100,100087,300,98097,100,100095,100,97826,100
2019-06-28 09:43:25.935236990,99993,100,99866,175,100017,475,99828,175,100039,175,99822,175,100040,175,99789,175,100042,175,99697,175,100055,100,98456,100,100058,100,98407,100,100064,100,98221,100,100087,200,98097,100,100095,100,97826,100
2019-06-28 09:43:30.000000000,99993,398,99866,473,100017,400,99828,100,100039,100,99822,100,100040,100,99789,100,100042,100,99697,100,100055,100,98456,100,100058,100,98407,100,100064,100,98221,100,100087,200,98097,100,100095,100,97826,100
2019-06-28 09:43:40.000000000,99993,152,99866,227,100017,523,99828,223,100039,223,99822,223,100040,100,99789,100,100042,100,99697,100,100055,100,98456,100,100058,100,98407,100,100064,100,98221,100,100087,200,98097,100,100095,100,97826,100
2019-06-28 09:43:50.000000000,99993,118,99866,193,100017,493,99828,193,100039,193,99822,193,100040,193,99789,193,100042,100,99697,100,100055,100,98456,100,100058,100,98407,100,100064,100,98221,100,100087,200,98097,100,100095,100,97826,100
2019-06-28 09:44:00.000000000,99993,100,99866,175,100017,475,99828,175,100039,175,99822,175,100040,175,99789,175,100042,175,99697,175,100055,100,98456,100,100058,100,98407,100,100064,100,98221,100,100087,200,98097,100,100095,100,97826,100
2019-06-28 09:44:02.425863560,99993,100,99866,75,100017,475,99828,175,100039,175,99822,175,100040,175,99789,175,100042,175,99697,175,100055,100,98456,100,100058,100,98407,100,100064,100,98221,100,100087,200,98097,100,100095,100,97826,100
2019-06-28 09:44:10.000000000,99993,398,99828,473,100017,400,99822,100,100039,100,99789,100,100040,100,99697,100,100042,100,98456,100,100055,100,98407,100,100058,100,98221,100,100064,100,98097,100,100087,200,97826,100,100095,100,97790,100
2019-06-28 09:44:14.614514872,99993,398,99828,473,100017,400,99822,100,100039,100,99697,100,100040,100,98456,100,100042,100,98407,100,100055,100,98221,100,100058,100,98097,100,100064,100,97953,100,100087,200,97826,100,100095,100,97790,100
2019-06-28 09:44:20.000000000,99993,211,99828,286,100017,586,99822,286,100039,100,99697,100,100040,100,98456,100,100042,100,98407,100,100055,100,98221,100,100058,100,98097,100,100064,100,97953,100,100087,200,97826,100,100095,100,97790,100
2019-06-28 09:44:30.000000000,99993,100,99828,175,100017,475,99822,175,100039,175,99697,175,100040,175,98456,175,100042,175,98407,175,100055,100,98221,100,100058,100,98097,100,100064,100,97953,100,100087,200,97826,100,100095,100,97790,100
2019-06-28 09:44:40.000000000,99993,100,99828,175,100017,475,99822,175,100039,175,99697,175,100040,175,98456,175,100042,175,98407,175,100055,100,98221,100,100058,100,98097,100,100064,100,97953,100,100087,200,97826,100,100095,100,97790,100
2019-06-28 09:44:41.035032643,99993,100,99828,175,100017,475,99822,175,100039,175,99697,175,100040,175,98456,175,100042,175,98407,175,100055,100,98221,100,100058,100,98144,100,100064,100,98097,100,100087,200,97953,100,100095,100,97826,100
2019-06-28 09:44:50.000000000,99993,100,99828,175,100017,475,99822,175,100039,175,99697,175,100040,175,98456,175,100042,175,98407,175,100055,100,98221,100,100058,100,98144,100,100064,100,98097,100,100087,200,97953,100,100095,100,97826,100
2019-06-28 09:44:52.239777238,99993,100,99828,75,100017,475,99822,175,100039,175,99697,175,100040,175,98456,175,100042,175,98407,175,100055,100,98221,100,100058,100,98144,100,100064,100,98097,100,100087,200,97953,100,100113,100,97826,100
2019-06-28 09:45:00.000000000,99993,211,99822,286,100017,586,99697,286,100039,100,98456,100,100040,100,98407,100,100042,100,98221,100,100055,100,98144,100,100058,100,98097,100,100064,100,97953,100,100087,200,97826,100,100113,100,97790,100
2019-06-28 09:45:10.000000000,99993,398,99822,473,100017,400,99697,100,100039,100,98456,100,100040,100,98407,100,100042,100,98221,100,100055,100,98144,100,100058,100,98097,100,100064,100,97953,100,100087,200,97826,100,100113,100,97790,100
2019-06-28 09:45:11.662597286,99993,398,99822,473,100017,400,99697,100,100039,100,98456,100,100040,100,98407,100,100042,100,98221,100,100055,100,98144,100,100058,100,98097,100,100064,100,97953,100,100087,200,97848,100,100113,100,97826,100
2019-06-28 09:45:13.757627141,99866,100,99822,473,99993,398,99697,100,100017,400,98456,100,100039,100,98407,100,100040,100,98221,100,100042,100,98144,100,100055,100,98097,100,100058,100,97953,100,100064,100,97848,100,100087,200,97826,100
2019-06-28 09:45:17.989396820,99866,100,99822,473,99993,398,99697,100,100017,400,98456,100,100039,100,98407,100,100042,100,98221,100,100055,100,98144,100,100058,100,98097,100,100064,100,98041,100,100087,200,97953,100,100113,100,97848,100
2019-06-28 09:45:20.000000000,99866,473,99822,473,99993,25,99697,100,100017,400,98456,100,100039,100,98407,100,100042,100,98221,100,100055,100,98144,100,100058,100,98097,100,100064,100,98041,100,100087,200,97953,100,100113,100,97848,100
2019-06-28 09:45:30.000000000,99866,227,99822,227,99993,148,99697,223,100017,523,98456,223,100039,100,98407,100,100042,100,98221,100,100055,100,98144,100,100058,100,98097,100,100064,100,98041,100,100087,200,97953,100,100113,100,97848,100
2019-06-28 09:45:40.000000000,99866,473,99822,473,99993,25,99697,100,100017,400,98456,100,100039,100,98407,100,100042,100,98221,100,100055,100,98144,100,100058,100,98097,100,100064,100,98041,100,100087,200,97953,100,100113,100,97848,100
2019-06-28 09:45:48.242753386,99866,473,99822,373,99993,25,99697,100,100017,400,98456,100,100039,100,98407,100,100042,100,98221,100,100055,100,98144,100,100058,100,98097,100,100064,100,98041,100,100087,200,97953,100,100113,100,97848,100
2019-06-28 09:45:50.000000000,99866,193,99697,193,99993,118,98456,193,100017,493,98407,193,100039,193,98221,193,100042,100,98144,100,100055,100,98097,100,100058,100,98041,100,100064,100,97953,100,100087,200,97848,100,100113,100,97826,100
2019-06-28 09:46:00.000000000,99866,175,99697,175,99993,100,98456,175,100017,475,98407,175,100039,175,98221,175,100042,175,98144,175,100055,100,98097,100,100058,100,98041,100,100064,100,97953,100,100087,200,97848,100,100113,100,97826,100
2019-06-28 09:46:01.913579874,99866,175,99697,175,99993,100,98475,100,100017,475,98456,175,100039,175,98407,175,100042,175,98221,175,100055,100,98144,175,100058,100,98097,100,100064,100,98041,100,100087,200,97953,100,100113,100,97848,100
2019-06-28 09:46:10.000000000,99866,193,99697,193,99993,118,98475,193,100017,493,98456,193,100039,193,98407,193,100042,100,98221,100,100055,100,98144,100,100058,100,98097,100,100064,100,98041,100,100087,200,97953,100,100113,100,97848,100
2019-06-28 09:46:20.000000000,99866,175,99697,175,99993,100,98475,175,100017,475,98456,175,100039,175,98407,175,100042,175,98221,175,100055,100,98144,100,100058,100,98097,100,100064,100,98041,100,100087,200,97953,100,100113,100,97848,100
2019-06-28 09:46:20.801198783,99866,175,99697,175,99993,100,98475,175,100017,375,98456,175,100039,175,98407,175,100042,175,98221,175,100055,100,98144,100,100058,100,98097,100,100064,100,98041,100,100087,200,97953,100,100113,100,97848,100
2019-06-28 09:46:29.199656074,99866,175,99697,175,99993,100,98500,100,100017,375,98475,175,100039,175,98456,175,100042,175,98407,175,100055,100,98221,175,100058,100,98144,100,100064,100,98097,100,100087,200,98041,100,100113,100,97953,100
2019-06-28 09:46:30.000000000,99866,193,99697,193,99993,118,98500,193,100017,393,98475,193,100039,193,98456,193,100042,100,98407,100,100055,100,98221,100,100058,100,98144,100,100064,100,98097,100,100087,200,98041,100,100113,100,97953,100
2019-06-28 09:46:39.359161276,99866,193,99697,93,99993,118,98500,193,100017,393,98475,193,100039,193,98456,193,100042,100,98221,100,100055,100,98144,100,100058,100,98097,100,100064,100,98041,100,100087,200,97953,100,100113,100,97848,100
2019-06-28 09:46:40.000000000,99866,286,98500,286,99993,211,98475,286,100017,300,98456,100,100039,100,98221,100,100042,100,98144,100,100055,100,98097,100,100058,100,98041,100,100064,100,97953,100,100087,200,97848,100,100113,100,97790,100
2019-06-28 09:46:50.000000000,99866,175,98500,175,99993,100,98475,175,100017,375,98456,175,100039,175,98221,175,100042,175,98144,175,100055,100,98097,100,100058,100,98041,100,100064,100,97953,100,100087,200,97848,100,100113,100,97790,100
2019-06-28 09:46:51.340469645,99866,175,98500,175,99993,100,98475,175,100017,375,98456,175,100039,175,98309,100,100042,175,98221,175,100055,100,98144,175,100058,100,98097,100,100064,100,98041,100,100087,200,97953,100,100113,100,97848,100
2019-06-28 09:46:53.073378978,99822,100,98500,175,99866,175,98475,175,99993,100,98456,175,100017,375,98309,100,100039,175,98221,175,100042,175,98144,175,100055,100,98097,100,100058,100,98041,100,100064,100,97953,100,100087,200,97848,100
2019-06-28 09:46:57.199906861,99822,100,98500,75,99866,175,98475,175,99993,100,98456,175,100017,375,98309,100,100039,175,98221,175,100042,175,98144,175,100055,100,98097,100,100058,100,98041,100,100064,100,97953,100,100087,200,97848,100
2019-06-28 09:47:00.000000000,99822,227,98475,227,99866,223,98456,223,99993,148,98309,223,100017,300,98221,100,100039,100,98144,100,100042,100,98097,100,100055,100,98041,100,100058,100,97953,100,100064,100,97848,100,100087,200,97790,100
2019-06-28 09:47:10.000000000,99822,286,98475,286,99866,286,98456,286,99993,25,98309,100,100017,300,98221,100,100039,100,98144,100,100042,100,98097,100,100055,100,98041,100,100058,100,97953,100,100064,100,97848,100,100087,200,97790,100
2019-06-28 09:47:20.000000000,99822,175,98475,175,99866,175,98456,175,99993,100,98309,175,100017,375,98221,175,100039,175,98144,175,100042,100,98097,100,100055,100,98041,100,100058,100,97953,100,100064,100,97848,100,100087,200,97790,100
2019-06-28 09:47:24.963759343,99822,175,98610,100,99866,175,98475,175,99993,100,98456,175,100017,375,98309,175,100039,175,98221,175,100042,100,98144,175,100055,100,98097,100,100058,100,98041,100,100064,100,97953,100,100087,200,97848,100
2019-06-28 09:47:25.915606421,98853,100,98610,100,99822,175,98475,175,99866,175,98456,175,99993,100,98309,175,100017,375,98221,175,100039,175,98144,175,100042,100,98097,100,100055,100,98041,100,100058,100,97953,100,100064,100,97848,100
2019-06-28 09:47:30.000000000,98853,286,98610,286,99822,286,98475,286,99866,100,98456,100,99993,25,98309,100,100017,300,98221,100,100039,100,98144,100,100042,100,98097,100,100055,100,98041,100,100058,100,97953,100,100064,100,97848,100
2019-06-28 09:47:33.643563995,98853,286,98610,286,98947,100,98475,286,99822,286,98456,100,99866,100,98309,100,99993,25,98221,100,100017,300,98144,100,100042,100,98097,100,100055,100,98041,100,100058,100,97953,100,100064,100,97848,100
2019-06-28 09:47:34.119098440,98853,286,98610,286,98947,100,98475,286,99145,100,98456,100,99822,286,98309,100,99866,100,98221,100,99993,25,98144,100,100017,300,98097,100,100042,100,98041,100,100055,100,97953,100,100058,100,97848,100
2019-06-28 09:47:37.036041121,98853,186,98610,286,98947,100,98475,286,99145,100,98456,100,99822,286,98309,100,99866,100,98221,100,99993,25,98097,100,100017,300,98041,100,100042,100,97953,100,100055,100,97848,100,100058,100,97790,100
2019-06-28 09:47:40.000000000,98947,286,98610,286,99145,286,98475,286,99822,100,98456,100,99866,100,98309,100,99993,25,98221,100,100017,300,98097,100,100042,100,98041,100,100055,100,97953,100,100058,100,97848,100,100064,100,97790,100
2019-06-28 09:47:50.000000000,98947,473,98610,473,99145,100,98475,100,99822,100,98456,100,99866,100,98309,100,99993,25,98221,100,100017,300,98097,100,100042,100,98041,100,100055,100,97953,100,100058,100,97848,100,100064,100,97790,100
2019-06-28 09:48:00.000000000,98947,193,98610,193,99145,193,98475,193,99822,193,98456,193,99866,193,98309,193,99993,25,98221,100,100017,300,98097,100,100042,100,98041,100,100055,100,97953,100,100058,100,97848,100,100064,100,97790,100
2019-06-28 09:48:10.000000000,98947,473,98610,473,99145,100,98475,100,99822,100,98456,100,99866,100,98309,100,99993,25,98221,100,100017,300,98097,100,100042,100,98041,100,100055,100,97953,100,100058,100,97848,100,100064,100,97790,100
2019-06-28 09:48:11.276337313,98947,473,98611,100,99145,100,98610,473,99822,100,98475,100,99866,100,98456,100,99993,25,98309,100,100017,300,98221,100,100042,100,98097,100,100055,100,98041,100,100058,100,97953,100,100064,100,97848,100
2019-06-28 09:48:20.000000000,98947,175,98611,175,99145,175,98610,175,99822,175,98475,175,99866,175,98456,175,99993,100,98309,175,100017,300,98221,100,100042,100,98097,100,100055,100,98041,100,100058,100,97953,100,100064,100,97848,100
2019-06-28 09:48:30.000000000,98947,473,98611,473,99145,100,98610,100,99822,100,98475,100,99866,100,98456,100,99993,25,98309,100,100017,300,98221,100,100042,100,98097,100,100055,100,98041,100,100058,100,97953,100,100064,100,97848,100
2019-06-28 09:48:33.745666441,98947,473,98611,473,99145,100,98610,100,99249,100,98475,100,99822,100,98456,100,99866,100,98309,100,99993,25,98221,100,100017,300,98097,100,100042,100,98041,100,100055,100,97953,100,100058,100,97848,100
2019-06-28 09:48:36.535928584,98947,373,98611,473,99145,100,98610,100,99249,100,98475,100,99822,100,98456,100,99866,100,98309,100,99993,25,98221,100,100017,300,98097,100,100042,100,98041,100,100055,100,97953,100,100058,100,97848,100
2019-06-28 09:48:40.000000000,99145,193,98611,193,99249,193,98610,193,99822,193,98475,193,99866,193,98456,193,99993,25,98309,100,100017,300,98221,100,100042,100,98097,100,100055,100,98041,100,100058,100,97953,100,100064,100,97848,100
2019-06-28 09:48:41.599689736,99145,193,98611,193,99153,100,98610,193,99249,193,98475,193,99822,193,98456,193,99866,193,98309,100,99993,25,98221,100,100017,300,98097,100,100042,100,98041,100,100055,100,97953,100,100058,100,97848,100
2019-06-28 09:48:50.000000000,99145,193,98611,193,99153,193,98610,193,99249,193,98475,193,99822,193,98456,193,99866,100,98309,100,99993,25,98221,100,100017,300,98097,100,100042,100,98041,100,100055,100,97953,100,100058,100,97848,100
2019-06-28 09:49:00.000000000,99145,473,98611,473,99153,100,98610,100,99249,100,98475,100,99822,100,98456,100,99866,100,98309,100,99993,25,98221,100,100017,300,98097,100,100042,100,98041,100,100055,100,97953,100,100058,100,97848,100
2019-06-28 09:49:03.131456137,99145,373,98611,473,99153,100,98610,100,99249,100,98475,100,99822,100,98456,100,99866,100,98309,100,99993,25,98221,100,100017,300,98097,100,100042,100,98041,100,100055,100,97953,100,100058,100,97848,100
2019-06-28 09:49:10.000000000,99153,175,98611,175,99249,175,98610,175,99822,175,98475,175,99866,175,98456,175,99993,100,98309,175,100017,300,98221,100,100042,100,98097,100,100055,100,98041,100,100058,100,97953,100,100064,100,97848,100
2019-06-28 09:49:16.421275792,99153,75,98611,175,99249,175,98610,175,99822,175,98475,175,99866,175,98456,175,99993,100,98309,175,100017,300,98221,100,100055,100,98097,100,100058,100,98041,100,100064,100,97953,100,100087,200,97848,100
2019-06-28 09:49:16.706620271,99153,75,98611,175,99249,175,98610,175,99308,100,98475,175,99822,175,98456,175,99866,175,98309,175,99993,100,98221,100,100017,300,98097,100,100055,100,98041,100,100058,100,97953,100,100064,100,97848,100
2019-06-28 09:49:20.000000000,99249,473,98611,473,99308,100,98610,100,99822,100,98475,100,99866,100,98456,100,99993,25,98309,100,100017,300,98221,100,100055,100,98097,100,100058,100,98041,100,100064,100,97953,100,100087,200,97848,100
2019-06-28 09:49:30.000000000,99249,227,98611,227,99308,223,98610,223,99822,223,98475,223,99866,100,98456,100,99993,25,98309,100,100017,300,98221,100,100055,100,98097,100,100058,100,98041,100,100064,100,97953,100,100087,200,97848,100
2019-06-28 09:49:40.000000000,99249,227,98611,227,99308,223,98610,223,99822,223,98475,223,99866,100,98456,100,99993,25,98309,100,100017,300,98221,100,100055,100,98097,100,100058,100,98041,100,100064,100,97953,100,100087,200,97848,100
2019-06-28 09:49:50.000000000,99249,473,98611,473,99308,100,98610,100,99822,100,98475,100,99866,100,98456,100,99993,25,98309,100,100017,300,98221,100,100055,100,98097,100,100058,100,98041,100,100064,100,97953,100,100087,200,97848,100
2019-06-28 09:49:52.451483511,99249,373,98611,473,99308,100,98610,100,99822,100,98475,100,99866,100,98456,100,99993,25,98309,100,100017,300,98221,100,100055,100,98097,100,100058,100,98041,100,100087,200,97953,100,100113,100,97848,100
2019-06-28 09:49:58.733376060,99249,273,98611,473,99308,100,98610,100,99822,100,98475,100,99866,100,98456,100,99993,25,98309,100,100017,300,98221,100,100055,100,98097,100,100058,100,98041,100,100087,200,97953,100,100113,100,97848,100
2019-06-28 09:50:00.000000000,99308,227,98611,227,99822,223,98610,223,99866,223,98475,223,99993,25,98456,100,100017,300,98309,100,100055,100,98221,100,100058,100,98097,100,100087,200,98041,100,100113,100,97953,100,100172,100,97848,100
2019-06-28 09:50:10.000000000,99308,175,98611,175,99822,175,98610,175,99866,175,98475,175,99993,100,98456,175,100017,375,98309,175,100055,100,98221,100,100058,100,98097,100,100087,200,98041,100,100113,100,97953,100,100172,100,97848,100
2019-06-28 09:50:20.000000000,99308,286,98611,286,99822,286,98610,286,99866,100,98475,100,99993,25,98456,100,100017,300,98309,100,100055,100,98221,100,100058,100,98097,100,100087,200,98041,100,100113,100,97953,100,100172,100,97848,100
2019-06-28 09:50:28.625587979,99239,100,98611,286,99308,286,98610,186,99822,286,98475,100,99866,100,98456,100,99993,25,98309,100,100017,300,98221,100,100055,100,98097,100,100058,100,98041,100,100087,200,97953,100,100113,100,97848,100
2019-06-28 09:50:30.000000000,99239,227,98611,227,99308,223,98475,223,99822,223,98456,223,99866,100,98309,100,99993,25,98221,100,100017,300,98097,100,100055,100,98041,100,100058,100,97953,100,100087,200,97848,100,100113,100,97790,100
2019-06-28 09:50:30.458445538,99239,227,98611,227,99308,223,98475,223,99348,100,98456,223,99822,223,98309,100,99866,100,98221,100,99993,25,98097,100,100017,300,98041,100,100055,100,97953,100,100058,100,97848,100,100087,200,97790,100
2019-06-28 09:50:40.000000000,99239,227,98611,227,99308,223,98475,223,99348,223,98456,223,99822,100,98309,100,99866,100,98221,100,99993,25,98097,100,100017,300,98041,100,100055,100,97953,100,100058,100,97848,100,100087,200,97790,100
2019-06-28 09:50:50.000000000,99239,286,98611,286,99308,286,98475,286,99348,100,98456,100,99822,100,98309,100,99866,100,98221,100,99993,25,98097,100,100017,300,98041,100,100055,100,97953,100,100058,100,97848,100,100087,200,97790,100
2019-06-28 09:50:53.189692379,99239,286,99061,100,99308,286,98611,286,99348,100,98475,286,99822,100,98456,100,99866,100,98309,100,99993,25,98221,100,100017,300,98097,100,100055,100,98041,100,100058,100,97953,100,100087,200,97848,100
2019-06-28 09:51:00.000000000,99239,227,99061,227,99308,223,98611,223,99348,223,98475,223,99822,100,98456,100,99866,100,98309,100,99993,25,98221,100,100017,300,98097,100,100055,100,98041,100,100058,100,97953,100,100087,200,97848,100
2019-06-28 09:51:10.000000000,99239,227,99061,227,99308,223,98611,223,99348,223,98475,223,99822,100,98456,100,99866,100,98309,100,99993,25,98221,100,100017,300,98097,100,100055,100,98041,100,100058,100,97953,100,100087,200,97848,100
2019-06-28 09:51:20.000000000,99239,227,99061,227,99308,223,98611,223,99348,223,98475,223,99822,100,98456,100,99866,100,98309,100,99993,25,98221,100,100017,300,98097,100,100055,100,98041,100,100058,100,97953,100,100087,200,97848,100
2019-06-28 09:51:30.000000000,99239,473,99061,473,99308,100,98611,100,99348,100,98475,100,99822,100,98456,100,99866,100,98309,100,99993,25,98221,100,100017,300,98097,100,100055,100,98041,100,100058,100,97953,100,100087,200,97848,100
2019-06-28 09:51:30.249780655,99239,473,99153,100,99308,100,99061,473,99348,100,98611,100,99822,100,98475,100,99866,100,98456,100,99993,25,98309,100,100017,300,98221,100,100055,100,98097,100,100058,100,98041,100,100087,200,97953,100
2019-06-28 09:51:40.000000000,99239,227,99153,227,99308,223,99061,223,99348,223,98611,223,99822,100,98475,100,99866,100,98456,100,99993,25,98309,100,100017,300,98221,100,100055,100,98097,100,100058,100,98041,100,100087,200,97953,100
2019-06-28 09:51:48.845227322,99239,227,99153,127,99308,223,99061,223,99348,223,98611,223,99822,100,98475,100,99866,100,98456,100,99993,25,98309,100,100017,300,98221,100,100055,100,98097,100,100058,100,98041,100,100087,200,97953,100
2019-06-28 09:51:50.000000000,99239,193,99061,193,99308,193,98611,193,99348,193,98475,193,99822,193,98456,193,99866,100,98309,100,99993,25,98221,100,100017,300,98097,100,100055,100,98041,100,100058,100,97953,100,100087,200,97848,100
2019-06-28 09:52:00.000000000,99239,473,99061,473,99308,100,98611,100,99348,100,98475,100,99822,100,98456,100,99866,100,98309,100,99993,25,98221,100,100017,300,98097,100,100055,100,98041,100,100058,100,97953,100,100087,200,97848,100
2019-06-28 09:52:03.432570262,99239,473,99061,373,99308,100,98611,100,99348,100,98475,100,99822,100,98456,100,99866,100,98309,100,99993,25,98221,100,100017,300,98097,100,100055,100,98041,100,100087,200,97953,100,100113,100,97848,100
2019-06-28 09:52:10.000000000,99239,286,98611,286,99308,286,98475,286,99348,100,98456,100,99822,100,98309,100,99866,100,98221,100,99993,25,98097,100,100017,300,98041,100,100055,100,97953,100,100087,200,97848,100,100113,100,97790,100
2019-06-28 09:52:10.910154055,99239,286,98737,100,99308,286,98611,286,99348,100,98475,286,99822,100,98456,100,99866,100,98309,100,99993,25,98221,100,100017,300,98097,100,100055,100,98041,100,100087,200,97953,100,100113,100,97848,100
2019-06-28 09:52:11.719093562,99239,286,98917,100,99308,286,98737,100,99348,100,98611,286,99822,100,98475,286,99866,100,98456,100,99993,25,98309,100,100017,300,98221,100,100055,100,98097,100,100087,200,98041,100,100113,100,97953,100
2019-06-28 09:52:20.000000000,99239,227,98917,227,99308,223,98737,223,99348,223,98611,223,99822,100,98475,100,99866,100,98456,100,99993,25,98309,100,100017,300,98221,100,100055,100,98097,100,100087,200,98041,100,100113,100,97953,100
2019-06-28 09:52:30.000000000,99239,286,98917,286,99308,286,98737,286,99348,100,98611,100,99822,100,98475,100,99866,100,98456,100,99993,25,98309,100,100017,300,98221,100,100055,100,98097,100,100087,200,98041,100,100113,100,97953,100
2019-06-28 09:52:40.000000000,99239,473,98917,473,99308,100,98737,100,99348,100,98611,100,99822,100,98475,100,99866,100,98456,100,99993,25,98309,100,100017,300,98221,100,100055,100,98097,100,100087,200,98041,100,100113,100,97953,100
2019-06-28 09:52:43.241880762,99239,373,98917,473,99308,100,98737,100,99318,100,98611,100,99348,100,98475,100,99822,100,98456,100,99866,100,98309,100,99993,25,98221,100,100017,300,98097,100,100055,100,98041,100,100087,200,97953,100
2019-06-28 09:52:50.000000000,99308,193,98917,193,99318,193,98737,193,99348,193,98611,193,99822,193,98475,193,99866,100,98456,100,99993,25,98309,100,100017,300,98221,100,100055,100,98097,100,100087,200,98041,100,100113,100,97953,100
2019-06-28 09:52:53.936611207,99308,93,98917,193,99318,193,98737,193,99348,193,98611,193,99822,193,98475,193,99866,100,98456,100,99993,25,98309,100,100017,300,98221,100,100055,100,98097,100,100087,200,98041,100,100113,100,97953,100
2019-06-28 09:52:55.989756779,99308,93,99062,100,99318,193,98917,193,99348,193,98737,193,99822,193,98611,193,99866,100,98475,193,99993,25,98456,100,100017,300,98309,100,100055,100,98221,100,100087,200,98097,100,100113,100,98041,100
2019-06-28 09:53:00.000000000,99318,227,99062,227,99348,223,98917,223,99822,223,98737,223,99866,100,98611,100,99993,25,98475,100,100017,300,98456,100,100055,100,98309,100,100087,200,98221,100,100113,100,98097,100,100251,100,98041,100
2019-06-28 09:53:07.019690430,99318,227,99062,227,99348,223,98917,223,99523,100,98737,223,99822,223,98611,100,99866,100,98475,100,99993,25,98456,100,100017,300,98309,100,100055,100,98221,100,100087,200,98097,100,100113,100,98041,100
2019-06-28 09:53:10.000000000,99318,286,99062,286,99348,286,98917,286,99523,100,98737,100,99822,100,98611,100,99866,100,98475,100,99993,25,98456,100,100017,300,98309,100,100055,100,98221,100,100087,200,98097,100,100113,100,98041,100
2019-06-28 09:53:13.782822705,99251,100,99062,286,99318,286,98917,286,99348,286,98737,100,99523,100,98611,100,99822,100,98475,100,99866,100,98456,100,99993,25,98309,100,100017,300,98221,100,100055,100,98097,100,100087,200,98041,100
2019-06-28 09:53:20.000000000,99251,286,99062,286,99318,286,98917,286,99348,100,98737,100,99523,100,98611,100,99822,100,98475,100,99866,100,98456,100,99993,25,98309,100,100017,300,98221,100,100055,100,98097,100,100087,200,98041,100
2019-06-28 09:53:25.255374013,99132,100,99062,286,99251,186,98917,286,99318,286,98737,100,99348,100,98611,100,99523,100,98475,100,99822,100,98456,100,99866,100,98309,100,99993,25,98221,100,100017,300,98097,100,100055,100,98041,100
2019-06-28 09:53:30.000000000,99132,286,99062,286,99318,286,98917,286,99348,100,98737,100,99523,100,98611,100,99822,100,98475,100,99866,100,98456,100,99993,25,98309,100,100017,300,98221,100,100055,100,98097,100,100087,200,98041,100
2019-06-28 09:53:31.506593848,99132,286,99062,286,99318,286,98917,286,99348,100,98737,100,99523,100,98611,100,99584,100,98475,100,99822,100,98456,100,99866,100,98309,100,99993,25,98221,100,100017,300,98097,100,100055,100,98041,100
2019-06-28 09:53:32.085417676,99132,186,99062,286,99318,286,98917,286,99348,100,98737,100,99523,100,98611,100,99584,100,98475,100,99822,100,98456,100,99866,100,98309,100,99993,25,98221,100,100017,300,98097,100,100055,100,98041,100
2019-06-28 09:53:39.937852029,99132,186,99062,286,99318,286,98917,286,99348,100,98737,100,99470,100,98611,100,99523,100,98475,100,99584,100,98456,100,99822,100,98309,100,99866,100,98221,100,99993,25,98097,100,100017,300,98041,100
2019-06-28 09:53:40.000000000,99318,175,99062,175,99348,175,98917,175,99470,175,98737,175,99523,175,98611,175,99584,175,98475,175,99822,100,98456,100,99866,100,98309,100,99993,25,98221,100,100017,300,98097,100,100055,100,98041,100
2019-06-28 09:53:50.000000000,99318,227,99062,227,99348,223,98917,223,99470,223,98737,223,99523,100,98611,100,99584,100,98475,100,99822,100,98456,100,99866,100,98309,100,99993,25,98221,100,100017,300,98097,100,100055,100,98041,100
2019-06-28 09:54:00.000000000,99318,227,99062,227,99348,223,98917,223,99470,223,98737,223,99523,100,98611,100,99584,100,98475,100,99822,100,98456,100,99866,100,98309,100,99993,25,98221,100,100017,300,98097,100,100055,100,98041,100
2019-06-28 09:54:10.000000000,99318,286,99062,286,99348,286,98917,286,99470,100,98737,100,99523,100,98611,100,99584,100,98475,100,99822,100,98456,100,99866,100,98309,100,99993,25,98221,100,100017,300,98097,100,100055,100,98041,100
2019-06-28 09:54:10.304577671,99131,100,99062,286,99318,286,98917,286,99348,286,98737,100,99470,100,98611,100,99523,100,98475,100,99584,100,98456,100,99822,100,98309,100,99866,100,98221,100,99993,25,98097,100,100017,300,98041,100
2019-06-28 09:54:20.000000000,99131,286,99062,286,99318,286,98917,286,99348,100,98737,100,99470,100,98611,100,99523,100,98475,100,99584,100,98456,100,99822,100,98309,100,99866,100,98221,100,99993,25,98097,100,100017,300,98041,100
2019-06-28 09:54:30.000000000,99131,286,99062,286,99318,286,98917,286,99348,100,98737,100,99470,100,98611,100,99523,100,98475,100,99584,100,98456,100,99822,100,98309,100,99866,100,98221,100,99993,25,98097,100,100017,300,98041,100
2019-06-28 09:54:30.668556107,99131,286,99062,286,99318,286,98917,286,99348,100,98737,100,99470,100,98714,100,99523,100,98611,100,99584,100,98475,100,99822,100,98456,100,99866,100,98309,100,99993,25,98221,100,100017,300,98097,100
2019-06-28 09:54:32.547572611,99131,286,99062,286,99318,286,98917,286,99348,100,98737,100,99470,100,98714,100,99523,100,98611,100,99584,100,98475,100,99822,100,98456,100,99866,100,98309,100,99993,25,98221,100,100017,200,98097,100
2019-06-28 09:54:37.249445814,99131,386,99062,286,99318,286,98917,286,99348,100,98737,100,99470,100,98714,100,99523,100,98611,100,99584,100,98475,100,99822,100,98456,100,99866,100,98309,100,99993,25,98221,100,100017,200,98097,100
2019-06-28 09:54:40.000000000,99131,386,99062,286,99318,286,98917,286,99348,100,98737,100,99470,100,98714,100,99523,100,98611,100,99584,100,98475,100,99822,100,98456,100,99866,100,98309,100,99993,25,98221,100,100017,200,98097,100
2019-06-28 09:54:50.000000000,99131,327,99062,227,99318,223,98917,223,99348,223,98737,223,99470,100,98714,100,99523,100,98611,100,99584,100,98475,100,99822,100,98456,100,99866,100,98309,100,99993,25,98221,100,100017,200,98097,100
2019-06-28 09:54:50.750110793,99131,327,99062,227,99318,223,98917,223,99348,223,98818,100,99470,100,98737,223,99523,100,98714,100,99584,100,98611,100,99822,100,98475,100,99866,100,98456,100,99993,25,98309,100,100017,200,98221,100
2019-06-28 09:55:00.000000000,99131,275,99062,175,99318,175,98917,175,99348,175,98818,175,99470,175,98737,175,99523,175,98714,175,99584,100,98611,100,99822,100,98475,100,99866,100,98456,100,99993,25,98309,100,100017,200,98221,100
2019-06-28 09:55:10.000000000,99131,386,99062,286,99318,286,98917,286,99348,100,98818,100,99470,100,98737,100,99523,100,98714,100,99584,100,98611,100,99822,100,98475,100,99866,100,98456,100,99993,25,98309,100,100017,200,98221,100
2019-06-28 09:55:13.989233602,99131,386,99062,286,99318,286,98917,286,99348,100,98818,100,99470,100,98737,100,99523,100,98714,100,99584,100,98611,100,99822,100,98475,100,99866,100,98456,100,99993,25,98321,100,100017,200,98309,100
2019-06-28 09:55:20.000000000,99131,386,99062,286,99318,286,98917,286,99348,100,98818,100,99470,100,98737,100,99523,100,98714,100,99584,100,98611,100,99822,100,98475,100,99866,100,98456,100,99993,25,98321,100,100017,200,98309,100
2019-06-28 09:55:30.000000000,99131,327,99062,227,99318,223,98917,223,99348,223,98818,223,99470,100,98737,100,99523,100,98714,100,99584,100,98611,100,99822,100,98475,100,99866,100,98456,100,99993,25,98321,100,100017,200,98309,100
2019-06-28 09:55:40.000000000,99131,327,99062,227,99318,223,98917,223,99348,223,98818,223,99470,100,98737,100,99523,100,98714,100,99584,100,98611,100,99822,100,98475,100,99866,100,98456,100,99993,25,98321,100,100017,200,98309,100
2019-06-28 09:55:41.273309435,99131,427,99062,227,99318,223,98917,223,99348,223,98818,223,99470,100,98737,100,99523,100,98714,100,99584,100,98611,100,99822,100,98475,100,99866,100,98456,100,99993,25,98321,100,100017,200,98309,100
2019-06-28 09:55:50.000000000,99131,393,99062,193,99318,193,98917,193,99348,193,98818,193,99470,193,98737,193,99523,100,98714,100,99584,100,98611,100,99822,100,98475,100,99866,100,98456,100,99993,25,98321,100,100017,200,98309,100
2019-06-28 09:56:00.000000000,99131,486,99062,286,99318,286,98917,286,99348,100,98818,100,99470,100,98737,100,99523,100,98714,100,99584,100,98611,100,99822,100,98475,100,99866,100,98456,100,99993,25,98321,100,100017,200,98309,100
2019-06-28 09:56:01.261937941,99131,486,99062,186,99318,286,98917,286,99348,100,98818,100,99470,100,98737,100,99523,100,98714,100,99584,100,98611,100,99822,100,98456,100,99866,100,98321,100,99993,25,98309,100,100017,200,98221,100
2019-06-28 09:56:03.213745733,99131,486,99062,186,99318,286,98917,286,99348,100,98818,100,99470,100,98737,100,99523,100,98714,100,99584,100,98611,100,99822,100,98456,100,99866,100,98321,100,99993,25,98309,100,100017,200,98221,100
2019-06-28 09:56:05.069749323,99131,486,99062,186,99318,286,98917,286,99348,100,98818,100,99470,100,98737,100,99523,100,98714,100,99584,100,98611,100,99822,100,98456,100,99866,100,98321,100,99993,25,98309,100,100017,200,98221,100
2019-06-28 09:56:10.000000000,99131,427,98917,227,99318,223,98818,223,99348,223,98737,223,99470,100,98714,100,99523,100,98611,100,99584,100,98456,100,99822,100,98321,100,99866,100,98309,100,99993,25,98221,100,100017,200,98158,100
2019-06-28 09:56:18.166510908,99131,427,98917,127,99318,223,98818,223,99348,223,98737,223,99470,100,98714,100,99523,100,98611,100,99584,100,98456,100,99822,100,98321,100,99866,100,98309,100,100017,200,98221,100,100055,100,98158,100
2019-06-28 09:56:19.113729873,99131,427,98917,127,99318,223,98818,223,99348,223,98737,223,99470,100,98714,100,99523,100,98611,100,99584,100,98456,100,99822,100,98321,100,99866,100,98309,100,100017,200,98221,100,100055,100,98158,100
2019-06-28 09:56:20.000000000,99131,427,98818,227,99318,223,98737,223,99348,223,98714,223,99470,100,98611,100,99523,100,98456,100,99584,100,98321,100,99822,100,98309,100,99866,100,98221,100,100017,200,98158,100,100055,100,98061,100
2019-06-28 09:56:30.000000000,99131,393,98818,193,99318,193,98737,193,99348,193,98714,193,99470,193,98611,193,99523,100,98456,100,99584,100,98321,100,99822,100,98309,100,99866,100,98221,100,100017,200,98158,100,100055,100,98061,100
2019-06-28 09:56:30.172584836,99131,393,98818,193,99318,193,98737,193,99348,193,98714,193,99470,193,98611,193,99523,100,98456,100,99584,100,98321,100,99822,100,98309,100,99866,100,98221,100,100017,200,98158,100,100055,100,98061,100
2019-06-28 09:56:38.112082053,99131,393,98818,93,99318,193,98737,193,99348,193,98714,193,99470,193,98611,193,99523,100,98456,100,99584,100,98321,100,99822,100,98309,100,99866,100,98221,100,100017,200,98158,100,100055,100,98061,100
2019-06-28 09:56:40.000000000,99131,393,98737,193,99318,193,98714,193,99348,193,98611,193,99470,193,98456,193,99523,100,98321,100,99584,100,98309,100,99822,100,98221,100,99866,100,98158,100,100017,200,98061,100,100055,100,98041,100
2019-06-28 09:56:48.053870405,98917,100,98737,193,99131,393,98714,193,99318,193,98611,193,99348,193,98456,193,99470,193,98321,100,99523,100,98309,100,99584,100,98221,100,99822,100,98158,100,99866,100,98061,100,100017,200,98041,100
2019-06-28 09:56:50.000000000,98917,193,98737,193,99131,393,98714,193,99318,193,98611,193,99348,193,98456,193,99470,100,98321,100,99523,100,98309,100,99584,100,98221,100,99822,100,98158,100,99866,100,98061,100,100017,200,98041,100
2019-06-28 09:56:57.712044065,98917,193,98737,93,99131,393,98714,193,99318,193,98611,193,99348,193,98456,193,99470,100,98321,100,99523,100,98309,100,99584,100,98221,100,99822,100,98158,100,99866,100,98061,100,100017,200,98041,100
2019-06-28 09:56:59.675974234,98917,193,98737,93,99131,393,98714,193,99318,193,98611,193,99348,193,98456,193,99523,100,98321,100,99584,100,98309,100,99822,100,98245,100,99866,100,98221,100,100017,200,98158,100,100055,100,98061,100
2019-06-28 09:57:00.000000000,98917,286,98714,286,99131,486,98611,286,99318,100,98456,100,99348,100,98321,100,99523,100,98309,100,99584,100,98245,100,99822,100,98221,100,99866,100,98158,100,100017,200,98061,100,100055,100,98041,100
2019-06-28 09:57:00.761369746,98917,286,98714,186,99131,486,98611,286,99348,100,98456,100,99523,100,98321,100,99584,100,98309,100,99822,100,98245,100,99866,100,98221,100,100017,200,98158,100,100055,100,98061,100,100087,200,98041,100
2019-06-28 09:57:03.246809634,98917,286,98714,186,99131,486,98611,286,99348,100,98321,100,99523,100,98309,100,99584,100,98245,100,99822,100,98221,100,99866,100,98206,100,100017,200,98158,100,100055,100,98061,100,100087,200,98041,100
2019-06-28 09:57:06.371783904,98917,286,98714,186,99131,486,98611,286,99348,100,98321,100,99523,100,98309,100,99584,100,98245,100,99822,100,98236,100,99866,100,98221,100,100017,200,98206,100,100055,100,98158,100,100087,200,98061,100
2019-06-28 09:57:10.000000000,98917,175,98611,175,99131,375,98321,175,99348,175,98309,175,99523,175,98245,175,99584,175,98236,175,99822,100,98221,100,99866,100,98206,100,100017,200,98158,100,100055,100,98061,100,100087,200,98041,100
2019-06-28 09:57:20.000000000,98917,227,98611,227,99131,423,98321,223,99348,223,98309,223,99523,100,98245,100,99584,100,98236,100,99822,100,98221,100,99866,100,98206,100,100017,200,98158,100,100055,100,98061,100,100087,200,98041,100
2019-06-28 09:57:30.000000000,98917,227,98611,227,99131,423,98321,223,99348,223,98309,223,99523,100,98245,100,99584,100,98236,100,99822,100,98221,100,99866,100,98206,100,100017,200,98158,100,100055,100,98061,100,100087,200,98041,100
2019-06-28 09:57:40.000000000,98917,227,98611,227,99131,423,98321,223,99348,223,98309,223,99523,100,98245,100,99584,100,98236,100,99822,100,98221,100,99866,100,98206,100,100017,200,98158,100,100055,100,98061,100,100087,200,98041,100
2019-06-28 09:57:50.000000000,98917,193,98611,193,99131,393,98321,193,99348,193,98309,193,99523,193,98245,193,99584,100,98236,100,99822,100,98221,100,99866,100,98206,100,100017,200,98158,100,100055,100,98061,100,100087,200,98041,100
2019-06-28 09:58:00.000000000,98917,227,98611,227,99131,423,98321,223,99348,223,98309,223,99523,100,98245,100,99584,100,98236,100,99822,100,98221,100,99866,100,98206,100,100017,200,98158,100,100055,100,98061,100,100087,200,98041,100
2019-06-28 09:58:06.235965896,98891,100,98611,227,98917,227,98321,223,99131,423,98309,223,99348,223,98245,100,99523,100,98236,100,99584,100,98221,100,99822,100,98206,100,99866,100,98158,100,100017,200,98061,100,100055,100,98041,100
2019-06-28 09:58:08.884480761,98891,100,98738,100,98917,227,98611,227,99131,423,98321,223,99348,223,98309,223,99523,100,98245,100,99584,100,98236,100,99822,100,98221,100,99866,100,98206,100,100017,200,98158,100,100055,100,98061,100
2019-06-28 09:58:10.000000000,98891,286,98738,286,98917,286,98611,286,99131,300,98321,100,99348,100,98309,100,99523,100,98245,100,99584,100,98236,100,99822,100,98221,100,99866,100,98206,100,100017,200,98158,100,100055,100,98061,100
2019-06-28 09:58:12.214706119,98891,286,98738,286,98917,286,98611,286,99131,300,98321,100,99153,100,98309,100,99348,100,98245,100,99523,100,98236,100,99584,100,98221,100,99822,100,98206,100,99866,100,98158,100,100017,200,98061,100
2019-06-28 09:58:20.000000000,98891,473,98738,473,98917,100,98611,100,99131,300,98321,100,99153,100,98309,100,99348,100,98245,100,99523,100,98236,100,99584,100,98221,100,99822,100,98206,100,99866,100,98158,100,100017,200,98061,100
2019-06-28 09:58:27.369887533,98891,473,98738,473,98917,100,98711,100,99131,300,98611,100,99153,100,98321,100,99348,100,98309,100,99523,100,98245,100,99584,100,98236,100,99822,100,98221,100,99866,100,98206,100,100017,200,98158,100
2019-06-28 09:58:29.661148884,98891,373,98738,473,98917,100,98711,100,99131,300,98611,100,99153,100,98321,100,99348,100,98309,100,99523,100,98245,100,99584,100,98236,100,99822,100,98221,100,99866,100,98206,100,100017,200,98158,100
2019-06-28 09:58:30.000000000,98917,193,98738,193,99131,393,98711,193,99153,193,98611,193,99348,193,98321,193,99523,100,98309,100,99584,100,98245,100,99822,100,98236,100,99866,100,98221,100,100017,200,98206,100,100055,100,98158,100
2019-06-28 09:58:32.318846476,98846,100,98738,193,98917,193,98711,193,99131,393,98611,193,99153,193,98321,193,99348,193,98309,100,99523,100,98245,100,99584,100,98236,100,99822,100,98221,100,99866,100,98206,100,100017,200,98158,100
2019-06-28 09:58:40.000000000,98846,473,98738,473,98917,100,98711,100,99131,300,98611,100,99153,100,98321,100,99348,100,98309,100,99523,100,98245,100,99584,100,98236,100,99822,100,98221,100,99866,100,98206,100,100017,200,98158,100
2019-06-28 09:58:44.083595699,98846,473,98738,473,98917,100,98711,100,99131,300,98611,100,99153,100,98321,100,99183,100,98309,100,99348,100,98245,100,99523,100,98236,100,99584,100,98221,100,99822,100,98206,100,99866,100,98158,100
2019-06-28 09:58:48.555914342,98846,473,98739,100,98917,100,98738,473,99131,300,98711,100,99153,100,98611,100,99183,100,98321,100,99348,100,98309,100,99523,100,98245,100,99584,100,98236,100,99822,100,98221,100,99866,100,98206,100
2019-06-28 09:58:50.000000000,98846,473,98739,473,98917,100,98738,100,99131,300,98711,100,99153,100,98611,100,99183,100,98321,100,99348,100,98309,100,99523,100,98245,100,99584,100,98236,100,99822,100,98221,100,99866,100,98206,100
2019-06-28 09:59:00.000000000,98846,286,98739,286,98917,286,98738,286,99131,300,98711,100,99153,100,98611,100,99183,100,98321,100,99348,100,98309,100,99523,100,98245,100,99584,100,98236,100,99822,100,98221,100,99866,100,98206,100
2019-06-28 09:59:09.183189263,98846,186,98739,286,98917,286,98738,286,99131,300,98711,100,99153,100,98611,100,99183,100,98321,100,99348,100,98309,100,99523,100,98245,100,99584,100,98236,100,99822,100,98221,100,99866,100,98206,100
2019-06-28 09:59:10.000000000,98917,473,98739,473,99131,300,98738,100,99153,100,98711,100,99183,100,98611,100,99348,100,98321,100,99523,100,98309,100,99584,100,98245,100,99822,100,98236,100,99866,100,98221,100,100017,200,98206,100
2019-06-28 09:59:19.775506718,98917,473,98739,473,99131,300,98738,100,99153,100,98611,100,99183,100,98321,100,99348,100,98309,100,99398,100,98245,100,99523,100,98236,100,99584,100,98221,100,99822,100,98206,100,99866,100,98158,100
2019-06-28 09:59:20.000000000,98917,193,98739,193,99131,393,98738,193,99153,193,98611,193,99183,193,98321,193,99348,100,98309,100,99398,100,98245,100,99523,100,98236,100,99584,100,98221,100,99822,100,98206,100,99866,100,98158,100
2019-06-28 09:59:23.001278443,98917,93,98739,193,99131,393,98738,193,99153,193,98611,193,99183,193,98321,193,99348,100,98309,100,99398,100,98245,100,99523,100,98236,100,99822,100,98221,100,99866,100,98206,100,100017,200,98158,100
2019-06-28 09:59:30.000000000,99131,393,98739,193,99153,193,98738,193,99183,193,98611,193,99348,193,98321,193,99398,100,98309,100,99523,100,98245,100,99822,100,98236,100,99866,100,98221,100,100017,200,98206,100,100055,100,98158,100
2019-06-28 09:59:36.524969728,99131,393,98739,193,99153,193,98738,193,99183,193,98611,193,99348,193,98321,193,99395,100,98309,100,99523,100,98245,100,99822,100,98236,100,99866,100,98221,100,100017,200,98206,100,100055,100,98158,100
2019-06-28 09:59:40.000000000,99131,673,98739,473,99153,100,98738,100,99183,100,98611,100,99348,100,98321,100,99395,100,98309,100,99523,100,98245,100,99822,100,98236,100,99866,100,98221,100,100017,200,98206,100,100055,100,98158,100
2019-06-28 09:59:43.117906932,99131,573,98739,473,99153,100,98738,100,99183,100,98611,100,99348,100,98321,100,99395,100,98309,100,99523,100,98245,100,99822,100,98236,100,99866,100,98221,100,100017,200,98206,100,100055,100,98158,100
2019-06-28 09:59:50.000000000,99131,293,98739,193,99153,193,98738,193,99183,193,98611,193,99348,193,98321,193,99395,100,98309,100,99523,100,98245,100,99822,100,98236,100,99866,100,98221,100,100017,200,98206,100,100055,100,98158,100
2019-06-28 10:00:00.000000000,99131,293,98739,193,99153,193,98738,193,99183,193,98611,193,99348,193,98321,193,99395,100,98309,100,99523,100,98245,100,99822,100,98236,100,99866,100,98221,100,100017,200,98206,100,100055,100,98158,100
2019-06-28 10:00:07.033668686,99131,293,98739,193,99153,193,98738,193,99183,193,98611,193,99348,193,98321,193,99395,100,98309,100,99482,100,98245,100,99523,100,98236,100,99822,100,98221,100,99866,100,98206,100,100017,200,98158,100
2019-06-28 10:00:10.000000000,99131,386,98739,286,99153,286,98738,286,99183,100,98611,100,99348,100,98321,100,99395,100,98309,100,99482,100,98245,100,99523,100,98236,100,99822,100,98221,100,99866,100,98206,100,100017,200,98158,100
2019-06-28 10:00:15.873575605,99131,386,98739,286,99153,286,98738,286,99183,100,98611,100,99348,100,98321,100,99395,100,98309,100,99449,100,98245,100,99482,100,98236,100,99523,100,98221,100,99822,100,98206,100,99866,100,98158,100
2019-06-28 10:00:20.000000000,99131,386,98739,286,99153,286,98738,286,99183,100,98611,100,99348,100,98321,100,99395,100,98309,100,99449,100,98245,100,99482,100,98236,100,99523,100,98221,100,99822,100,98206,100,99866,100,98158,100
2019-06-28 10:00:30.000000000,99131,293,98739,193,99153,193,98738,193,99183,193,98611,193,99348,193,98321,193,99395,100,98309,100,99449,100,98245,100,99482,100,98236,100,99523,100,98221,100,99822,100,98206,100,99866,100,98158,100
2019-06-28 10:00:30.471245512,99131,193,98739,193,99153,193,98738,193,99183,193,98611,193,99348,193,98321,193,99395,100,98309,100,99449,100,98245,100,99482,100,98221,100,99523,100,98206,100,99822,100,98158,100,99866,100,98061,100
2019-06-28 10:00:40.000000000,99131,227,98739,227,99153,223,98738,223,99183,223,98611,223,99348,100,98321,100,99395,100,98309,100,99449,100,98245,100,99482,100,98221,100,99523,100,98206,100,99822,100,98158,100,99866,100,98061,100
2019-06-28 10:00:50.000000000,99131,193,98739,193,99153,193,98738,193,99183,193,98611,193,99348,193,98321,193,99395,100,98309,100,99449,100,98245,100,99482,100,98221,100,99523,100,98206,100,99822,100,98158,100,99866,100,98061,100
2019-06-28 10:01:00.000000000,99131,286,98739,286,99153,286,98738,286,99183,100,98611,100,99348,100,98321,100,99395,100,98309,100,99449,100,98245,100,99482,100,98221,100,99523,100,98206,100,99822,100,98158,100,99866,100,98061,100
2019-06-28 10:01:03.451091717,99131,286,98739,286,99153,286,98738,286,99183,100,98611,100,99348,100,98321,100,99395,100,98309,100,99449,200,98245,100,99523,100,98221,100,99822,100,98206,100,99866,100,98158,100,100017,200,98061,100
2019-06-28 10:01:04.242161661,99131,186,98739,286,99153,286,98738,286,99183,100,98611,100,99348,100,98321,100,99395,100,98309,100,99449,200,98245,100,99523,100,98221,100,99822,100,98206,100,99866,100,98158,100,100017,200,98061,100
2019-06-28 10:01:10.000000000,99153,227,98739,227,99183,223,98738,223,99348,223,98611,223,99395,100,98321,100,99449,200,98309,100,99523,100,98245,100,99822,100,98221,100,99866,100,98206,100,100017,200,98158,100,100055,100,98061,100
2019-06-28 10:01:20.000000000,99153,193,98739,193,99183,193,98738,193,99348,193,98611,193,99395,193,98321,193,99449,200,98309,100,99523,100,98245,100,99822,100,98221,100,99866,100,98206,100,100017,200,98158,100,100055,100,98061,100
2019-06-28 10:01:20.203129406,99153,193,98739,193,99183,193,98738,193,99348,193,98611,193,99395,193,98321,193,99449,200,98309,100,99803,100,98245,100,99822,100,98221,100,99866,100,98206,100,100017,200,98158,100,100055,100,98061,100
2019-06-28 10:01:30.000000000,99153,193,98739,193,99183,193,98738,193,99348,193,98611,193,99395,193,98321,193,99449,200,98309,100,99803,100,98245,100,99822,100,98221,100,99866,100,98206,100,100017,200,98158,100,100055,100,98061,100
2019-06-28 10:01:40.000000000,99153,175,98739,175,99183,175,98738,175,99348,175,98611,175,99395,175,98321,175,99449,275,98309,175,99803,100,98245,100,99822,100,98221,100,99866,100,98206,100,100017,200,98158,100,100055,100,98061,100
2019-06-28 10:01:50.000000000,99153,473,98739,473,99183,100,98738,100,99348,100,98611,100,99395,100,98321,100,99449,200,98309,100,99803,100,98245,100,99822,100,98221,100,99866,100,98206,100,100017,200,98158,100,100055,100,98061,100
2019-06-28 10:02:00.000000000,99153,286,98739,286,99183,286,98738,286,99348,100,98611,100,99395,100,98321,100,99449,200,98309,100,99803,100,98245,100,99822,100,98221,100,99866,100,98206,100,100017,200,98158,100,100055,100,98061,100
2019-06-28 10:02:01.967377124,99153,286,99131,100,99183,286,98739,286,99348,100,98738,286,99395,100,98611,100,99449,200,98321,100,99803,100,98309,100,99822,100,98245,100,99866,100,98221,100,100017,200,98206,100,100055,100,98158,100
2019-06-28 10:02:10.000000000,99153,175,99131,175,99183,175,98739,175,99348,175,98738,175,99395,175,98611,175,99449,275,98321,175,99803,100,98309,100,99822,100,98245,100,99866,100,98221,100,100017,200,98206,100,100055,100,98158,100
2019-06-28 10:02:20.000000000,99153,227,99131,227,99183,223,98739,223,99348,223,98738,223,99395,100,98611,100,99449,200,98321,100,99803,100,98309,100,99822,100,98245,100,99866,100,98221,100,100017,200,98206,100,100055,100,98158,100
2019-06-28 10:02:22.747207865,99153,227,99131,227,99183,223,98739,223,99348,223,98738,223,99395,100,98611,100,99449,200,98321,100,99803,100,98309,100,99822,100,98245,100,99866,100,98221,100,100017,200,98206,100,100055,100,98158,100
2019-06-28 10:02:26.989868099,99153,227,99131,327,99183,223,98739,223,99348,223,98738,223,99395,100,98611,100,99449,200,98321,100,99803,100,98309,100,99822,100,98245,100,99866,100,98221,100,100017,200,98206,100,100055,100,98158,100
2019-06-28 10:02:30.000000000,99153,286,99131,386,99183,286,98739,286,99348,100,98738,100,99395,100,98611,100,99449,200,98321,100,99803,100,98309,100,99822,100,98245,100,99866,100,98221,100,100017,200,98206,100,100055,100,98158,100
2019-06-28 10:02:40.000000000,99153,227,99131,327,99183,223,98739,223,99348,223,98738,223,99395,100,98611,100,99449,200,98321,100,99803,100,98309,100,99822,100,98245,100,99866,100,98221,100,100017,200,98206,100,100055,100,98158,100
2019-06-28 10:02:50.000000000,99153,227,99131,327,99183,223,98739,223,99348,223,98738,223,99395,100,98611,100,99449,200,98321,100,99803,100,98309,100,99822,100,98245,100,99866,100,98221,100,100017,200,98206,100,100055,100,98158,100
2019-06-28 10:03:00.000000000,99153,175,99131,275,99183,175,98739,175,99348,175,98738,175,99395,175,98611,175,99449,275,98321,175,99803,100,98309,100,99822,100,98245,100,99866,100,98221,100,100017,200,98206,100,100055,100,98158,100
2019-06-28 10:03:06.850739088,99153,175,99131,275,99183,175,98739,175,99348,175,98738,175,99395,175,98611,75,99449,275,98321,175,99803,100,98309,100,99822,100,98245,100,99866,100,98221,100,100017,200,98206,100,100055,100,98158,100
2019-06-28 10:03:10.000000000,99153,286,99131,386,99183,286,98739,286,99348,100,98738,100,99395,100,98321,100,99449,200,98309,100,99803,100,98245,100,99822,100,98221,100,99866,100,98206,100,100017,200,98158,100,100055,100,98061,100
2019-06-28 10:03:10.875948302,99153,286,99131,386,99183,286,98739,286,99348,100,98738,100,99395,100,98321,100,99449,200,98309,100,99803,100,98245,100,99822,100,98221,100,100017,200,98206,100,100055,100,98158,100,100087,100,98061,100
2019-06-28 10:03:20.000000000,99153,473,99131,573,99183,100,98739,100,99348,100,98738,100,99395,100,98321,100,99449,200,98309,100,99803,100,98245,100,99822,100,98221,100,100017,200,98206,100,100055,100,98158,100,100087,100,98061,100
2019-06-28 10:03:30.000000000,99153,193,99131,293,99183,193,98739,193,99348,193,98738,193,99395,193,98321,193,99449,200,98309,100,99803,100,98245,100,99822,100,98221,100,100017,200,98206,100,100055,100,98158,100,100087,100,98061,100
2019-06-28 10:03:40.000000000,99153,473,99131,573,99183,100,98739,100,99348,100,98738,100,99395,100,98321,100,99449,200,98309,100,99803,100,98245,100,99822,100,98221,100,100017,200,98206,100,100055,100,98158,100,100087,100,98061,100
2019-06-28 10:03:50.000000000,99153,175,99131,275,99183,175,98739,175,99348,175,98738,175,99395,175,98321,175,99449,275,98309,175,99803,100,98245,100,99822,100,98221,100,100017,200,98206,100,100055,100,98158,100,100087,100,98061,100
2019-06-28 10:03:58.930050876,99153,175,99131,275,99183,175,98739,175,99348,175,98738,175,99395,175,98321,175,99449,275,98309,175,99822,100,98245,100,100017,200,98221,100,100055,100,98206,100,100087,100,98158,100,100218,100,98061,100
2019-06-28 10:04:00.000000000,99153,473,99131,573,99183,100,98739,100,99348,100,98738,100,99395,100,98321,100,99449,200,98309,100,99822,100,98245,100,100017,200,98221,100,100055,100,98206,100,100087,100,98158,100,100218,100,98061,100
2019-06-28 10:04:01.062084699,99153,473,99131,573,99183,100,98739,100,99348,100,98738,100,99395,100,98321,100,99449,200,98309,100,99822,100,98245,100,100017,200,98221,100,100055,100,98206,100,100087,100,98158,100,100218,100,98061,100
2019-06-28 10:04:03.587337830,99153,473,99131,573,99183,100,98739,100,99348,100,98738,100,99395,100,98321,100,99449,200,98309,100,99822,100,98245,100,100017,200,98221,100,100055,100,98206,100,100087,100,98158,100,100218,100,98061,100
2019-06-28 10:04:10.000000000,99153,473,99131,573,99183,100,98739,100,99348,100,98738,100,99395,100,98321,100,99449,200,98309,100,99822,100,98245,100,100017,200,98221,100,100055,100,98206,100,100087,100,98158,100,100218,100,98061,100
2019-06-28 10:04:11.546150141,99153,373,99131,573,99183,100,98739,100,99348,100,98738,100,99395,100,98321,100,99449,200,98309,100,99822,100,98245,100,100017,200,98221,100,100055,100,98206,100,100087,100,98158,100,100218,100,98061,100
2019-06-28 10:04:18.051858642,99153,273,99131,573,99183,100,98739,100,99348,100,98738,100,99395,100,98321,100,99449,200,98309,100,99822,100,98245,100,100017,200,98221,100,100055,100,98206,100,100087,100,98158,100,100218,100,98061,100
2019-06-28 10:04:20.000000000,99183,193,99131,293,99348,193,98739,193,99395,193,98738,193,99449,293,98321,193,99822,100,98309,100,100017,200,98245,100,100055,100,98221,100,100087,100,98206,100,100218,100,98158,100,100413,100,98061,100
2019-06-28 10:04:24.734405109,99183,93,99131,293,99348,193,98739,193,99395,193,98738,193,99449,293,98321,193,99822,100,98309,100,100017,200,98245,100,100055,100,98221,100,100087,100,98206,100,100218,100,98061,100,100413,100,97944,100
2019-06-28 10:04:30.000000000,99348,286,99131,386,99395,286,98739,286,99449,200,98738,100,99822,100,98321,100,100017,200,98309,100,100055,100,98245,100,100087,100,98221,100,100218,100,98206,100,100413,100,98061,100,100453,100,97944,100
2019-06-28 10:04:31.168363765,99348,186,99131,386,99395,286,98739,286,99449,100,98738,100,99822,100,98321,100,100017,200,98309,100,100055,100,98245,100,100087,100,98221,100,100218,100,98206,100,100413,100,98061,100,100453,100,97944,100
2019-06-28 10:04:34.792434595,99348,186,99183,100,99395,286,99131,386,99449,100,98739,186,99822,100,98738,100,100017,200,98321,100,100055,100,98309,100,100087,100,98245,100,100218,100,98221,100,100413,100,98206,100,100453,100,98061,100
2019-06-28 10:04:40.000000000,99395,227,99183,227,99449,223,99131,323,99822,223,98738,223,100017,200,98321,100,100055,100,98309,100,100087,100,98245,100,100218,100,98221,100,100413,100,98206,100,100453,100,98061,100,100540,100,97944,100
2019-06-28 10:04:47.941838475,99395,227,99183,227,99449,223,99131,323,99822,223,98738,223,100017,100,98321,100,100055,100,98309,100,100087,100,98245,100,100218,100,98221,100,100413,100,98206,100,100453,100,98061,100,100540,100,97944,100
2019-06-28 10:04:50.000000000,99395,286,99183,286,99449,286,99131,386,99822,100,98738,100,100017,100,98321,100,100055,100,98309,100,100087,100,98245,100,100218,100,98221,100,100413,100,98206,100,100453,100,98061,100,100540,100,97944,100
2019-06-28 10:05:00.000000000,99395,473,99183,473,99449,100,99131,200,99822,100,98738,100,100017,100,98321,100,100055,100,98309,100,100087,100,98245,100,100218,100,98221,100,100413,100,98206,100,100453,100,98061,100,100540,100,97944,100
2019-06-28 10:05:07.313263026,99395,473,99183,573,99449,100,99131,200,99822,100,98738,100,100017,100,98321,100,100055,100,98309,100,100087,100,98245,100,100218,100,98221,100,100413,100,98206,100,100453,100,98061,100,100540,100,97944,100
2019-06-28 10:05:10.000000000,99395,473,99183,573,99449,100,99131,200,99822,100,98738,100,100017,100,98321,100,100055,100,98309,100,100087,100,98245,100,100218,100,98221,100,100413,100,98206,100,100453,100,98061,100,100540,100,97944,100
2019-06-28 10:05:10.665942573,99395,373,99183,573,99449,100,99131,200,99822,100,98738,100,100017,100,98321,100,100055,100,98309,100,100087,100,98245,100,100218,100,98221,100,100413,100,98206,100,100453,100,98061,100,100540,100,97944,100
2019-06-28 10:05:11.120331549,99395,373,99348,100,99449,100,99183,573,99822,100,99131,200,100017,100,98738,100,100055,100,98321,100,100087,100,98309,100,100218,100,98245,100,100413,100,98221,100,100453,100,98206,100,100540,100,98061,100
2019-06-28 10:05:20.000000000,99449,227,99348,227,99822,223,99183,323,100017,223,99131,323,100055,100,98738,100,100087,100,98321,100,100218,100,98309,100,100413,100,98245,100,100453,100,98221,100,100540,100,98206,100,,,98061,100
2019-06-28 10:05:30.000000000,99449,193,99348,193,99822,193,99183,293,100017,193,99131,293,100055,193,98738,193,100087,100,98321,100,100218,100,98309,100,100413,100,98245,100,100453,100,98221,100,100540,100,98206,100,,,98061,100
2019-06-28 10:05:40.000000000,99449,286,99348,286,99822,286,99183,386,100017,100,99131,200,100055,100,98738,100,100087,100,98321,100,100218,100,98309,100,100413,100,98245,100,100453,100,98221,100,100540,100,98206,100,,,98061,100
2019-06-28 10:05:50.000000000,99449,473,99348,473,99822,100,99183,200,100017,100,99131,200,100055,100,98738,100,100087,100,98321,100,100218,100,98309,100,100413,100,98245,100,100453,100,98221,100,100540,100,98206,100,,,98061,100
2019-06-28 10:06:00.000000000,99449,286,99348,286,99822,286,99183,386,100017,100,99131,200,100055,100,98738,100,100087,100,98321,100,100218,100,98309,100,100413,100,98245,100,100453,100,98221,100,100540,100,98206,100,,,98061,100
2019-06-28 10:06:10.000000000,99449,193,99348,193,99822,193,99183,293,100017,193,99131,293,100055,193,98738,193,100087,100,98321,100,100218,100,98309,100,100413,100,98245,100,100453,100,98221,100,100540,100,98206,100,,,98061,100
2019-06-28 10:06:10.999453999,99449,193,99348,193,99822,193,99183,293,100017,193,99131,293,100055,193,98738,193,100087,100,98309,100,100218,100,98245,100,100275,100,98221,100,100413,100,98206,100,100453,100,98061,100,100540,100,97944,100
2019-06-28 10:06:20.000000000,99449,473,99348,473,99822,100,99183,200,100017,100,99131,200,100055,100,98738,100,100087,100,98309,100,100218,100,98245,100,100275,100,98221,100,100413,100,98206,100,100453,100,98061,100,100540,100,97944,100
2019-06-28 10:06:30.000000000,99449,193,99348,193,99822,193,99183,293,100017,193,99131,293,100055,193,98738,193,100087,100,98309,100,100218,100,98245,100,100275,100,98221,100,100413,100,98206,100,100453,100,98061,100,100540,100,97944,100
2019-06-28 10:06:40.000000000,99449,473,99348,473,99822,100,99183,200,100017,100,99131,200,100055,100,98738,100,100087,100,98309,100,100218,100,98245,100,100275,100,98221,100,100413,100,98206,100,100453,100,98061,100,100540,100,97944,100
2019-06-28 10:06:50.000000000,99449,286,99348,286,99822,286,99183,386,100017,100,99131,200,100055,100,98738,100,100087,100,98309,100,100218,100,98245,100,100275,100,98221,100,100413,100,98206,100,100453,100,98061,100,100540,100,97944,100
2019-06-28 10:07:00.000000000,99449,175,99348,175,99822,175,99183,275,100017,175,99131,275,100055,175,98738,175,100087,175,98309,175,100218,100,98245,100,100275,100,98221,100,100413,100,98206,100,100453,100,98061,100,100540,100,97944,100
2019-06-28 10:07:00.858159436,99449,175,99348,175,99822,175,99183,275,100017,175,99131,275,100055,175,98738,175,100087,175,98309,175,100218,100,98245,100,100221,100,98221,100,100413,100,98206,100,100453,100,98061,100,100540,100,97944,100
2019-06-28 10:07:01.408605315,99449,75,99348,175,99822,175,99183,275,100017,175,99131,275,100055,175,98738,175,100087,175,98309,175,100218,100,98245,100,100221,100,98221,100,100413,100,98206,100,100453,100,98061,100,100540,100,97944,100
2019-06-28 10:07:07.561976009,99449,75,99348,175,99822,175,99183,275,100017,175,99131,275,100055,75,98738,175,100087,175,98309,175,100218,100,98245,100,100221,100,98221,100,100363,100,98206,100,100413,100,98061,100,100453,100,97944,100
2019-06-28 10:07:10.000000000,99822,193,99348,193,100017,193,99183,293,100087,193,99131,293,100218,193,98738,193,100221,100,98309,100,100363,100,98245,100,100413,100,98221,100,100453,100,98206,100,100540,100,98061,100,,,97944,100
2019-06-28 10:07:20.000000000,99822,286,99348,286,100017,286,99183,386,100087,100,99131,200,100218,100,98738,100,100221,100,98309,100,100363,100,98245,100,100413,100,98221,100,100453,100,98206,100,100540,100,98061,100,,,97944,100
2019-06-28 10:07:20.380502015,99822,286,99348,286,100017,286,99183,386,100087,100,99131,200,100218,100,98738,100,100221,100,98309,100,100363,100,98245,100,100413,100,98221,100,100415,100,98206,100,100453,100,98061,100,100540,100,97944,100
2019-06-28 10:07:30.000000000,99822,286,99348,286,100017,286,99183,386,100087,100,99131,200,100218,100,98738,100,100221,100,98309,100,100363,100,98245,100,100413,100,98221,100,100415,100,98206,100,100453,100,98061,100,100540,100,97944,100
2019-06-28 10:07:39.816250193,99822,286,99348,286,100017,286,99183,386,100087,100,99131,200,100218,100,98738,100,100221,100,98309,100,100363,100,98245,100,100413,100,98221,100,100415,100,98206,100,100453,100,98061,100,100540,100,97944,100
