,ask_price_1,ask_size_1,bid_price_1,bid_size_1,ask_price_2,ask_size_2,bid_price_2,bid_size_2,ask_price_3,ask_size_3,bid_price_3,bid_size_3,ask_price_4,ask_size_4,bid_price_4,bid_size_4,ask_price_5,ask_size_5,bid_price_5,bid_size_5,ask_price_6,ask_size_6,bid_price_6,bid_size_6,ask_price_7,ask_size_7,bid_price_7,bid_size_7,ask_price_8,ask_size_8,bid_price_8,bid_size_8,ask_price_9,ask_size_9,bid_price_9,bid_size_9,ask_price_10,ask_size_10,bid_price_10,bid_size_10
2019-06-28 09:30:00.000000000,,,99836,100,,,,,,,,,,,,,,,,,,,,,,,,,,,,,,,,,,,,
2019-06-28 09:30:00.000000001,,,99906,100,,,99836,100,,,,,,,,,,,,,,,,,,,,,,,,,,,,,,,,
2019-06-28 09:30:00.000000002,,,99965,100,,,99906,100,,,99836,100,,,,,,,,,,,,,,,,,,,,,,,,,,,,
2019-06-28 09:30:00.000000003,,,99965,100,,,99906,100,,,99890,100,,,99836,100,,,,,,,,,,,,,,,,,,,,,,,,
2019-06-28 09:30:00.000000004,,,99965,100,,,99951,100,,,99906,100,,,99890,100,,,99836,100,,,,,,,,,,,,,,,,,,,,
2019-06-28 09:30:00.000000006,,,99965,100,,,99951,100,,,99906,100,,,99890,100,,,99836,100,,,99746,100,,,,,,,,,,,,,,,,
2019-06-28 09:30:00.000000007,,,99965,100,,,99951,100,,,99947,100,,,99906,100,,,99890,100,,,99836,100,,,99746,100,,,,,,,,,,,,
2019-06-28 09:30:00.000000008,100089,100,99965,100,,,99951,100,,,99947,100,,,99906,100,,,99890,100,,,99836,100,,,99746,100,,,,,,,,,,,,
2019-06-28 09:30:00.000000015,100089,100,99965,100,,,99951,100,,,99947,100,,,99917,100,,,99906,100,,,99890,100,,,99836,100,,,99746,100,,,,,,,,
2019-06-28 09:30:00.000000017,100089,100,99965,100,,,99951,100,,,99947,100,,,99917,100,,,99906,100,,,99890,100,,,99871,100,,,99836,100,,,99746,100,,,,
2019-06-28 09:30:00.000000018,100089,100,99965,100,,,99951,100,,,99947,100,,,99917,100,,,99906,100,,,99890,100,,,99874,100,,,99871,100,,,99836,100,,,99746,100
2019-06-28 09:30:00.000000019,100089,100,100031,100,,,99965,100,,,99951,100,,,99947,100,,,99917,100,,,99906,100,,,99890,100,,,99874,100,,,99871,100,,,99836,100
2019-06-28 09:30:00.000000021,100079,100,100031,100,100089,100,99965,100,,,99951,100,,,99947,100,,,99917,100,,,99910,100,,,99906,100,,,99890,100,,,99874,100,,,99871,100
2019-06-28 09:30:00.000000022,100079,100,99965,100,100089,100,99951,100,,,99947,100,,,99934,100,,,99917,100,,,99910,100,,,99906,100,,,99890,100,,,99874,100,,,99871,100
2019-06-28 09:30:00.000000024,100050,100,99965,100,100079,100,99951,100,100089,100,99947,100,,,99934,100,,,99917,100,,,99910,100,,,99906,100,,,99890,100,,,99874,100,,,99871,100
2019-06-28 09:30:00.000000025,100050,100,100031,100,100079,100,99965,100,100089,100,99951,100,,,99947,100,,,99934,100,,,99917,100,,,99910,100,,,99906,100,,,99890,100,,,99874,100
2019-06-28 09:30:00.000000026,100050,100,100031,100,100074,100,99965,100,100079,100,99951,100,100089,100,99947,100,,,99934,100,,,99917,100,,,99910,100,,,99906,100,,,99890,100,,,99874,100
2019-06-28 09:30:00.000000027,100050,100,99967,100,100074,100,99965,100,100079,100,99951,100,100089,100,99947,100,,,99934,100,,,99917,100,,,99910,100,,,99906,100,,,99890,100,,,99874,100
2019-06-28 09:30:00.000000030,100031,100,99967,100,100050,100,99965,100,100074,100,99951,100,100079,100,99947,100,100089,100,99934,100,,,99917,100,,,99910,100,,,99906,100,,,99890,100,,,99874,100
2019-06-28 09:30:00.000000031,100050,100,99967,100,100074,100,99965,100,100079,100,99951,100,100089,100,99947,100,,,99934,100,,,99917,100,,,99910,100,,,99906,100,,,99890,100,,,99874,100
2019-06-28 09:30:00.000000032,100050,100,100031,100,100074,100,99967,100,100079,100,99965,100,100089,100,99951,100,,,99947,100,,,99934,100,,,99917,100,,,99910,100,,,99906,100,,,99890,100
2019-06-28 09:30:00.000000033,100050,100,99967,100,100074,100,99965,100,100079,100,99951,100,100089,100,99947,100,,,99934,100,,,99917,100,,,99910,100,,,99906,100,,,99890,100,,,99874,100
2019-06-28 09:30:00.000000034,99998,100,99967,100,100050,100,99965,100,100074,100,99951,100,100079,100,99947,100,100089,100,99934,100,100188,100,99917,100,,,99910,100,,,99906,100,,,99890,100,,,99874,100
2019-06-28 09:30:00.000000035,99998,100,99967,100,100050,100,99965,100,100074,100,99951,100,100079,100,99947,100,100089,100,99934,100,100188,100,99933,100,,,99917,100,,,99910,100,,,99906,100,,,99890,100
2019-06-28 09:30:00.000000038,99998,100,99967,100,100050,100,99965,100,100074,100,99951,100,100079,100,99947,100,100089,100,99934,100,100188,100,99933,100,,,99917,100,,,99910,100,,,99906,100,,,99890,100
2019-06-28 09:30:00.000000041,99998,100,99967,100,100031,100,99965,100,100050,100,99951,100,100074,100,99947,100,100079,100,99943,100,100089,100,99934,100,100188,100,99933,100,,,99917,100,,,99910,100,,,99906,100
2019-06-28 09:30:00.000000042,99998,100,99967,100,99999,100,99965,100,100031,100,99951,100,100050,100,99947,100,100074,100,99943,100,100079,100,99934,100,100089,100,99933,100,100188,100,99917,100,,,99910,100,,,99906,100
2019-06-28 09:30:00.000000043,99998,100,99967,100,99999,100,99965,100,100031,300,99951,100,100050,100,99947,100,100074,100,99943,100,100079,100,99934,100,100089,100,99933,100,100188,100,99917,100,,,99910,100,,,99906,100
2019-06-28 09:30:00.000000046,99998,100,99967,100,99999,100,99965,100,100031,300,99951,100,100050,100,99947,100,100074,100,99943,100,100079,100,99942,100,100089,100,99934,100,100188,100,99933,100,,,99917,100,,,99910,100
2019-06-28 09:30:00.000000047,99988,100,99967,100,99998,100,99965,100,99999,100,99951,100,100031,300,99947,100,100050,100,99943,100,100074,100,99942,100,100079,100,99934,100,100089,100,99933,100,100188,100,99917,100,,,99910,100
2019-06-28 09:30:00.000000048,99988,100,99967,100,99998,100,99965,100,99999,200,99951,100,100031,300,99947,100,100050,100,99943,100,100074,100,99942,100,100079,100,99934,100,100089,100,99933,100,100124,100,99917,100,100188,100,99910,100
2019-06-28 09:30:00.000000050,99988,100,99967,100,99998,100,99965,100,99999,200,99951,100,100031,300,99947,100,100050,100,99943,100,100074,100,99942,100,100079,100,99934,100,100089,100,99933,100,100124,100,99917,100,100185,100,99910,100
2019-06-28 09:30:00.000000052,99988,100,99967,100,99998,100,99965,100,99999,200,99951,100,100031,400,99947,100,100050,100,99943,100,100074,100,99942,100,100079,100,99934,100,100089,100,99933,100,100124,100,99917,100,100185,100,99910,100
2019-06-28 09:30:00.000000053,99988,100,99974,100,99998,100,99967,100,99999,200,99965,100,100031,400,99951,100,100050,100,99947,100,100074,100,99943,100,100079,100,99942,100,100089,100,99934,100,100124,100,99933,100,100185,100,99917,100
2019-06-28 09:30:00.000000054,99988,100,99974,100,99998,100,99967,100,99999,200,99965,100,100031,400,99951,100,100050,100,99947,100,100074,100,99943,100,100079,100,99942,100,100089,100,99934,100,100124,100,99933,100,100185,100,99917,100
2019-06-28 09:30:00.000000058,99988,100,99974,100,99998,100,99967,100,99999,200,99965,100,100031,400,99951,100,100050,100,99947,100,100074,100,99943,100,100078,100,99942,100,100079,100,99934,100,100089,100,99933,100,100124,100,99917,100
2019-06-28 09:30:00.000000062,99988,100,99974,100,99998,100,99967,100,99999,200,99965,100,100031,400,99951,100,100050,100,99947,100,100070,100,99943,100,100074,100,99942,100,100078,100,99934,100,100079,100,99933,100,100089,100,99917,100
2019-06-28 09:30:00.000000063,99998,100,99974,100,99999,200,99967,100,100031,400,99965,100,100050,100,99951,100,100070,100,99947,100,100074,100,99943,100,100078,100,99942,100,100079,100,99934,100,100089,100,99933,100,100124,100,99917,100
2019-06-28 09:30:00.000000065,99998,100,99974,100,99999,200,99967,100,100031,400,99965,100,100050,100,99951,100,100070,100,99947,200,100074,100,99943,100,100078,100,99942,100,100079,100,99934,100,100089,100,99933,100,100124,100,99917,100
2019-06-28 09:30:00.000000067,99998,100,99967,100,99999,200,99965,100,100031,400,99951,100,100050,100,99947,200,100070,100,99943,100,100074,100,99942,100,100078,100,99934,100,100079,100,99933,100,100089,100,99917,100,100124,100,99912,100
2019-06-28 09:30:00.000000068,99999,200,99967,100,100031,400,99965,100,100050,100,99951,100,100070,100,99947,200,100074,100,99943,100,100078,100,99942,100,100079,100,99934,100,100089,100,99933,100,100124,100,99917,100,100185,100,99912,100
2019-06-28 09:30:00.000000069,99984,100,99967,100,99999,200,99965,100,100031,400,99951,100,100050,100,99947,200,100070,100,99943,100,100074,100,99942,100,100078,100,99934,100,100079,100,99933,100,100089,100,99917,100,100124,100,99912,100
2019-06-28 09:30:00.000000070,99984,100,99967,100,99999,200,99965,100,100031,400,99951,100,100050,100,99947,200,100070,100,99943,100,100074,100,99942,100,100078,100,99934,100,100079,100,99933,100,100089,100,99917,100,100124,100,99912,100
2019-06-28 09:30:00.000000071,99984,100,99967,100,99998,100,99965,100,99999,200,99951,100,100031,400,99947,200,100050,100,99943,100,100070,100,99942,100,100074,100,99934,100,100078,100,99933,100,100079,100,99917,100,100089,100,99912,100
2019-06-28 09:30:00.000000072,99984,100,99967,100,99998,100,99965,100,99999,200,99951,100,100031,400,99947,200,100050,100,99943,100,100070,100,99942,100,100074,200,99934,100,100078,100,99933,100,100079,100,99917,100,100089,100,99912,100
2019-06-28 09:30:00.000000074,99984,100,99967,100,99998,100,99965,100,99999,200,99960,100,100031,400,99951,100,100050,100,99947,200,100070,100,99943,100,100074,200,99942,100,100078,100,99934,100,100079,100,99933,100,100089,100,99917,100
2019-06-28 09:30:00.000000080,99984,100,99967,100,99998,100,99965,100,99999,200,99960,100,100031,400,99951,100,100050,100,99947,200,100070,100,99943,100,100074,200,99942,100,100078,100,99934,100,100079,100,99933,100,100089,100,99917,100
2019-06-28 09:30:00.000000082,99984,100,99967,100,99998,100,99965,100,99999,200,99960,100,100031,400,99951,100,100050,100,99947,200,100070,100,99943,100,100074,200,99942,100,100078,100,99934,100,100079,100,99933,100,100089,100,99917,100
2019-06-28 09:30:00.000000084,99998,100,99967,100,99999,200,99965,100,100031,400,99960,100,100050,100,99951,100,100070,100,99947,200,100074,200,99943,100,100078,100,99942,100,100079,100,99934,100,100089,100,99933,100,100094,100,99917,100
2019-06-28 09:30:00.000000085,99995,100,99967,100,99998,100,99965,100,99999,200,99960,100,100031,400,99951,100,100050,100,99947,200,100070,100,99943,100,100074,200,99942,100,100078,100,99934,100,100079,100,99933,100,100089,100,99917,100
2019-06-28 09:30:00.000000088,99998,100,99967,100,99999,200,99965,100,100031,400,99960,100,100050,100,99951,100,100063,100,99947,200,100070,100,99943,100,100074,200,99942,100,100078,100,99934,100,100079,100,99933,100,100089,100,99917,100
2019-06-28 09:30:00.000000091,99998,100,99967,100,99999,200,99965,100,100031,400,99960,100,100050,100,99951,100,100057,100,99947,200,100063,100,99943,100,100070,100,99942,100,100074,200,99934,100,100078,100,99933,100,100079,100,99917,100
2019-06-28 09:30:00.000000092,99995,100,99967,100,99998,100,99965,100,99999,200,99960,100,100031,400,99951,100,100050,100,99947,200,100057,100,99943,100,100063,100,99942,100,100070,100,99934,100,100074,200,99933,100,100078,100,99917,100
2019-06-28 09:30:00.000000097,99995,100,99967,100,99998,100,99965,100,99999,200,99960,100,100031,400,99951,100,100050,100,99947,200,100057,100,99943,100,100063,100,99942,100,100070,100,99934,100,100074,200,99933,100,100078,100,99917,100
2019-06-28 09:30:10.000000000,99995,406,99967,406,99998,100,99965,100,99999,200,99960,100,100031,400,99951,100,100050,100,99947,200,100057,100,99943,100,100063,100,99942,100,100070,100,99934,100,100074,200,99933,100,100078,100,99917,100
2019-06-28 09:30:20.000000000,99995,161,99967,161,99998,161,99965,161,99999,261,99960,161,100031,461,99951,161,100050,161,99947,261,100057,100,99943,100,100063,100,99942,100,100070,100,99934,100,100074,200,99933,100,100078,100,99917,100
2019-06-28 09:30:30.000000000,99995,204,99967,204,99998,201,99965,201,99999,301,99960,201,100031,400,99951,100,100050,100,99947,200,100057,100,99943,100,100063,100,99942,100,100070,100,99934,100,100074,200,99933,100,100078,100,99917,100
2019-06-28 09:30:40.000000000,99995,253,99967,253,99998,253,99965,253,99999,200,99960,100,100031,400,99951,100,100050,100,99947,200,100057,100,99943,100,100063,100,99942,100,100070,100,99934,100,100074,200,99933,100,100078,100,99917,100
2019-06-28 09:30:41.562099634,99995,253,99967,253,99998,253,99965,253,99999,200,99960,100,100031,400,99951,100,100050,100,99947,200,100057,100,99942,100,100063,100,99934,100,100070,100,99933,100,100074,200,99917,100,100078,100,99912,100
2019-06-28 09:30:44.586301592,99995,253,99967,253,99998,253,99965,253,99999,200,99960,100,100031,400,99951,100,100050,100,99947,200,100057,100,99942,100,100063,100,99934,100,100070,100,99933,100,100074,200,99917,100,100078,100,99912,100
2019-06-28 09:30:46.148290065,99995,153,99967,253,99998,253,99965,253,99999,200,99960,100,100031,400,99951,100,100050,100,99947,200,100057,100,99942,100,100063,100,99934,100,100070,100,99933,100,100074,200,99917,100,100078,100,99912,100
2019-06-28 09:30:50.000000000,99998,253,99967,253,99999,353,99965,253,100031,400,99960,100,100050,100,99951,100,100057,100,99947,200,100063,100,99942,100,100070,100,99934,100,100074,200,99933,100,100078,100,99917,100,100079,100,99912,100
2019-06-28 09:30:59.235279380,99998,253,99967,253,99999,353,99965,253,100031,400,99960,100,100050,100,99951,100,100057,100,99947,200,100063,100,99942,100,100070,100,99934,100,100074,200,99933,100,100078,100,99917,100,100079,100,99912,100
2019-06-28 09:31:00.000000000,99998,204,99967,204,99999,301,99965,201,100031,501,99960,201,100050,100,99951,100,100057,100,99947,200,100063,100,99942,100,100070,100,99934,100,100074,200,99933,100,100078,100,99917,100,100079,100,99912,100
2019-06-28 09:31:10.000000000,99998,176,99967,176,99999,276,99965,176,100031,476,99960,176,100050,176,99951,176,100057,100,99947,200,100063,100,99942,100,100070,100,99934,100,100074,200,99933,100,100078,100,99917,100,100079,100,99912,100
2019-06-28 09:31:13.003396170,99998,176,99967,176,99999,276,99965,176,100031,476,99960,176,100050,176,99951,176,100057,100,99947,200,100063,100,99942,100,100070,100,99934,100,100074,100,99933,100,100078,100,99917,100,100079,100,99912,100
2019-06-28 09:31:20.000000000,99998,161,99967,161,99999,261,99965,161,100031,461,99960,161,100050,161,99951,161,100057,161,99947,261,100063,100,99942,100,100070,100,99934,100,100074,100,99933,100,100078,100,99917,100,100079,100,99912,100
2019-06-28 09:31:30.000000000,99998,161,99967,161,99999,261,99965,161,100031,461,99960,161,100050,161,99951,161,100057,161,99947,261,100063,100,99942,100,100070,100,99934,100,100074,100,99933,100,100078,100,99917,100,100079,100,99912,100
2019-06-28 09:31:40.000000000,99998,253,99967,253,99999,353,99965,253,100031,400,99960,100,100050,100,99951,100,100057,100,99947,200,100063,100,99942,100,100070,100,99934,100,100074,100,99933,100,100078,100,99917,100,100079,100,99912,100
2019-06-28 09:31:50.000000000,99998,161,99967,161,99999,261,99965,161,100031,461,99960,161,100050,161,99951,161,100057,161,99947,261,100063,100,99942,100,100070,100,99934,100,100074,100,99933,100,100078,100,99917,100,100079,100,99912,100
2019-06-28 09:32:00.000000000,99998,176,99967,176,99999,276,99965,176,100031,476,99960,176,100050,176,99951,176,100057,100,99947,200,100063,100,99942,100,100070,100,99934,100,100074,100,99933,100,100078,100,99917,100,100079,100,99912,100
2019-06-28 09:32:08.660180447,99998,76,99967,176,99999,276,99965,176,100031,476,99960,176,100050,176,99951,176,100057,100,99947,200,100063,100,99942,100,100070,100,99934,100,100074,100,99933,100,100078,100,99917,100,100079,100,99912,100
2019-06-28 09:32:10.000000000,99999,261,99967,161,100031,461,99965,161,100050,161,99960,161,100057,161,99951,161,100063,161,99947,261,100070,100,99942,100,100074,100,99934,100,100078,100,99933,100,100079,100,99917,100,100089,100,99912,100
2019-06-28 09:32:12.511475037,99999,161,99967,161,100031,461,99965,161,100050,161,99960,161,100057,161,99951,161,100063,161,99947,261,100070,100,99942,100,100078,100,99934,100,100079,100,99933,100,100089,100,99917,100,100094,100,99912,100
2019-06-28 09:32:15.591553250,99999,161,99998,100,100031,461,99967,161,100050,161,99965,161,100057,161,99960,161,100063,161,99951,161,100070,100,99947,261,100078,100,99942,100,100079,100,99934,100,100089,100,99933,100,100094,100,99917,100
2019-06-28 09:32:20.000000000,99999,406,99998,406,100031,400,99967,100,100050,100,99965,100,100057,100,99960,100,100063,100,99951,100,100070,100,99947,200,100078,100,99942,100,100079,100,99934,100,100089,100,99933,100,100094,100,99917,100
2019-06-28 09:32:30.000000000,99999,161,99998,161,100031,461,99967,161,100050,161,99965,161,100057,161,99960,161,100063,161,99951,161,100070,100,99947,200,100078,100,99942,100,100079,100,99934,100,100089,100,99933,100,100094,100,99917,100
2019-06-28 09:32:40.000000000,99999,204,99998,204,100031,501,99967,201,100050,201,99965,201,100057,100,99960,100,100063,100,99951,100,100070,100,99947,200,100078,100,99942,100,100079,100,99934,100,100089,100,99933,100,100094,100,99917,100
2019-06-28 09:32:44.737420464,99999,104,99998,204,100031,501,99967,201,100050,201,99965,201,100057,100,99960,100,100063,100,99951,100,100070,100,99947,200,100078,100,99942,100,100079,100,99934,100,100089,100,99933,100,100094,100,99917,100
2019-06-28 09:32:50.000000000,100031,553,99998,253,100050,253,99967,253,100057,100,99965,100,100063,100,99960,100,100070,100,99951,100,100078,100,99947,200,100079,100,99942,100,100089,100,99934,100,100094,100,99933,100,100124,100,99917,100
2019-06-28 09:33:00.000000000,100031,476,99998,176,100050,176,99967,176,100057,176,99965,176,100063,176,99960,176,100070,100,99951,100,100078,100,99947,200,100079,100,99942,100,100089,100,99934,100,100094,100,99933,100,100124,100,99917,100
2019-06-28 09:33:01.265622976,100031,376,99998,176,100050,176,99967,176,100057,176,99965,176,100063,176,99960,76,100070,100,99951,100,100078,100,99947,200,100079,100,99942,100,100089,100,99934,100,100094,100,99933,100,100124,100,99917,100
2019-06-28 09:33:10.000000000,100031,361,99998,161,100050,161,99967,161,100057,161,99965,161,100063,161,99951,161,100070,161,99947,261,100078,100,99942,100,100079,100,99934,100,100089,100,99933,100,100094,100,99917,100,100124,100,99912,100
2019-06-28 09:33:20.000000000,100031,453,99998,253,100050,253,99967,253,100057,100,99965,100,100063,100,99951,100,100070,100,99947,200,100078,100,99942,100,100079,100,99934,100,100089,100,99933,100,100094,100,99917,100,100124,100,99912,100
2019-06-28 09:33:30.000000000,100031,361,99998,161,100050,161,99967,161,100057,161,99965,161,100063,161,99951,161,100070,161,99947,261,100078,100,99942,100,100079,100,99934,100,100089,100,99933,100,100094,100,99917,100,100124,100,99912,100
2019-06-28 09:33:40.000000000,100031,376,99998,176,100050,176,99967,176,100057,176,99965,176,100063,176,99951,176,100070,100,99947,200,100078,100,99942,100,100079,100,99934,100,100089,100,99933,100,100094,100,99917,100,100124,100,99912,100
2019-06-28 09:33:50.000000000,100031,606,99998,406,100050,100,99967,100,100057,100,99965,100,100063,100,99951,100,100070,100,99947,200,100078,100,99942,100,100079,100,99934,100,100089,100,99933,100,100094,100,99917,100,100124,100,99912,100
2019-06-28 09:34:00.000000000,100031,361,99998,161,100050,161,99967,161,100057,161,99965,161,100063,161,99951,161,100070,161,99947,261,100078,100,99942,100,100079,100,99934,100,100089,100,99933,100,100094,100,99917,100,100124,100,99912,100
2019-06-28 09:34:02.140094078,100031,261,99998,161,100050,161,99967,161,100057,161,99965,161,100063,161,99951,161,100070,161,99947,261,100078,100,99942,100,100079,100,99934,100,100089,100,99933,100,100094,100,99917,100,100124,100,99912,100
2019-06-28 09:34:02.191755942,100031,261,99998,161,100050,161,99967,161,100057,161,99965,161,100063,161,99951,161,100070,161,99947,161,100078,100,99942,100,100079,100,99934,100,100089,100,99933,100,100094,100,99917,100,100124,100,99912,100
2019-06-28 09:34:10.000000000,100031,276,99998,176,100050,176,99967,176,100057,176,99965,176,100063,176,99951,176,100070,100,99947,100,100078,100,99942,100,100079,100,99934,100,100089,100,99933,100,100094,100,99917,100,100124,100,99912,100
2019-06-28 09:34:10.469981869,100031,276,99998,176,100050,176,99967,176,100057,176,99965,176,100063,176,99951,176,100070,100,99947,100,100078,100,99942,100,100079,100,99933,100,100089,100,99917,100,100094,100,99912,100,100124,100,99911,100
2019-06-28 09:34:16.290310108,100031,176,99998,176,100050,176,99967,176,100057,176,99965,176,100063,176,99951,176,100070,100,99947,100,100078,100,99942,100,100079,100,99933,100,100089,100,99917,100,100094,100,99912,100,100124,100,99911,100
2019-06-28 09:34:20.000000000,100031,161,99998,161,100050,161,99967,161,100057,161,99965,161,100063,161,99951,161,100070,161,99947,161,100078,100,99942,100,100079,100,99933,100,100089,100,99917,100,100094,100,99912,100,100124,100,99911,100
2019-06-28 09:34:30.000000000,100031,161,99998,161,100050,161,99967,161,100057,161,99965,161,100063,161,99951,161,100070,161,99947,161,100078,100,99942,100,100079,100,99933,100,100089,100,99917,100,100094,100,99912,100,100124,100,99911,100
2019-06-28 09:34:34.499484895,100031,161,99998,161,100050,61,99967,161,100057,161,99965,161,100063,161,99951,161,100070,161,99947,161,100078,100,99942,100,100079,100,99933,100,100089,100,99917,100,100094,100,99912,100,100124,100,99911,100
2019-06-28 09:34:40.000000000,100031,406,99998,406,100057,100,99967,100,100063,100,99965,100,100070,100,99951,100,100078,100,99947,100,100079,100,99942,100,100089,100,99933,100,100094,100,99917,100,100124,100,99912,100,100136,100,99911,100
2019-06-28 09:34:50.000000000,100031,204,99998,204,100057,201,99967,201,100063,201,99965,201,100070,100,99951,100,100078,100,99947,100,100079,100,99942,100,100089,100,99933,100,100094,100,99917,100,100124,100,99912,100,100136,100,99911,100
2019-06-28 09:34:56.284403462,100031,104,99998,204,100057,201,99967,101,100063,201,99965,201,100070,100,99951,100,100078,100,99947,100,100079,100,99942,100,100089,100,99933,100,100094,100,99917,100,100124,100,99912,100,100136,100,99911,100
2019-06-28 09:34:57.817264008,100031,104,99998,204,100057,201,99967,101,100063,201,99965,201,100070,100,99951,100,100078,100,99947,100,100079,100,99942,100,100089,100,99933,100,100094,100,99917,100,100124,100,99912,100,100136,100,99911,100
2019-06-28 09:35:00.000000000,100057,406,99998,406,100063,100,99965,100,100070,100,99951,100,100078,100,99947,100,100079,100,99942,100,100089,100,99933,100,100094,100,99917,100,100124,100,99912,100,100136,100,99911,100,100138,100,99910,100
2019-06-28 09:35:10.000000000,100057,161,99998,161,100063,161,99965,161,100070,161,99951,161,100078,161,99947,161,100079,161,99942,161,100089,100,99933,100,100094,100,99917,100,100124,100,99912,100,100136,100,99911,100,100138,100,99910,100
2019-06-28 09:35:11.296929274,100057,61,99998,161,100063,161,99965,161,100070,161,99951,161,100078,161,99947,161,100079,161,99942,161,100089,100,99933,100,100094,100,99917,100,100124,100,99912,100,100136,100,99911,100,100138,100,99910,100
2019-06-28 09:35:20.000000000,100063,161,99998,161,100070,161,99965,161,100078,161,99951,161,100079,161,99947,161,100089,161,99942,161,100094,100,99933,100,100124,100,99917,100,100136,100,99912,100,100138,100,99911,100,100185,100,99910,100
2019-06-28 09:35:30.000000000,100063,253,99998,253,100070,253,99965,253,100078,100,99951,100,100079,100,99947,100,100089,100,99942,100,100094,100,99933,100,100124,100,99917,100,100136,100,99912,100,100138,100,99911,100,100185,100,99910,100
2019-06-28 09:35:40.000000000,100063,253,99998,253,100070,253,99965,253,100078,100,99951,100,100079,100,99947,100,100089,100,99942,100,100094,100,99933,100,100124,100,99917,100,100136,100,99912,100,100138,100,99911,100,100185,100,99910,100
2019-06-28 09:35:44.021188227,100063,153,99998,253,100070,253,99965,253,100078,100,99951,100,100079,100,99947,100,100089,100,99942,100,100094,100,99933,100,100124,100,99917,100,100136,100,99912,100,100138,100,99911,100,100185,100,99910,100
2019-06-28 09:35:47.666650794,100063,53,99998,253,100070,253,99965,253,100078,100,99951,100,100079,100,99947,100,100089,100,99942,100,100094,100,99933,100,100124,100,99917,100,100136,100,99912,100,100138,100,99911,100,100185,100,99910,100
2019-06-28 09:35:50.000000000,100070,253,99998,253,100078,253,99965,253,100079,100,99951,100,100089,100,99947,100,100094,100,99942,100,100124,100,99933,100,100136,100,99917,100,100138,100,99912,100,100185,100,99911,100,100188,100,99910,100
2019-06-28 09:35:56.663340846,100070,153,99998,253,100078,253,99965,253,100079,100,99951,100,100089,100,99947,100,100094,100,99942,100,100124,100,99933,100,100136,100,99917,100,100138,100,99912,100,100185,100,99911,100,100313,100,99910,100
2019-06-28 09:36:00.000000000,100078,253,99998,253,100079,253,99965,253,100089,100,99951,100,100094,100,99947,100,100124,100,99942,100,100136,100,99933,100,100138,100,99917,100,100185,100,99912,100,100313,100,99911,100,100459,100,99910,100
2019-06-28 09:36:10.000000000,100078,406,99998,406,100079,100,99965,100,100089,100,99951,100,100094,100,99947,100,100124,100,99942,100,100136,100,99933,100,100138,100,99917,100,100185,100,99912,100,100313,100,99911,100,100459,100,99910,100
2019-06-28 09:36:20.000000000,100078,406,99998,406,100079,100,99965,100,100089,100,99951,100,100094,100,99947,100,100124,100,99942,100,100136,100,99933,100,100138,100,99917,100,100185,100,99912,100,100313,100,99911,100,100459,100,99910,100
2019-06-28 09:36:30.000000000,100078,161,99998,161,100079,161,99965,161,100089,161,99951,161,100094,161,99947,161,100124,161,99942,161,100136,100,99933,100,100138,100,99917,100,100185,100,99912,100,100313,100,99911,100,100459,100,99910,100
2019-06-28 09:36:30.913983950,100078,61,99998,161,100079,161,99965,161,100089,161,99951,161,100094,161,99947,161,100124,161,99942,161,100136,100,99933,100,100138,100,99917,100,100185,100,99912,100,100313,100,99911,100,100459,100,99910,100
2019-06-28 09:36:40.000000000,100079,253,99998,253,100089,253,99965,253,100094,100,99951,100,100124,100,99947,100,100136,100,99942,100,100138,100,99933,100,100185,100,99917,100,100313,100,99912,100,100459,100,99911,100,100485,100,99910,100
2019-06-28 09:36:42.832221695,100079,253,99998,253,100089,253,99965,253,100094,100,99951,100,100124,100,99947,100,100136,100,99942,100,100138,100,99933,100,100185,100,99917,100,100313,100,99912,100,100459,100,99910,100,100485,100,99906,100
2019-06-28 09:36:50.000000000,100079,253,99998,253,100089,253,99965,253,100094,100,99951,100,100124,100,99947,100,100136,100,99942,100,100138,100,99933,100,100185,100,99917,100,100313,100,99912,100,100459,100,99910,100,100485,100,99906,100
2019-06-28 09:37:00.000000000,100079,204,99998,204,100089,201,99965,201,100094,201,99951,201,100124,100,99947,100,100136,100,99942,100,100138,100,99933,100,100185,100,99917,100,100313,100,99912,100,100459,100,99910,100,100485,100,99906,100
2019-06-28 09:37:03.776480546,100079,104,99998,204,100089,201,99965,201,100094,201,99951,201,100124,100,99947,100,100136,100,99942,100,100138,100,99933,100,100185,100,99917,100,100313,100,99912,100,100459,100,99910,100,100485,100,99906,100
2019-06-28 09:37:10.000000000,100089,176,99998,176,100094,176,99965,176,100124,176,99951,176,100136,176,99947,176,100138,100,99942,100,100185,100,99933,100,100313,100,99917,100,100459,100,99912,100,100485,100,99910,100,100951,100,99906,100
2019-06-28 09:37:20.000000000,100089,406,99998,406,100094,100,99965,100,100124,100,99951,100,100136,100,99947,100,100138,100,99942,100,100185,100,99933,100,100313,100,99917,100,100459,100,99912,100,100485,100,99910,100,100951,100,99906,100
2019-06-28 09:37:22.042428804,100089,406,99998,406,100094,100,99965,100,100124,100,99951,100,100136,100,99947,100,100138,100,99942,100,100185,100,99933,100,100313,100,99917,100,100459,100,99912,100,100485,100,99910,100,100951,100,99906,100
2019-06-28 09:37:22.693227673,100089,406,99998,406,100094,100,99965,100,100124,100,99951,100,100138,100,99947,100,100185,100,99942,100,100313,100,99933,100,100459,100,99917,100,100485,100,99912,100,100951,100,99910,100,101179,100,99906,100
2019-06-28 09:37:30.000000000,100089,406,99998,406,100094,100,99965,100,100124,100,99951,100,100138,100,99947,100,100185,100,99942,100,100313,100,99933,100,100459,100,99917,100,100485,100,99912,100,100951,100,99910,100,101179,100,99906,100
2019-06-28 09:37:40.000000000,100089,161,99998,161,100094,161,99965,161,100124,161,99951,161,100138,161,99947,161,100185,161,99942,161,100313,100,99933,100,100459,100,99917,100,100485,100,99912,100,100951,100,99910,100,101179,100,99906,100
2019-06-28 09:37:46.173901342,100089,161,99998,161,100094,161,99965,161,100124,161,99951,161,100138,161,99947,161,100185,161,99942,161,100313,100,99933,100,100459,100,99917,100,100485,100,99912,100,100951,100,99910,100,101179,100,99906,100
2019-06-28 09:37:50.000000000,100089,253,99998,253,100094,253,99965,253,100124,100,99951,100,100138,100,99947,100,100185,100,99942,100,100313,100,99933,100,100459,100,99917,100,100485,100,99912,100,100951,100,99910,100,101179,100,99906,100
2019-06-28 09:38:00.000000000,100089,161,99998,161,100094,161,99965,161,100124,161,99951,161,100138,161,99947,161,100185,161,99942,161,100313,100,99933,100,100459,100,99917,100,100485,100,99912,100,100951,100,99910,100,101179,100,99906,100
2019-06-28 09:38:01.412475386,100089,61,99998,161,100094,161,99965,161,100124,161,99951,161,100138,161,99947,161,100185,161,99942,161,100313,100,99933,100,100459,100,99917,100,100485,100,99912,100,100951,100,99910,100,101179,100,99906,100
2019-06-28 09:38:10.000000000,100094,176,99998,176,100124,176,99965,176,100138,176,99951,176,100185,176,99947,176,100313,100,99942,100,100459,100,99933,100,100485,100,99917,100,100951,100,99912,100,101179,100,99910,100,101222,100,99906,100
2019-06-28 09:38:19.947382330,100094,76,99998,176,100124,176,99965,176,100138,176,99951,176,100185,176,99947,176,100313,100,99942,100,100459,100,99933,100,100485,100,99917,100,100951,100,99912,100,101179,100,99910,100,101222,100,99906,100
2019-06-28 09:38:20.000000000,100124,176,99998,176,100138,176,99965,176,100185,176,99951,176,100313,176,99947,176,100459,100,99942,100,100485,100,99933,100,100951,100,99917,100,101179,100,99912,100,101222,100,99910,100,101323,100,99906,100
2019-06-28 09:38:29.965840129,100124,76,99998,176,100138,176,99965,176,100185,176,99951,176,100313,176,99947,176,100459,100,99942,100,100485,100,99933,100,100951,100,99917,100,101179,100,99912,100,101222,100,99910,100,101323,100,99906,100
2019-06-28 09:38:30.000000000,100138,176,99998,176,100185,176,99965,176,100313,176,99951,176,100459,176,99947,176,100485,100,99942,100,100951,100,99933,100,101179,100,99917,100,101222,100,99912,100,101323,100,99910,100,101426,100,99906,100
2019-06-28 09:38:31.798460967,100138,176,100094,100,100185,176,99998,176,100313,176,99965,176,100459,176,99951,176,100485,100,99947,176,100951,100,99942,100,101179,100,99933,100,101222,100,99917,100,101323,100,99912,100,101426,100,99910,100
2019-06-28 09:38:40.000000000,100138,406,100094,406,100185,100,99998,100,100313,100,99965,100,100459,100,99951,100,100485,100,99947,100,100951,100,99942,100,101179,100,99933,100,101222,100,99917,100,101323,100,99912,100,101426,100,99910,100
2019-06-28 09:38:43.634294534,100138,406,100094,506,100185,100,99998,100,100313,100,99965,100,100459,100,99951,100,100485,100,99947,100,100951,100,99942,100,101179,100,99933,100,101222,100,99917,100,101323,100,99912,100,101426,100,99910,100
2019-06-28 09:38:50.000000000,100138,176,100094,276,100185,176,99998,176,100313,176,99965,176,100459,176,99951,176,100485,100,99947,100,100951,100,99942,100,101179,100,99933,100,101222,100,99917,100,101323,100,99912,100,101426,100,99910,100
2019-06-28 09:38:59.946101237,100138,176,100094,276,100185,176,99998,176,100313,176,99965,176,100459,176,99951,176,100485,100,99947,100,100649,100,99942,100,100951,100,99933,100,101179,100,99917,100,101222,100,99912,100,101323,100,99910,100
2019-06-28 09:39:00.000000000,100138,176,100094,276,100185,176,99998,176,100313,176,99965,176,100459,176,99951,176,100485,100,99947,100,100649,100,99942,100,100951,100,99933,100,101179,100,99917,100,101222,100,99912,100,101323,100,99910,100
2019-06-28 09:39:10.000000000,100138,406,100094,506,100185,100,99998,100,100313,100,99965,100,100459,100,99951,100,100485,100,99947,100,100649,100,99942,100,100951,100,99933,100,101179,100,99917,100,101222,100,99912,100,101323,100,99910,100
2019-06-28 09:39:13.109880665,100138,406,100094,506,100185,100,99998,100,100313,100,99965,100,100459,100,99951,100,100485,100,99947,100,100649,100,99942,100,100854,100,99933,100,100951,100,99917,100,101179,100,99912,100,101222,100,99910,100
2019-06-28 09:39:20.000000000,100138,176,100094,276,100185,176,99998,176,100313,176,99965,176,100459,176,99951,176,100485,100,99947,100,100649,100,99942,100,100854,100,99933,100,100951,100,99917,100,101179,100,99912,100,101222,100,99910,100
2019-06-28 09:39:30.000000000,100138,204,100094,304,100185,201,99998,201,100313,201,99965,201,100459,100,99951,100,100485,100,99947,100,100649,100,99942,100,100854,100,99933,100,100951,100,99917,100,101179,100,99912,100,101222,100,99910,100
2019-06-28 09:39:34.394124933,100138,4,100094,304,100185,201,99998,201,100313,201,99965,201,100459,100,99951,100,100485,100,99947,100,100649,100,99942,100,100854,100,99933,100,100951,100,99917,100,101179,100,99912,100,101222,100,99910,100
2019-06-28 09:39:40.000000000,100185,204,100094,304,100313,201,99998,201,100459,201,99965,201,100485,100,99951,100,100649,100,99947,100,100854,100,99942,100,100951,100,99933,100,101179,100,99917,100,101222,100,99912,100,101323,100,99910,100
2019-06-28 09:39:45.458156772,100185,104,100094,304,100313,201,99998,201,100459,201,99965,201,100485,100,99951,100,100649,100,99947,100,100854,100,99942,100,100951,100,99933,100,101179,100,99917,100,101222,100,99912,100,101323,100,99910,100
2019-06-28 09:39:50.000000000,100313,406,100094,506,100459,100,99998,100,100485,100,99965,100,100649,100,99951,100,100854,100,99947,100,100951,100,99942,100,101179,100,99933,100,101222,100,99917,100,101323,100,99912,100,101426,100,99910,100
2019-06-28 09:40:00.000000000,100313,253,100094,353,100459,253,99998,253,100485,100,99965,100,100649,100,99951,100,100854,100,99947,100,100951,100,99942,100,101179,100,99933,100,101222,100,99917,100,101323,100,99912,100,101426,100,99910,100
2019-06-28 09:40:10.000000000,100313,176,100094,276,100459,176,99998,176,100485,176,99965,176,100649,176,99951,176,100854,100,99947,100,100951,100,99942,100,101179,100,99933,100,101222,100,99917,100,101323,100,99912,100,101426,100,99910,100
2019-06-28 09:40:13.255024044,100313,76,100094,276,100459,176,99998,176,100485,176,99965,176,100649,176,99951,176,100854,100,99947,100,100951,100,99942,100,101179,100,99933,100,101222,100,99917,100,101426,100,99912,100,101647,100,99910,100
2019-06-28 09:40:20.000000000,100459,253,100094,353,100485,253,99998,253,100649,100,99965,100,100854,100,99951,100,100951,100,99947,100,101179,100,99942,100,101222,100,99933,100,101426,100,99917,100,101647,100,99912,100,101896,100,99910,100
2019-06-28 09:40:30.000000000,100459,253,100094,353,100485,253,99998,253,100649,100,99965,100,100854,100,99951,100,100951,100,99947,100,101179,100,99942,100,101222,100,99933,100,101426,100,99917,100,101647,100,99912,100,101896,100,99910,100
2019-06-28 09:40:32.020018997,100459,153,100094,353,100485,253,99998,253,100649,100,99965,100,100854,100,99951,100,100951,100,99947,100,101179,100,99942,100,101222,100,99933,100,101426,100,99917,100,101647,100,99912,100,101896,100,99906,100
2019-06-28 09:40:37.284881360,100459,153,100094,353,100485,253,99998,253,100649,100,99965,100,100854,100,99951,100,100951,100,99947,100,101179,100,99942,100,101222,100,99933,100,101426,100,99917,100,101647,100,99912,100,101896,100,99906,100
2019-06-28 09:40:38.953665057,100459,53,100094,353,100485,253,99998,253,100649,100,99965,100,100854,100,99951,100,100951,100,99947,100,101179,100,99942,100,101222,100,99933,100,101426,100,99917,100,101647,100,99906,100,101896,100,99890,100
2019-06-28 09:40:40.000000000,100485,176,100094,276,100649,176,99998,176,100854,176,99965,176,100951,176,99951,176,101179,100,99947,100,101222,100,99942,100,101426,100,99933,100,101647,100,99917,100,101896,100,99906,100,,,99890,100
2019-06-28 09:40:50.000000000,100485,406,100094,506,100649,100,99998,100,100854,100,99965,100,100951,100,99951,100,101179,100,99947,100,101222,100,99942,100,101426,100,99933,100,101647,100,99917,100,101896,100,99906,100,,,99890,100
2019-06-28 09:40:55.994399952,100485,406,100175,100,100649,100,100094,506,100854,100,99998,100,100951,100,99965,100,101179,100,99951,100,101222,100,99947,100,101426,100,99942,100,101647,100,99933,100,101896,100,99917,100,,,99906,100
2019-06-28 09:41:00.000000000,100485,161,100175,161,100649,161,100094,261,100854,161,99998,161,100951,161,99965,161,101179,161,99951,161,101222,100,99947,100,101426,100,99942,100,101647,100,99933,100,101896,100,99917,100,,,99906,100
2019-06-28 09:41:10.000000000,100485,176,100175,176,100649,176,100094,276,100854,176,99998,176,100951,176,99965,176,101179,100,99951,100,101222,100,99947,100,101426,100,99942,100,101647,100,99933,100,101896,100,99917,100,,,99906,100
2019-06-28 09:41:13.541187378,100485,176,100435,100,100649,176,100175,176,100854,176,100094,276,100951,176,99998,176,101179,100,99965,176,101222,100,99951,100,101426,100,99947,100,101647,100,99933,100,101896,100,99917,100,,,99906,100
2019-06-28 09:41:20.000000000,100485,176,100435,176,100649,176,100175,176,100854,176,100094,276,100951,176,99998,176,101179,100,99965,100,101222,100,99951,100,101426,100,99947,100,101647,100,99933,100,101896,100,99917,100,,,99906,100
2019-06-28 09:41:26.281335569,100485,176,100435,76,100649,176,100175,176,100854,176,100094,276,100951,176,99998,176,101179,100,99965,100,101222,100,99951,100,101426,100,99947,100,101647,100,99933,100,101896,100,99917,100,,,99906,100
2019-06-28 09:41:30.000000000,100485,204,100175,204,100649,201,100094,301,100854,201,99998,201,100951,100,99965,100,101179,100,99951,100,101222,100,99947,100,101426,100,99933,100,101647,100,99917,100,101896,100,99906,100,,,99890,100
2019-06-28 09:41:40.000000000,100485,161,100175,161,100649,161,100094,261,100854,161,99998,161,100951,161,99965,161,101179,161,99951,161,101222,100,99947,100,101426,100,99933,100,101647,100,99917,100,101896,100,99906,100,,,99890,100
2019-06-28 09:41:50.000000000,100485,161,100175,161,100649,161,100094,261,100854,161,99998,161,100951,161,99965,161,101179,161,99951,161,101222,100,99947,100,101426,100,99933,100,101647,100,99917,100,101896,100,99906,100,,,99890,100
2019-06-28 09:42:00.000000000,100485,176,100175,176,100649,176,100094,276,100854,176,99998,176,100951,176,99965,176,101179,100,99951,100,101222,100,99947,100,101426,100,99933,100,101647,100,99917,100,101896,100,99906,100,,,99890,100
2019-06-28 09:42:10.000000000,100485,204,100175,204,100649,201,100094,301,100854,201,99998,201,100951,100,99965,100,101179,100,99951,100,101222,100,99947,100,101426,100,99933,100,101647,100,99917,100,101896,100,99906,100,,,99890,100
2019-06-28 09:42:20.000000000,100485,161,100175,161,100649,161,100094,261,100854,161,99998,161,100951,161,99965,161,101179,161,99951,161,101222,100,99947,100,101426,100,99933,100,101647,100,99917,100,101896,100,99906,100,,,99890,100
2019-06-28 09:42:30.000000000,100485,176,100175,176,100649,176,100094,276,100854,176,99998,176,100951,176,99965,176,101179,100,99951,100,101222,100,99947,100,101426,100,99933,100,101647,100,99917,100,101896,100,99906,100,,,99890,100
2019-06-28 09:42:34.788263332,100485,176,100175,176,100649,176,100094,276,100747,100,99998,176,100854,176,99965,176,100951,176,99951,100,101179,100,99947,100,101222,100,99933,100,101426,100,99917,100,101647,100,99906,100,101896,100,99890,100
2019-06-28 09:42:40.000000000,100485,253,100175,253,100649,253,100094,353,100747,100,99998,100,100854,100,99965,100,100951,100,99951,100,101179,100,99947,100,101222,100,99933,100,101426,100,99917,100,101647,100,99906,100,101896,100,99890,100
2019-06-28 09:42:44.013165481,100485,253,100436,100,100649,253,100175,253,100747,100,100094,353,100854,100,99998,100,100951,100,99965,100,101179,100,99951,100,101222,100,99947,100,101426,100,99933,100,101647,100,99917,100,101896,100,99906,100
2019-06-28 09:42:50.000000000,100485,204,100436,204,100649,201,100175,201,100747,201,100094,301,100854,100,99998,100,100951,100,99965,100,101179,100,99951,100,101222,100,99947,100,101426,100,99933,100,101647,100,99917,100,101896,100,99906,100
2019-06-28 09:42:58.406943644,100485,204,100436,204,100545,100,100175,201,100649,201,100094,301,100747,201,99998,100,100854,100,99965,100,100951,100,99951,100,101179,100,99947,100,101222,100,99933,100,101426,100,99917,100,101647,100,99906,100
2019-06-28 09:43:00.000000000,100485,176,100436,176,100545,176,100175,176,100649,176,100094,276,100747,176,99998,176,100854,100,99965,100,100951,100,99951,100,101179,100,99947,100,101222,100,99933,100,101426,100,99917,100,101647,100,99906,100
2019-06-28 09:43:10.000000000,100485,204,100436,204,100545,201,100175,201,100649,201,100094,301,100747,100,99998,100,100854,100,99965,100,100951,100,99951,100,101179,100,99947,100,101222,100,99933,100,101426,100,99917,100,101647,100,99906,100
2019-06-28 09:43:20.000000000,100485,161,100436,161,100545,161,100175,161,100649,161,100094,261,100747,161,99998,161,100854,161,99965,161,100951,100,99951,100,101179,100,99947,100,101222,100,99933,100,101426,100,99917,100,101647,100,99906,100
2019-06-28 09:43:30.000000000,100485,161,100436,161,100545,161,100175,161,100649,161,100094,261,100747,161,99998,161,100854,161,99965,161,100951,100,99951,100,101179,100,99947,100,101222,100,99933,100,101426,100,99917,100,101647,100,99906,100
2019-06-28 09:43:35.319591290,100485,161,100436,161,100545,161,100175,161,100649,161,100094,261,100747,161,99998,161,100854,161,99965,161,100951,100,99951,100,101179,100,99947,100,101222,100,99933,100,101426,100,99917,100,101647,100,99890,100
2019-06-28 09:43:40.000000000,100485,406,100436,406,100545,100,100175,100,100649,100,100094,200,100747,100,99998,100,100854,100,99965,100,100951,100,99951,100,101179,100,99947,100,101222,100,99933,100,101426,100,99917,100,101647,100,99890,100
2019-06-28 09:43:50.000000000,100485,161,100436,161,100545,161,100175,161,100649,161,100094,261,100747,161,99998,161,100854,161,99965,161,100951,100,99951,100,101179,100,99947,100,101222,100,99933,100,101426,100,99917,100,101647,100,99890,100
2019-06-28 09:44:00.000000000,100485,161,100436,161,100545,161,100175,161,100649,161,100094,261,100747,161,99998,161,100854,161,99965,161,100951,100,99951,100,101179,100,99947,100,101222,100,99933,100,101426,100,99917,100,101647,100,99890,100
2019-06-28 09:44:10.000000000,100485,406,100436,406,100545,100,100175,100,100649,100,100094,200,100747,100,99998,100,100854,100,99965,100,100951,100,99951,100,101179,100,99947,100,101222,100,99933,100,101426,100,99917,100,101647,100,99890,100
2019-06-28 09:44:20.000000000,100485,253,100436,253,100545,253,100175,253,100649,100,100094,200,100747,100,99998,100,100854,100,99965,100,100951,100,99951,100,101179,100,99947,100,101222,100,99933,100,101426,100,99917,100,101647,100,99890,100
2019-06-28 09:44:22.720408525,100485,253,100436,253,100545,253,100175,253,100649,100,100094,200,100747,100,99998,100,100854,100,99965,100,100951,100,99951,100,101179,100,99947,100,101222,100,99933,100,101426,100,99917,100,101647,100,99887,100
2019-06-28 09:44:23.082702881,100485,253,100436,253,100545,253,100372,100,100649,100,100175,253,100747,100,100094,200,100854,100,99998,100,100951,100,99965,100,101179,100,99951,100,101426,100,99947,100,101647,100,99933,100,101896,100,99917,100
2019-06-28 09:44:30.000000000,100485,204,100436,204,100545,201,100372,201,100649,201,100175,201,100747,100,100094,200,100854,100,99998,100,100951,100,99965,100,101179,100,99951,100,101426,100,99947,100,101647,100,99933,100,101896,100,99917,100
2019-06-28 09:44:30.216981040,100459,100,100436,204,100485,204,100372,201,100545,201,100175,201,100649,201,100094,200,100747,100,99998,100,100854,100,99965,100,100951,100,99951,100,101179,100,99947,100,101426,100,99933,100,101647,100,99917,100
2019-06-28 09:44:40.000000000,100459,406,100436,406,100485,100,100372,100,100545,100,100175,100,100649,100,100094,200,100747,100,99998,100,100854,100,99965,100,100951,100,99951,100,101179,100,99947,100,101426,100,99933,100,101647,100,99917,100
2019-06-28 09:44:50.000000000,100459,176,100436,176,100485,176,100372,176,100545,176,100175,176,100649,176,100094,276,100747,100,99998,100,100854,100,99965,100,100951,100,99951,100,101179,100,99947,100,101426,100,99933,100,101647,100,99917,100
2019-06-28 09:45:00.000000000,100459,204,100436,204,100485,201,100372,201,100545,201,100175,201,100649,100,100094,200,100747,100,99998,100,100854,100,99965,100,100951,100,99951,100,101179,100,99947,100,101426,100,99933,100,101647,100,99917,100
2019-06-28 09:45:10.000000000,100459,406,100436,406,100485,100,100372,100,100545,100,100175,100,100649,100,100094,200,100747,100,99998,100,100854,100,99965,100,100951,100,99951,100,101179,100,99947,100,101426,100,99933,100,101647,100,99917,100
2019-06-28 09:45:20.000000000,100459,253,100436,253,100485,253,100372,253,100545,100,100175,100,100649,100,100094,200,100747,100,99998,100,100854,100,99965,100,100951,100,99951,100,101179,100,99947,100,101426,100,99933,100,101647,100,99917,100
2019-06-28 09:45:26.270028068,100459,253,100436,253,100485,253,100372,253,100545,100,100175,100,100649,100,100094,200,100747,100,99998,100,100854,100,99965,100,100951,100,99951,100,101179,100,99947,100,101359,100,99933,100,101426,100,99917,100
2019-06-28 09:45:28.618868156,100459,153,100436,253,100485,253,100372,253,100545,100,100175,100,100649,100,100094,200,100747,100,99998,100,100854,100,99965,100,100951,100,99951,100,101179,100,99947,100,101359,100,99933,100,101426,100,99917,100
2019-06-28 09:45:30.000000000,100485,176,100436,176,100545,176,100372,176,100649,176,100175,176,100747,176,100094,276,100854,100,99998,100,100951,100,99965,100,101179,100,99951,100,101359,100,99947,100,101426,100,99933,100,101647,100,99917,100
2019-06-28 09:45:40.000000000,100485,176,100436,176,100545,176,100372,176,100649,176,100175,176,100747,176,100094,276,100854,100,99998,100,100951,100,99965,100,101179,100,99951,100,101359,100,99947,100,101426,100,99933,100,101647,100,99917,100
2019-06-28 09:45:50.000000000,100485,204,100436,204,100545,201,100372,201,100649,201,100175,201,100747,100,100094,200,100854,100,99998,100,100951,100,99965,100,101179,100,99951,100,101359,100,99947,100,101426,100,99933,100,101647,100,99917,100
2019-06-28 09:46:00.000000000,100485,161,100436,161,100545,161,100372,161,100649,161,100175,161,100747,161,100094,261,100854,161,99998,161,100951,100,99965,100,101179,100,99951,100,101359,100,99947,100,101426,100,99933,100,101647,100,99917,100
2019-06-28 09:46:07.762562483,100485,161,100436,161,100545,161,100372,161,100649,161,100175,161,100747,161,100094,261,100854,161,99998,161,100951,100,99965,100,101179,100,99951,100,101359,100,99947,100,101426,100,99933,100,101647,100,99917,100
2019-06-28 09:46:10.000000000,100485,406,100436,406,100545,100,100372,100,100649,100,100175,100,100747,100,100094,200,100854,100,99998,100,100951,100,99965,100,101179,100,99951,100,101359,100,99947,100,101426,100,99933,100,101647,100,99917,100
2019-06-28 09:46:20.000000000,100485,406,100436,406,100545,100,100372,100,100649,100,100175,100,100747,100,100094,200,100854,100,99998,100,100951,100,99965,100,101179,100,99951,100,101359,100,99947,100,101426,100,99933,100,101647,100,99917,100
2019-06-28 09:46:29.215179192,100485,306,100436,406,100545,100,100372,100,100649,100,100175,100,100747,100,100094,200,100854,100,99998,100,100951,100,99965,100,101179,100,99951,100,101359,100,99947,100,101426,100,99933,100,101647,100,99917,100
2019-06-28 09:46:30.000000000,100545,176,100436,176,100649,176,100372,176,100747,176,100175,176,100854,176,100094,276,100951,100,99998,100,101179,100,99965,100,101359,100,99951,100,101426,100,99947,100,101647,100,99933,100,101896,100,99917,100
2019-06-28 09:46:40.000000000,100545,406,100436,406,100649,100,100372,100,100747,100,100175,100,100854,100,100094,200,100951,100,99998,100,101179,100,99965,100,101359,100,99951,100,101426,100,99947,100,101647,100,99933,100,101896,100,99917,100
2019-06-28 09:46:42.906977827,100545,406,100436,406,100649,100,100372,100,100747,100,100175,100,100854,100,100094,200,100951,100,99998,100,101179,100,99965,100,101359,100,99951,100,101426,100,99947,100,101647,100,99917,100,101868,100,99887,100
2019-06-28 09:46:50.000000000,100545,161,100436,161,100649,161,100372,161,100747,161,100175,161,100854,161,100094,261,100951,161,99998,161,101179,100,99965,100,101359,100,99951,100,101426,100,99947,100,101647,100,99917,100,101868,100,99887,100
2019-06-28 09:46:55.694172533,100545,161,100459,100,100649,161,100436,161,100747,161,100372,161,100854,161,100175,161,100951,161,100094,261,101179,100,99998,161,101359,100,99965,100,101426,100,99951,100,101647,100,99947,100,101868,100,99917,100
2019-06-28 09:47:00.000000000,100545,161,100459,161,100649,161,100436,161,100747,161,100372,161,100854,161,100175,161,100951,161,100094,261,101179,100,99998,100,101359,100,99965,100,101426,100,99951,100,101647,100,99947,100,101868,100,99917,100
2019-06-28 09:47:10.000000000,100545,204,100459,204,100649,201,100436,201,100747,201,100372,201,100854,100,100175,100,100951,100,100094,200,101179,100,99998,100,101359,100,99965,100,101426,100,99951,100,101647,100,99947,100,101868,100,99917,100
2019-06-28 09:47:20.000000000,100545,176,100459,176,100649,176,100436,176,100747,176,100372,176,100854,176,100175,176,100951,100,100094,200,101179,100,99998,100,101359,100,99965,100,101426,100,99951,100,101647,100,99947,100,101868,100,99917,100
2019-06-28 09:47:30.000000000,100545,161,100459,161,100649,161,100436,161,100747,161,100372,161,100854,161,100175,161,100951,161,100094,261,101179,100,99998,100,101359,100,99965,100,101426,100,99951,100,101647,100,99947,100,101868,100,99917,100
2019-06-28 09:47:30.017521949,100545,161,100459,161,100649,161,100436,161,100747,161,100372,161,100854,161,100175,161,100951,161,100094,261,101179,100,99998,100,101200,100,99965,100,101359,100,99951,100,101426,100,99947,100,101647,100,99917,100
2019-06-28 09:47:40.000000000,100545,406,100459,406,100649,100,100436,100,100747,100,100372,100,100854,100,100175,100,100951,100,100094,200,101179,100,99998,100,101200,100,99965,100,101359,100,99951,100,101426,100,99947,100,101647,100,99917,100
2019-06-28 09:47:47.613521081,100545,306,100459,406,100649,100,100436,100,100747,100,100372,100,100854,100,100175,100,100951,100,100094,200,101179,100,99998,100,101200,100,99965,100,101359,100,99951,100,101647,100,99947,100,101868,100,99917,100
2019-06-28 09:47:50.000000000,100649,176,100459,176,100747,176,100436,176,100854,176,100372,176,100951,176,100175,176,101179,100,100094,200,101200,100,99998,100,101359,100,99965,100,101647,100,99951,100,101868,100,99947,100,101896,100,99917,100
2019-06-28 09:48:00.000000000,100649,253,100459,253,100747,253,100436,253,100854,100,100372,100,100951,100,100175,100,101179,100,100094,200,101200,100,99998,100,101359,100,99965,100,101647,100,99951,100,101868,100,99947,100,101896,100,99917,100
2019-06-28 09:48:07.339450939,100649,253,100485,100,100747,253,100459,253,100854,100,100436,253,100951,100,100372,100,101179,100,100175,100,101200,100,100094,200,101359,100,99998,100,101647,100,99965,100,101868,100,99951,100,101896,100,99947,100
2019-06-28 09:48:10.000000000,100649,406,100485,406,100747,100,100459,100,100854,100,100436,100,100951,100,100372,100,101179,100,100175,100,101200,100,100094,200,101359,100,99998,100,101647,100,99965,100,101868,100,99951,100,101896,100,99947,100
2019-06-28 09:48:15.541817046,100649,406,100485,506,100747,100,100459,100,100854,100,100436,100,100951,100,100372,100,101179,100,100175,100,101200,100,100094,200,101359,100,99998,100,101647,100,99965,100,101868,100,99951,100,101896,100,99947,100
2019-06-28 09:48:20.000000000,100649,176,100485,276,100747,176,100459,176,100854,176,100436,176,100951,176,100372,176,101179,100,100175,100,101200,100,100094,200,101359,100,99998,100,101647,100,99965,100,101868,100,99951,100,101896,100,99947,100
2019-06-28 09:48:22.215873463,100649,176,100485,276,100747,176,100459,176,100854,276,100436,176,100951,176,100372,176,101179,100,100175,100,101200,100,100094,200,101359,100,99998,100,101647,100,99965,100,101868,100,99951,100,101896,100,99947,100
2019-06-28 09:48:30.000000000,100649,176,100485,276,100747,176,100459,176,100854,276,100436,176,100951,176,100372,176,101179,100,100175,100,101200,100,100094,200,101359,100,99998,100,101647,100,99965,100,101868,100,99951,100,101896,100,99947,100
2019-06-28 09:48:38.213972728,100649,176,100485,276,100747,176,100459,176,100765,100,100436,176,100854,276,100372,176,100951,176,100175,100,101179,100,100094,200,101200,100,99998,100,101359,100,99965,100,101647,100,99951,100,101896,100,99947,100
2019-06-28 09:48:40.000000000,100649,204,100485,304,100747,201,100459,201,100765,201,100436,201,100854,200,100372,100,100951,100,100175,100,101179,100,100094,200,101200,100,99998,100,101359,100,99965,100,101647,100,99951,100,101896,100,99947,100
2019-06-28 09:48:44.193226159,100649,204,100485,304,100747,201,100459,201,100765,201,100436,201,100854,200,100372,100,100933,100,100175,100,100951,100,100094,200,101179,100,99998,100,101200,100,99965,100,101359,100,99951,100,101647,100,99947,100
2019-06-28 09:48:45.775413244,100649,204,100643,100,100747,201,100485,304,100765,201,100459,201,100854,200,100436,201,100933,100,100372,100,100951,100,100175,100,101179,100,100094,200,101200,100,99998,100,101359,100,99965,100,101647,100,99951,100
2019-06-28 09:48:47.973926008,100649,204,100643,100,100747,201,100485,304,100765,201,100459,201,100854,200,100436,201,100933,100,100372,100,100951,100,100175,100,101038,100,100094,200,101179,100,99998,100,101200,100,99965,100,101359,100,99951,100
2019-06-28 09:48:50.000000000,100649,161,100643,161,100747,161,100485,261,100765,161,100459,161,100854,261,100436,161,100933,161,100372,161,100951,100,100175,100,101038,100,100094,200,101179,100,99998,100,101200,100,99965,100,101359,100,99951,100
2019-06-28 09:48:53.485075680,100649,61,100643,161,100747,161,100485,261,100765,161,100459,161,100854,261,100436,161,100933,161,100372,161,100951,100,100175,100,101038,100,100094,200,101179,100,99998,100,101200,100,99965,100,101359,100,99951,100
2019-06-28 09:49:00.000000000,100747,161,100643,161,100765,161,100485,261,100854,261,100459,161,100933,161,100436,161,100951,161,100372,161,101038,100,100175,100,101179,100,100094,200,101200,100,99998,100,101359,100,99965,100,101647,100,99951,100
2019-06-28 09:49:10.000000000,100747,161,100643,161,100765,161,100485,261,100854,261,100459,161,100933,161,100436,161,100951,161,100372,161,101038,100,100175,100,101179,100,100094,200,101200,100,99998,100,101359,100,99965,100,101647,100,99951,100
2019-06-28 09:49:20.000000000,100747,253,100643,253,100765,253,100485,353,100854,200,100459,100,100933,100,100436,100,100951,100,100372,100,101038,100,100175,100,101179,100,100094,200,101200,100,99998,100,101359,100,99965,100,101647,100,99951,100
2019-06-28 09:49:30.000000000,100747,161,100643,161,100765,161,100485,261,100854,261,100459,161,100933,161,100436,161,100951,161,100372,161,101038,100,100175,100,101179,100,100094,200,101200,100,99998,100,101359,100,99965,100,101647,100,99951,100
2019-06-28 09:49:40.000000000,100747,253,100643,253,100765,253,100485,353,100854,200,100459,100,100933,100,100436,100,100951,100,100372,100,101038,100,100175,100,101179,100,100094,200,101200,100,99998,100,101359,100,99965,100,101647,100,99951,100
2019-06-28 09:49:50.000000000,100747,161,100643,161,100765,161,100485,261,100854,261,100459,161,100933,161,100436,161,100951,161,100372,161,101038,100,100175,100,101179,100,100094,200,101200,100,99998,100,101359,100,99965,100,101647,100,99951,100
2019-06-28 09:50:00.000000000,100747,253,100643,253,100765,253,100485,353,100854,200,100459,100,100933,100,100436,100,100951,100,100372,100,101038,100,100175,100,101179,100,100094,200,101200,100,99998,100,101359,100,99965,100,101647,100,99951,100
2019-06-28 09:50:10.000000000,100747,176,100643,176,100765,176,100485,276,100854,276,100459,176,100933,176,100436,176,100951,100,100372,100,101038,100,100175,100,101179,100,100094,200,101200,100,99998,100,101359,100,99965,100,101647,100,99951,100
2019-06-28 09:50:20.000000000,100747,253,100643,253,100765,253,100485,353,100854,200,100459,100,100933,100,100436,100,100951,100,100372,100,101038,100,100175,100,101179,100,100094,200,101200,100,99998,100,101359,100,99965,100,101647,100,99951,100
2019-06-28 09:50:21.971710208,100747,153,100643,253,100765,253,100485,353,100854,200,100459,100,100933,100,100436,100,100951,100,100372,100,101038,100,100175,100,101179,100,100094,200,101200,100,99998,100,101359,100,99965,100,101647,100,99951,100
2019-06-28 09:50:30.000000000,100765,253,100643,253,100854,353,100485,353,100933,100,100459,100,100951,100,100436,100,101038,100,100372,100,101179,100,100175,100,101200,100,100094,200,101359,100,99998,100,101647,100,99965,100,101922,100,99951,100
2019-06-28 09:50:32.351101927,100765,253,100643,253,100854,353,100485,353,100933,100,100459,100,100951,100,100436,100,101038,100,100372,100,101179,100,100175,100,101198,100,100094,200,101200,100,99998,100,101359,100,99965,100,101647,100,99951,100
2019-06-28 09:50:35.822153903,100765,253,100643,253,100854,353,100508,100,100933,100,100485,353,100951,100,100459,100,101038,100,100436,100,101179,100,100372,100,101198,100,100175,100,101200,100,100094,200,101359,100,99998,100,101647,100,99965,100
2019-06-28 09:50:40.000000000,100765,176,100643,176,100854,276,100508,176,100933,176,100485,276,100951,176,100459,176,101038,100,100436,100,101179,100,100372,100,101198,100,100175,100,101200,100,100094,200,101359,100,99998,100,101647,100,99965,100
2019-06-28 09:50:50.000000000,100765,161,100643,161,100854,261,100508,161,100933,161,100485,261,100951,161,100459,161,101038,161,100436,161,101179,100,100372,100,101198,100,100175,100,101200,100,100094,200,101359,100,99998,100,101647,100,99965,100
2019-06-28 09:51:00.000000000,100765,161,100643,161,100854,261,100508,161,100933,161,100485,261,100951,161,100459,161,101038,161,100436,161,101179,100,100372,100,101198,100,100175,100,101200,100,100094,200,101359,100,99998,100,101647,100,99965,100
2019-06-28 09:51:00.236876093,100765,161,100643,161,100854,261,100508,161,100933,161,100485,261,100951,161,100459,161,101038,161,100436,161,101179,100,100372,100,101198,100,100175,100,101200,100,100094,100,101359,100,99998,100,101647,100,99965,100
2019-06-28 09:51:10.000000000,100765,161,100643,161,100854,261,100508,161,100933,161,100485,261,100951,161,100459,161,101038,161,100436,161,101179,100,100372,100,101198,100,100175,100,101200,100,100094,100,101359,100,99998,100,101647,100,99965,100
2019-06-28 09:51:12.451315253,100765,161,100649,100,100854,261,100643,161,100933,161,100508,161,100951,161,100485,161,101038,161,100459,161,101179,100,100436,161,101198,100,100372,100,101200,100,100175,100,101359,100,100094,100,101647,100,99998,100
2019-06-28 09:51:20.000000000,100765,161,100649,161,100854,261,100643,161,100933,161,100508,161,100951,161,100485,161,101038,161,100459,161,101179,100,100436,100,101198,100,100372,100,101200,100,100175,100,101359,100,100094,100,101647,100,99998,100
2019-06-28 09:51:23.388130477,100765,161,100653,100,100854,261,100649,161,100933,161,100643,161,100951,161,100508,161,101038,161,100485,161,101179,100,100459,161,101198,100,100436,100,101200,100,100372,100,101359,100,100175,100,101647,100,100094,100
2019-06-28 09:51:30.000000000,100765,406,100653,406,100854,200,100649,100,100933,100,100643,100,100951,100,100508,100,101038,100,100485,100,101179,100,100459,100,101198,100,100436,100,101200,100,100372,100,101359,100,100175,100,101647,100,100094,100
2019-06-28 09:51:40.000000000,100765,253,100653,253,100854,353,100649,253,100933,100,100643,100,100951,100,100508,100,101038,100,100485,100,101179,100,100459,100,101198,100,100436,100,101200,100,100372,100,101359,100,100175,100,101647,100,100094,100
2019-06-28 09:51:45.588974191,100765,253,100653,253,100854,353,100649,253,100933,100,100643,100,100951,100,100508,100,101038,100,100485,100,101179,100,100459,100,101198,100,100436,100,101200,100,100372,100,101359,100,100309,100,101647,100,100175,100
2019-06-28 09:51:50.000000000,100765,161,100653,161,100854,261,100649,161,100933,161,100643,161,100951,161,100508,161,101038,161,100485,161,101179,100,100459,100,101198,100,100436,100,101200,100,100372,100,101359,100,100309,100,101647,100,100175,100
2019-06-28 09:52:00.000000000,100765,161,100653,161,100854,261,100649,161,100933,161,100643,161,100951,161,100508,161,101038,161,100485,161,101179,100,100459,100,101198,100,100436,100,101200,100,100372,100,101359,100,100309,100,101647,100,100175,100
2019-06-28 09:52:10.000000000,100765,204,100653,204,100854,301,100649,201,100933,201,100643,201,100951,100,100508,100,101038,100,100485,100,101179,100,100459,100,101198,100,100436,100,101200,100,100372,100,101359,100,100309,100,101647,100,100175,100
2019-06-28 09:52:20.000000000,100765,176,100653,176,100854,276,100649,176,100933,176,100643,176,100951,176,100508,176,101038,100,100485,100,101179,100,100459,100,101198,100,100436,100,101200,100,100372,100,101359,100,100309,100,101647,100,100175,100
2019-06-28 09:52:30.000000000,100765,176,100653,176,100854,276,100649,176,100933,176,100643,176,100951,176,100508,176,101038,100,100485,100,101179,100,100459,100,101198,100,100436,100,101200,100,100372,100,101359,100,100309,100,101647,100,100175,100
2019-06-28 09:52:40.000000000,100765,204,100653,204,100854,301,100649,201,100933,201,100643,201,100951,100,100508,100,101038,100,100485,100,101179,100,100459,100,101198,100,100436,100,101200,100,100372,100,101359,100,100309,100,101647,100,100175,100
2019-06-28 09:52:50.000000000,100765,406,100653,406,100854,200,100649,100,100933,100,100643,100,100951,100,100508,100,101038,100,100485,100,101179,100,100459,100,101198,100,100436,100,101200,100,100372,100,101359,100,100309,100,101647,100,100175,100
2019-06-28 09:52:53.198267614,100765,406,100653,406,100854,200,100649,100,100933,100,100643,100,100951,100,100518,100,101038,100,100508,100,101179,100,100485,100,101198,100,100459,100,101200,100,100436,100,101359,100,100372,100,101647,100,100309,100
2019-06-28 09:53:00.000000000,100765,161,100653,161,100854,261,100649,161,100933,161,100643,161,100951,161,100518,161,101038,161,100508,161,101179,100,100485,100,101198,100,100459,100,101200,100,100436,100,101359,100,100372,100,101647,100,100309,100
2019-06-28 09:53:03.552920678,100765,161,100653,61,100854,261,100649,161,100933,161,100643,161,100951,161,100518,161,101038,161,100508,161,101179,100,100485,100,101198,100,100459,100,101200,100,100436,100,101359,100,100372,100,101647,100,100309,100
2019-06-28 09:53:04.793709560,100765,161,100653,61,100854,261,100649,161,100933,161,100643,161,100951,161,100518,161,101038,161,100508,161,101179,100,100459,100,101198,100,100436,100,101200,100,100372,100,101359,100,100309,100,101647,100,100175,100
2019-06-28 09:53:10.000000000,100765,253,100649,253,100854,353,100643,253,100933,100,100518,100,100951,100,100508,100,101038,100,100459,100,101179,100,100436,100,101198,100,100372,100,101200,100,100309,100,101359,100,100175,100,101647,100,100094,100
2019-06-28 09:53:12.538023739,100765,253,100649,153,100854,353,100643,253,100933,100,100518,100,100951,100,100508,100,101038,100,100459,100,101179,100,100436,100,101198,100,100372,100,101200,100,100175,100,101359,100,100094,100,101647,100,99998,100
2019-06-28 09:53:20.000000000,100765,176,100643,176,100854,276,100518,176,100933,176,100508,176,100951,176,100459,176,101038,100,100436,100,101179,100,100372,100,101198,100,100175,100,101200,100,100094,100,101359,100,99998,100,101647,100,99965,100
2019-06-28 09:53:30.000000000,100765,204,100643,204,100854,301,100518,201,100933,201,100508,201,100951,100,100459,100,101038,100,100436,100,101179,100,100372,100,101198,100,100175,100,101200,100,100094,100,101359,100,99998,100,101647,100,99965,100
2019-06-28 09:53:40.000000000,100765,161,100643,161,100854,261,100518,161,100933,161,100508,161,100951,161,100459,161,101038,161,100436,161,101179,100,100372,100,101198,100,100175,100,101200,100,100094,100,101359,100,99998,100,101647,100,99965,100
2019-06-28 09:53:50.000000000,100765,161,100643,161,100854,261,100518,161,100933,161,100508,161,100951,161,100459,161,101038,161,100436,161,101179,100,100372,100,101198,100,100175,100,101200,100,100094,100,101359,100,99998,100,101647,100,99965,100
2019-06-28 09:54:00.000000000,100765,253,100643,253,100854,353,100518,253,100933,100,100508,100,100951,100,100459,100,101038,100,100436,100,101179,100,100372,100,101198,100,100175,100,101200,100,100094,100,101359,100,99998,100,101647,100,99965,100
2019-06-28 09:54:03.297266357,100765,253,100643,253,100854,353,100518,253,100933,100,100508,100,100951,100,100459,100,101179,100,100436,100,101198,100,100412,100,101200,100,100372,100,101359,100,100175,100,101647,100,100094,100,101922,100,99998,100
2019-06-28 09:54:07.050546945,100765,253,100643,53,100854,353,100518,253,100933,100,100508,100,100951,100,100459,100,101179,100,100436,100,101198,100,100412,100,101200,100,100372,100,101359,100,100175,100,101647,100,100094,100,101922,100,99998,100
2019-06-28 09:54:10.000000000,100765,161,100518,161,100854,261,100508,161,100933,161,100459,161,100951,161,100436,161,101179,161,100412,161,101198,100,100372,100,101200,100,100175,100,101359,100,100094,100,101647,100,99998,100,101922,100,99965,100
2019-06-28 09:54:20.000000000,100765,161,100518,161,100854,261,100508,161,100933,161,100459,161,100951,161,100436,161,101179,161,100412,161,101198,100,100372,100,101200,100,100175,100,101359,100,100094,100,101647,100,99998,100,101922,100,99965,100
2019-06-28 09:54:21.579605655,100765,161,100518,161,100854,261,100508,161,100933,61,100459,161,100951,161,100436,161,101179,161,100412,161,101198,100,100372,100,101200,100,100175,100,101359,100,100139,100,101647,100,100094,100,101922,100,99998,100
2019-06-28 09:54:30.000000000,100765,204,100518,204,100854,301,100508,201,100951,201,100459,201,101179,100,100436,100,101198,100,100412,100,101200,100,100372,100,101359,100,100175,100,101647,100,100139,100,101922,100,100094,100,,,99998,100
2019-06-28 09:54:32.818009395,100765,204,100518,204,100854,301,100508,201,100951,201,100459,201,101179,100,100436,100,101198,100,100412,100,101200,100,100372,100,101359,100,100175,100,101647,100,100164,100,101922,100,100139,100,,,100094,100
2019-06-28 09:54:39.590913572,100765,204,100518,204,100854,301,100508,201,100951,201,100459,201,101179,100,100436,100,101198,100,100412,100,101200,100,100375,100,101359,100,100372,100,101647,100,100175,100,101922,100,100164,100,,,100139,100
2019-06-28 09:54:40.000000000,100765,204,100518,204,100854,301,100508,201,100951,201,100459,201,101179,100,100436,100,101198,100,100412,100,101200,100,100375,100,101359,100,100372,100,101647,100,100175,100,101922,100,100164,100,,,100139,100
2019-06-28 09:54:50.000000000,100765,204,100518,204,100854,301,100508,201,100951,201,100459,201,101179,100,100436,100,101198,100,100412,100,101200,100,100375,100,101359,100,100372,100,101647,100,100175,100,101922,100,100164,100,,,100139,100
2019-06-28 09:55:00.000000000,100765,176,100518,176,100854,276,100508,176,100951,176,100459,176,101179,176,100436,176,101198,100,100412,100,101200,100,100375,100,101359,100,100372,100,101647,100,100175,100,101922,100,100164,100,,,100139,100
2019-06-28 09:55:07.247418535,100649,100,100518,176,100765,176,100508,176,100854,276,100459,176,100951,176,100436,176,101179,176,100412,100,101198,100,100375,100,101200,100,100372,100,101359,100,100175,100,101647,100,100164,100,101922,100,100139,100
2019-06-28 09:55:10.000000000,100649,204,100518,204,100765,201,100508,201,100854,301,100459,201,100951,100,100436,100,101179,100,100412,100,101198,100,100375,100,101200,100,100372,100,101359,100,100175,100,101647,100,100164,100,101922,100,100139,100
2019-06-28 09:55:12.033935429,100649,204,100518,204,100765,201,100508,201,100854,301,100459,201,100951,100,100436,100,101179,100,100412,100,101198,100,100375,100,101200,100,100372,100,101359,100,100178,100,101647,100,100175,100,101922,100,100164,100
2019-06-28 09:55:20.000000000,100649,253,100518,253,100765,253,100508,253,100854,200,100459,100,100951,100,100436,100,101179,100,100412,100,101198,100,100375,100,101200,100,100372,100,101359,100,100178,100,101647,100,100175,100,101922,100,100164,100
2019-06-28 09:55:30.000000000,100649,406,100518,406,100765,100,100508,100,100854,200,100459,100,100951,100,100436,100,101179,100,100412,100,101198,100,100375,100,101200,100,100372,100,101359,100,100178,100,101647,100,100175,100,101922,100,100164,100
2019-06-28 09:55:33.536390499,100649,406,100518,406,100765,100,100508,100,100854,200,100459,100,100951,100,100436,100,101179,100,100412,100,101198,100,100375,100,101200,100,100372,100,101359,100,100178,100,101647,100,100175,100,101922,100,100164,100
2019-06-28 09:55:39.021635782,100649,406,100518,306,100765,100,100508,100,100854,200,100459,100,100951,100,100436,100,101179,100,100412,100,101198,100,100375,100,101200,100,100372,100,101359,100,100178,100,101647,100,100175,100,101922,100,100164,100
2019-06-28 09:55:40.000000000,100649,176,100508,176,100765,176,100459,176,100854,276,100436,176,100951,176,100412,176,101179,100,100375,100,101198,100,100372,100,101200,100,100178,100,101359,100,100175,100,101647,100,100164,100,101922,100,100139,100
2019-06-28 09:55:42.737874588,100649,176,100508,176,100765,176,100459,176,100854,176,100436,176,100951,176,100412,176,101179,100,100375,100,101198,100,100372,100,101200,100,100178,100,101359,100,100175,100,101647,100,100164,100,101922,100,100139,100
2019-06-28 09:55:48.884610305,100649,176,100508,76,100765,176,100459,176,100854,76,100436,176,100951,176,100412,176,101179,100,100375,100,101198,100,100372,100,101200,100,100178,100,101359,100,100175,100,101647,100,100164,100,101922,100,100139,100
2019-06-28 09:55:50.000000000,100649,406,100459,406,100765,100,100436,100,100951,100,100412,100,101179,100,100375,100,101198,100,100372,100,101200,100,100178,100,101359,100,100175,100,101647,100,100164,100,101922,100,100139,100,,,100094,100
2019-06-28 09:56:00.000000000,100649,161,100459,161,100765,161,100436,161,100951,161,100412,161,101179,161,100375,161,101198,161,100372,161,101200,100,100178,100,101359,100,100175,100,101647,100,100164,100,101922,100,100139,100,,,100094,100
2019-06-28 09:56:10.000000000,100649,406,100459,406,100765,100,100436,100,100951,100,100412,100,101179,100,100375,100,101198,100,100372,100,101200,100,100178,100,101359,100,100175,100,101647,100,100164,100,101922,100,100139,100,,,100094,100
2019-06-28 09:56:20.000000000,100649,176,100459,176,100765,176,100436,176,100951,176,100412,176,101179,176,100375,176,101198,100,100372,100,101200,100,100178,100,101359,100,100175,100,101647,100,100164,100,101922,100,100139,100,,,100094,100
2019-06-28 09:56:20.714856703,100649,176,100459,176,100765,176,100436,176,100951,176,100412,176,101179,176,100375,176,101198,100,100372,100,101200,100,100178,100,101359,100,100175,100,101647,100,100164,100,101922,100,100139,100,,,100094,100
2019-06-28 09:56:23.951707515,100649,176,100459,76,100765,176,100436,176,100951,176,100412,176,101179,176,100375,176,101198,100,100372,100,101200,100,100178,100,101359,100,100175,100,101647,100,100164,100,101922,100,100139,100,,,100094,100
2019-06-28 09:56:30.000000000,100649,161,100436,161,100765,161,100412,161,100951,161,100375,161,101179,161,100372,161,101198,161,100178,161,101200,100,100175,100,101359,100,100164,100,101647,100,100139,100,101922,100,100094,100,,,99998,100
2019-06-28 09:56:35.275075634,100649,161,100436,161,100765,161,100412,161,100951,161,100375,161,101179,161,100372,161,101198,161,100178,161,101200,100,100175,100,101359,100,100164,100,101647,100,100139,100,101922,100,100094,100,,,99998,100
2019-06-28 09:56:36.650425021,100649,161,100436,61,100765,161,100412,161,100951,161,100375,161,101179,161,100372,161,101198,161,100178,161,101200,100,100175,100,101359,100,100164,100,101647,100,100139,100,101922,100,100094,100,,,99998,100
2019-06-28 09:56:38.822346075,100459,100,100436,61,100649,161,100412,161,100765,161,100375,161,100951,161,100372,161,101179,161,100178,161,101198,161,100175,100,101200,100,100164,100,101359,100,100139,100,101647,100,100094,100,101922,100,99998,100
2019-06-28 09:56:40.000000000,100459,253,100412,253,100649,253,100375,253,100765,100,100372,100,100951,100,100178,100,101179,100,100175,100,101198,100,100164,100,101200,100,100139,100,101359,100,100094,100,101647,100,99998,100,101922,100,99965,100
2019-06-28 09:56:50.000000000,100459,406,100412,406,100649,100,100375,100,100765,100,100372,100,100951,100,100178,100,101179,100,100175,100,101198,100,100164,100,101200,100,100139,100,101359,100,100094,100,101647,100,99998,100,101922,100,99965,100
2019-06-28 09:56:54.113214831,100459,406,100412,406,100649,100,100375,100,100765,100,100372,100,100951,100,100178,100,101179,100,100175,100,101198,100,100164,100,101200,100,100139,100,101359,100,100094,100,101647,100,99998,100,101922,100,99965,100
2019-06-28 09:56:56.843675840,100459,506,100412,406,100649,100,100375,100,100765,100,100372,100,100951,100,100178,100,101179,100,100175,100,101198,100,100164,100,101200,100,100139,100,101359,100,100094,100,101647,100,99998,100,101922,100,99965,100
2019-06-28 09:56:59.982010464,100459,506,100412,406,100649,100,100375,100,100765,100,100372,100,100951,100,100178,100,101179,100,100175,100,101198,100,100164,100,101200,100,100139,100,101359,100,100094,100,101647,100,100002,100,101922,100,99998,100
2019-06-28 09:57:00.000000000,100459,276,100412,176,100649,176,100375,176,100765,176,100372,176,100951,176,100178,176,101179,100,100175,100,101198,100,100164,100,101200,100,100139,100,101359,100,100094,100,101647,100,100002,100,101922,100,99998,100
2019-06-28 09:57:10.000000000,100459,506,100412,406,100649,100,100375,100,100765,100,100372,100,100951,100,100178,100,101179,100,100175,100,101198,100,100164,100,101200,100,100139,100,101359,100,100094,100,101647,100,100002,100,101922,100,99998,100
2019-06-28 09:57:20.000000000,100459,276,100412,176,100649,176,100375,176,100765,176,100372,176,100951,176,100178,176,101179,100,100175,100,101198,100,100164,100,101200,100,100139,100,101359,100,100094,100,101647,100,100002,100,101922,100,99998,100
2019-06-28 09:57:28.614551185,100459,276,100412,76,100649,176,100375,176,100765,176,100372,176,100951,176,100178,176,101179,100,100175,100,101198,100,100164,100,101200,100,100139,100,101359,100,100094,100,101647,100,100002,100,101922,100,99998,100
2019-06-28 09:57:28.880124436,100412,24,100375,176,100459,276,100372,176,100649,176,100178,176,100765,76,100175,100,100951,176,100164,100,101179,100,100139,100,101198,100,100094,100,101200,100,100002,100,101359,100,99998,100,101647,100,99965,100
2019-06-28 09:57:30.000000000,100412,330,100375,406,100459,200,100372,100,100649,100,100178,100,100951,100,100175,100,101179,100,100164,100,101198,100,100139,100,101200,100,100094,100,101359,100,100002,100,101647,100,99998,100,101922,100,99965,100
2019-06-28 09:57:30.038477598,100412,430,100375,406,100459,200,100372,100,100649,100,100178,100,100951,100,100175,100,101179,100,100164,100,101198,100,100139,100,101200,100,100094,100,101359,100,100002,100,101647,100,99998,100,101922,100,99965,100
2019-06-28 09:57:30.988899526,100412,530,100375,406,100459,200,100372,100,100649,100,100178,100,100951,100,100175,100,101179,100,100164,100,101198,100,100139,100,101200,100,100094,100,101359,100,100002,100,101647,100,99998,100,101922,100,99965,100
2019-06-28 09:57:40.000000000,100412,530,100375,406,100459,200,100372,100,100649,100,100178,100,100951,100,100175,100,101179,100,100164,100,101198,100,100139,100,101200,100,100094,100,101359,100,100002,100,101647,100,99998,100,101922,100,99965,100
2019-06-28 09:57:43.086817825,100412,630,100375,406,100459,200,100372,100,100649,100,100178,100,100951,100,100175,100,101179,100,100164,100,101198,100,100139,100,101200,100,100094,100,101359,100,100002,100,101647,100,99998,100,101922,100,99965,100
2019-06-28 09:57:49.077806403,100412,630,100375,306,100459,200,100372,100,100649,100,100178,100,100951,100,100175,100,101179,100,100164,100,101198,100,100139,100,101200,100,100094,100,101359,100,100002,100,101647,100,99998,100,101922,100,99965,100
2019-06-28 09:57:50.000000000,100412,477,100372,253,100459,353,100178,253,100649,100,100175,100,100951,100,100164,100,101179,100,100139,100,101198,100,100094,100,101200,100,100002,100,101359,100,99998,100,101647,100,99965,100,101922,100,99957,100
2019-06-28 09:57:51.401032626,100412,477,100372,253,100459,353,100178,253,100649,100,100175,100,100951,100,100164,100,101179,100,100139,100,101198,100,100094,100,101200,100,100002,100,101359,100,99998,100,101647,100,99997,100,101922,100,99965,100
2019-06-28 09:57:53.788307219,100411,100,100372,253,100412,477,100178,253,100459,353,100175,100,100649,100,100164,100,100951,100,100139,100,101179,100,100094,100,101198,100,100002,100,101200,100,99998,100,101359,100,99997,100,101647,100,99965,100
2019-06-28 09:58:00.000000000,100411,176,100372,176,100412,400,100178,176,100459,276,100175,176,100649,176,100164,176,100951,100,100139,100,101179,100,100094,100,101198,100,100002,100,101200,100,99998,100,101359,100,99997,100,101647,100,99965,100
2019-06-28 09:58:10.000000000,100411,406,100372,406,100412,324,100178,100,100459,200,100175,100,100649,100,100164,100,100951,100,100139,100,101179,100,100094,100,101198,100,100002,100,101200,100,99998,100,101359,100,99997,100,101647,100,99965,100
2019-06-28 09:58:18.300310198,100411,306,100372,406,100412,324,100178,100,100459,200,100175,100,100649,100,100164,100,100951,100,100139,100,101179,100,100094,100,101198,100,100002,100,101200,100,99998,100,101359,100,99997,100,101647,100,99965,100
2019-06-28 09:58:20.000000000,100412,428,100372,204,100459,301,100178,201,100649,201,100175,201,100951,100,100164,100,101179,100,100139,100,101198,100,100094,100,101200,100,100002,100,101359,100,99998,100,101647,100,99997,100,101922,100,99965,100
2019-06-28 09:58:30.000000000,100412,400,100372,176,100459,276,100178,176,100649,176,100175,176,100951,176,100164,176,101179,100,100139,100,101198,100,100094,100,101200,100,100002,100,101359,100,99998,100,101647,100,99997,100,101922,100,99965,100
2019-06-28 09:58:40.000000000,100412,400,100372,176,100459,276,100178,176,100649,176,100175,176,100951,176,100164,176,101179,100,100139,100,101198,100,100094,100,101200,100,100002,100,101359,100,99998,100,101647,100,99997,100,101922,100,99965,100
2019-06-28 09:58:50.000000000,100412,385,100372,161,100459,261,100178,161,100649,161,100175,161,100951,161,100164,161,101179,161,100139,161,101198,100,100094,100,101200,100,100002,100,101359,100,99998,100,101647,100,99997,100,101922,100,99965,100
2019-06-28 09:59:00.000000000,100412,400,100372,176,100459,276,100178,176,100649,176,100175,176,100951,176,100164,176,101179,100,100139,100,101198,100,100094,100,101200,100,100002,100,101359,100,99998,100,101647,100,99997,100,101922,100,99965,100
2019-06-28 09:59:10.000000000,100412,400,100372,176,100459,276,100178,176,100649,176,100175,176,100951,176,100164,176,101179,100,100139,100,101198,100,100094,100,101200,100,100002,100,101359,100,99998,100,101647,100,99997,100,101922,100,99965,100
2019-06-28 09:59:20.000000000,100412,385,100372,161,100459,261,100178,161,100649,161,100175,161,100951,161,100164,161,101179,161,100139,161,101198,100,100094,100,101200,100,100002,100,101359,100,99998,100,101647,100,99997,100,101922,100,99965,100
2019-06-28 09:59:30.000000000,100412,630,100372,406,100459,200,100178,100,100649,100,100175,100,100951,100,100164,100,101179,100,100139,100,101198,100,100094,100,101200,100,100002,100,101359,100,99998,100,101647,100,99997,100,101922,100,99965,100
2019-06-28 09:59:40.000000000,100412,385,100372,161,100459,261,100178,161,100649,161,100175,161,100951,161,100164,161,101179,161,100139,161,101198,100,100094,100,101200,100,100002,100,101359,100,99998,100,101647,100,99997,100,101922,100,99965,100
2019-06-28 09:59:45.998344891,100412,385,100372,161,100421,100,100178,61,100459,261,100175,161,100649,161,100164,161,100951,161,100139,161,101179,161,100094,100,101198,100,100002,100,101200,100,99998,100,101359,100,99997,100,101647,100,99965,100
2019-06-28 09:59:50.000000000,100412,630,100372,406,100421,100,100175,100,100459,200,100164,100,100649,100,100139,100,100951,100,100094,100,101179,100,100002,100,101198,100,99998,100,101200,100,99997,100,101359,100,99965,100,101647,100,99957,100
2019-06-28 09:59:58.263011902,100412,630,100372,406,100421,100,100261,100,100459,200,100175,100,100649,100,100164,100,100951,100,100139,100,101179,100,100094,100,101198,100,100002,100,101200,100,99998,100,101359,100,99965,100,101647,100,99957,100
2019-06-28 09:59:58.268173709,100412,630,100372,406,100421,100,100370,100,100459,200,100261,100,100649,100,100164,100,100951,100,100139,100,101179,100,100094,100,101198,100,100002,100,101200,100,99998,100,101359,100,99965,100,101647,100,99957,100
2019-06-28 10:00:00.000000000,100412,385,100372,161,100421,161,100370,161,100459,261,100261,161,100649,161,100164,161,100951,161,100139,161,101179,100,100094,100,101198,100,100002,100,101200,100,99998,100,101359,100,99965,100,101647,100,99957,100
2019-06-28 10:00:10.000000000,100412,477,100372,253,100421,253,100370,253,100459,200,100261,100,100649,100,100164,100,100951,100,100139,100,101179,100,100094,100,101198,100,100002,100,101200,100,99998,100,101359,100,99965,100,101647,100,99957,100
2019-06-28 10:00:16.076309328,100412,477,100372,253,100421,253,100370,253,100459,200,100261,100,100649,100,100164,100,100760,100,100139,100,100951,100,100094,100,101179,100,100002,100,101198,100,99998,100,101200,100,99965,100,101359,100,99957,100
2019-06-28 10:00:20.000000000,100412,428,100372,204,100421,201,100370,201,100459,301,100261,201,100649,100,100164,100,100760,100,100139,100,100951,100,100094,100,101179,100,100002,100,101198,100,99998,100,101200,100,99965,100,101359,100,99957,100
2019-06-28 10:00:30.000000000,100412,630,100372,406,100421,100,100370,100,100459,200,100261,100,100649,100,100164,100,100760,100,100139,100,100951,100,100094,100,101179,100,100002,100,101198,100,99998,100,101200,100,99965,100,101359,100,99957,100
2019-06-28 10:00:40.000000000,100412,630,100372,406,100421,100,100370,100,100459,200,100261,100,100649,100,100164,100,100760,100,100139,100,100951,100,100094,100,101179,100,100002,100,101198,100,99998,100,101200,100,99965,100,101359,100,99957,100
2019-06-28 10:00:41.737885875,100412,630,100372,306,100421,100,100370,100,100459,200,100261,100,100649,100,100164,100,100760,100,100139,100,100951,100,100094,100,101179,100,100002,100,101198,100,99998,100,101200,100,99965,100,101359,100,99957,100
2019-06-28 10:00:50.000000000,100412,477,100370,253,100421,253,100261,253,100459,200,100164,100,100649,100,100139,100,100760,100,100094,100,100951,100,100002,100,101179,100,99998,100,101198,100,99965,100,101200,100,99957,100,101359,100,99951,100
2019-06-28 10:00:53.068236648,100412,477,100370,253,100421,253,100261,253,100459,200,100164,100,100649,100,100139,100,100760,100,100094,100,100951,100,100002,100,101179,100,99998,100,101198,100,99965,100,101200,100,99957,100,101359,100,99951,100
2019-06-28 10:00:57.303280797,100410,100,100370,253,100412,477,100261,253,100421,253,100164,100,100459,200,100139,100,100649,100,100094,100,100760,100,100002,100,100951,100,99998,100,101179,100,99965,100,101198,100,99957,100,101200,100,99951,100
2019-06-28 10:01:00.000000000,100410,406,100370,406,100412,324,100261,100,100421,100,100164,100,100459,200,100139,100,100649,100,100094,100,100760,100,100002,100,100951,100,99998,100,101179,100,99965,100,101198,100,99957,100,101200,100,99951,100
2019-06-28 10:01:00.002633125,100410,406,100370,306,100412,324,100261,100,100421,100,100164,100,100459,200,100139,100,100649,100,100094,100,100760,100,100002,100,100951,100,99998,100,101179,100,99965,100,101198,100,99957,100,101200,100,99928,100
2019-06-28 10:01:00.400842682,100410,406,100370,306,100412,324,100261,100,100421,100,100178,100,100459,200,100164,100,100649,100,100139,100,100760,100,100094,100,100951,100,100002,100,101179,100,99998,100,101198,100,99965,100,101200,100,99957,100
2019-06-28 10:01:10.000000000,100410,406,100261,406,100412,324,100178,100,100421,100,100164,100,100459,200,100139,100,100649,100,100094,100,100760,100,100002,100,100951,100,99998,100,101179,100,99965,100,101198,100,99957,100,101200,100,99928,100
2019-06-28 10:01:20.000000000,100410,176,100261,176,100412,400,100178,176,100421,176,100164,176,100459,276,100139,176,100649,100,100094,100,100760,100,100002,100,100951,100,99998,100,101179,100,99965,100,101198,100,99957,100,101200,100,99928,100
2019-06-28 10:01:23.215879229,100410,176,100261,176,100412,400,100178,176,100421,176,100164,176,100459,176,100139,176,100649,100,100094,100,100760,100,100002,100,100951,100,99998,100,101179,100,99965,100,101198,100,99957,100,101200,100,99928,100
2019-06-28 10:01:26.730677008,100410,176,100261,76,100412,400,100178,176,100421,176,100164,176,100459,176,100139,176,100649,100,100094,100,100760,100,100002,100,100951,100,99998,100,101179,100,99965,100,101198,100,99957,100,101200,100,99928,100
2019-06-28 10:01:30.000000000,100410,204,100178,204,100412,425,100164,201,100421,201,100139,201,100459,100,100094,100,100649,100,100002,100,100760,100,99998,100,100951,100,99965,100,101179,100,99957,100,101198,100,99928,100,101200,100,99901,100
2019-06-28 10:01:40.000000000,100410,204,100178,204,100412,425,100164,201,100421,201,100139,201,100459,100,100094,100,100649,100,100002,100,100760,100,99998,100,100951,100,99965,100,101179,100,99957,100,101198,100,99928,100,101200,100,99901,100
2019-06-28 10:01:44.768984495,100410,204,100198,100,100412,401,100178,204,100421,201,100164,201,100459,100,100139,201,100649,100,100094,100,100760,100,100002,100,100951,100,99998,100,101179,100,99965,100,101198,100,99957,100,101200,100,99928,100
2019-06-28 10:01:50.000000000,100410,176,100198,176,100412,376,100178,176,100421,176,100164,176,100459,176,100139,176,100649,100,100094,100,100760,100,100002,100,100951,100,99998,100,101179,100,99965,100,101198,100,99957,100,101200,100,99928,100
2019-06-28 10:02:00.000000000,100410,161,100198,161,100412,361,100178,161,100421,161,100164,161,100459,161,100139,161,100649,161,100094,161,100760,100,100002,100,100951,100,99998,100,101179,100,99965,100,101198,100,99957,100,101200,100,99928,100
2019-06-28 10:02:10.000000000,100410,176,100198,176,100412,376,100178,176,100421,176,100164,176,100459,176,100139,176,100649,100,100094,100,100760,100,100002,100,100951,100,99998,100,101179,100,99965,100,101198,100,99957,100,101200,100,99928,100
2019-06-28 10:02:17.839347394,100410,176,100198,176,100412,376,100178,176,100421,176,100164,176,100459,176,100139,176,100649,100,100094,100,100760,100,100002,100,100951,100,99998,100,101179,100,99965,100,101198,100,99957,100,101200,100,99928,100
2019-06-28 10:02:20.000000000,100410,161,100198,161,100412,361,100178,161,100421,161,100164,161,100459,161,100139,161,100649,161,100094,161,100760,100,100002,100,100951,100,99998,100,101179,100,99965,100,101198,100,99957,100,101200,100,99928,100
2019-06-28 10:02:30.000000000,100410,406,100198,406,100412,300,100178,100,100421,100,100164,100,100459,100,100139,100,100649,100,100094,100,100760,100,100002,100,100951,100,99998,100,101179,100,99965,100,101198,100,99957,100,101200,100,99928,100
2019-06-28 10:02:40.000000000,100410,406,100198,406,100412,300,100178,100,100421,100,100164,100,100459,100,100139,100,100649,100,100094,100,100760,100,100002,100,100951,100,99998,100,101179,100,99965,100,101198,100,99957,100,101200,100,99928,100
2019-06-28 10:02:50.000000000,100410,176,100198,176,100412,376,100178,176,100421,176,100164,176,100459,176,100139,176,100649,100,100094,100,100760,100,100002,100,100951,100,99998,100,101179,100,99965,100,101198,100,99957,100,101200,100,99928,100
2019-06-28 10:02:51.595786454,100410,176,100198,176,100412,376,100178,176,100421,176,100164,176,100459,176,100139,176,100649,100,100094,100,100760,100,100002,100,100951,100,99998,100,101179,100,99965,100,101198,100,99957,100,101200,100,99928,100
2019-06-28 10:03:00.000000000,100410,406,100198,406,100412,300,100178,100,100421,100,100164,100,100459,100,100139,100,100649,100,100094,100,100760,100,100002,100,100951,100,99998,100,101179,100,99965,100,101198,100,99957,100,101200,100,99928,100
2019-06-28 10:03:00.865041403,100370,100,100198,406,100410,406,100178,100,100412,300,100164,100,100421,100,100139,100,100459,100,100094,100,100649,100,100002,100,100760,100,99998,100,100951,100,99965,100,101179,100,99957,100,101198,100,99928,100
2019-06-28 10:03:10.000000000,100370,406,100198,406,100410,100,100178,100,100412,300,100164,100,100421,100,100139,100,100459,100,100094,100,100649,100,100002,100,100760,100,99998,100,100951,100,99965,100,101179,100,99957,100,101198,100,99928,100
2019-06-28 10:03:10.181255001,100370,406,100198,306,100410,100,100178,100,100412,300,100164,100,100421,100,100139,100,100459,100,100094,100,100649,100,100002,100,100760,100,99998,100,100951,100,99965,100,101179,100,99957,100,101198,100,99928,100
2019-06-28 10:03:16.048819757,100370,406,100198,306,100410,100,100178,100,100412,300,100164,100,100421,100,100139,100,100459,100,100094,100,100649,100,100002,100,100760,100,99998,100,100951,100,99965,100,101179,100,99957,100,101198,100,99928,100
2019-06-28 10:03:18.430315585,100370,406,100198,306,100410,100,100178,100,100412,300,100164,100,100421,100,100139,100,100459,100,100094,100,100649,100,100002,100,100760,100,99998,100,100951,100,99965,100,101179,100,99957,100,101198,100,99928,100
2019-06-28 10:03:20.000000000,100370,176,100178,176,100410,176,100164,176,100412,376,100139,176,100421,176,100094,176,100459,100,100002,100,100649,100,99998,100,100760,100,99965,100,100951,100,99957,100,101179,100,99928,100,101198,100,99901,100
2019-06-28 10:03:30.000000000,100370,176,100178,176,100410,176,100164,176,100412,376,100139,176,100421,176,100094,176,100459,100,100002,100,100649,100,99998,100,100760,100,99965,100,100951,100,99957,100,101179,100,99928,100,101198,100,99901,100
2019-06-28 10:03:40.000000000,100370,176,100178,176,100410,176,100164,176,100412,376,100139,176,100421,176,100094,176,100459,100,100002,100,100649,100,99998,100,100760,100,99965,100,100951,100,99957,100,101179,100,99928,100,101198,100,99901,100
2019-06-28 10:03:46.950409658,100261,100,100178,176,100370,176,100164,176,100410,176,100139,176,100412,376,100094,176,100421,176,100002,100,100459,100,99998,100,100649,100,99965,100,100760,100,99957,100,100951,100,99928,100,101179,100,99901,100
2019-06-28 10:03:48.011192095,100261,100,100178,176,100370,176,100164,176,100410,176,100139,176,100412,376,100094,176,100421,176,100002,100,100459,100,99998,100,100649,100,99965,100,100760,100,99957,100,100951,100,99928,100,101179,100,99901,100
2019-06-28 10:03:50.000000000,100261,161,100178,161,100370,161,100164,161,100410,161,100139,161,100412,361,100094,161,100421,161,100002,161,100459,100,99998,100,100649,100,99965,100,100760,100,99957,100,100951,100,99928,100,101179,100,99901,100
2019-06-28 10:04:00.000000000,100261,406,100178,406,100370,100,100164,100,100410,100,100139,100,100412,300,100094,100,100421,100,100002,100,100459,100,99998,100,100649,100,99965,100,100760,100,99957,100,100951,100,99928,100,101179,100,99901,100
2019-06-28 10:04:10.000000000,100261,176,100178,176,100370,176,100164,176,100410,176,100139,176,100412,376,100094,176,100421,100,100002,100,100459,100,99998,100,100649,100,99965,100,100760,100,99957,100,100951,100,99928,100,101179,100,99901,100
2019-06-28 10:04:18.315682068,100261,176,100178,76,100370,176,100164,176,100410,176,100139,176,100412,376,100094,176,100421,100,99998,100,100459,100,99965,100,100649,100,99957,100,100760,100,99928,100,100951,100,99901,100,101179,100,99887,100
2019-06-28 10:04:20.000000000,100261,161,100164,161,100370,161,100139,161,100410,161,100094,161,100412,361,99998,161,100421,161,99965,161,100459,100,99957,100,100649,100,99928,100,100760,100,99901,100,100951,100,99887,100,101179,100,99796,200
2019-06-28 10:04:27.927476527,100261,161,100164,161,100370,161,100139,161,100410,161,100094,161,100412,361,99998,161,100421,161,99965,161,100459,100,99957,100,100649,100,99928,100,100760,100,99901,100,100951,100,99856,100,101179,100,99796,200
2019-06-28 10:04:30.000000000,100261,253,100164,253,100370,253,100139,253,100410,100,100094,100,100412,300,99998,100,100421,100,99965,100,100459,100,99957,100,100649,100,99928,100,100760,100,99901,100,100951,100,99856,100,101179,100,99796,200
2019-06-28 10:04:40.000000000,100261,204,100164,204,100370,201,100139,201,100410,201,100094,201,100412,300,99998,100,100421,100,99965,100,100459,100,99957,100,100649,100,99928,100,100760,100,99901,100,100951,100,99856,100,101179,100,99796,200
2019-06-28 10:04:47.575957218,100261,204,100164,204,100370,201,100139,201,100410,201,100094,201,100412,300,99998,100,100421,100,99965,100,100459,100,99957,100,100649,100,99928,100,100760,100,99901,100,100951,100,99872,100,101179,100,99856,100
2019-06-28 10:04:50.000000000,100261,161,100164,161,100370,161,100139,161,100410,161,100094,161,100412,361,99998,161,100421,161,99965,161,100459,100,99957,100,100649,100,99928,100,100760,100,99901,100,100951,100,99872,100,101179,100,99856,100
2019-06-28 10:05:00.000000000,100261,161,100164,161,100370,161,100139,161,100410,161,100094,161,100412,361,99998,161,100421,161,99965,161,100459,100,99957,100,100649,100,99928,100,100760,100,99901,100,100951,100,99872,100,101179,100,99856,100
2019-06-28 10:05:07.061189168,100261,161,100164,61,100370,161,100139,161,100410,161,100094,161,100412,361,99998,161,100421,161,99965,161,100459,100,99957,100,100649,100,99928,100,100760,100,99901,100,100951,100,99872,100,101179,100,99856,100
2019-06-28 10:05:10.000000000,100261,161,100139,161,100370,161,100094,161,100410,161,99998,161,100412,361,99965,161,100421,161,99957,161,100459,100,99928,100,100649,100,99901,100,100760,100,99872,100,100951,100,99856,100,101179,100,99796,100
2019-06-28 10:05:20.000000000,100261,406,100139,406,100370,100,100094,100,100410,100,99998,100,100412,300,99965,100,100421,100,99957,100,100459,100,99928,100,100649,100,99901,100,100760,100,99872,100,100951,100,99856,100,101179,100,99796,100
2019-06-28 10:05:23.344354176,100261,406,100139,406,100370,100,100094,100,100410,100,99998,100,100412,300,99965,100,100421,100,99957,100,100459,100,99928,100,100649,100,99901,100,100760,100,99872,100,100951,100,99856,100,101179,100,99796,100
2019-06-28 10:05:30.000000000,100261,176,100139,176,100370,176,100094,176,100410,176,99998,176,100412,376,99965,176,100421,100,99957,100,100459,100,99928,100,100649,100,99901,100,100760,100,99872,100,100951,100,99856,100,101179,100,99796,100
2019-06-28 10:05:40.000000000,100261,406,100139,406,100370,100,100094,100,100410,100,99998,100,100412,300,99965,100,100421,100,99957,100,100459,100,99928,100,100649,100,99901,100,100760,100,99872,100,100951,100,99856,100,101179,100,99796,100
2019-06-28 10:05:49.606777043,100261,406,100139,306,100370,100,100094,100,100410,100,99998,100,100412,300,99965,100,100421,100,99957,100,100459,100,99928,100,100649,100,99901,100,100760,100,99872,100,100951,100,99856,100,101179,100,99796,100
2019-06-28 10:05:50.000000000,100261,161,100094,161,100370,161,99998,161,100410,161,99965,161,100412,361,99957,161,100421,161,99928,161,100459,100,99901,100,100649,100,99872,100,100760,100,99856,100,100951,100,99796,100,101179,100,99767,200
2019-06-28 10:06:00.000000000,100261,204,100094,204,100370,201,99998,201,100410,201,99965,201,100412,300,99957,100,100421,100,99928,100,100459,100,99901,100,100649,100,99872,100,100760,100,99856,100,100951,100,99796,100,101179,100,99767,200
2019-06-28 10:06:00.589915365,100261,204,100094,104,100370,201,99998,201,100410,201,99965,201,100412,300,99957,100,100421,100,99928,100,100459,100,99901,100,100649,100,99872,100,100760,100,99856,100,100951,100,99796,100,101179,100,99767,200
2019-06-28 10:06:06.776472234,100261,204,100094,104,100370,201,99998,201,100410,201,99965,201,100412,300,99957,100,100421,100,99928,100,100459,100,99901,100,100649,100,99872,100,100760,100,99856,100,100951,100,99796,100,101179,100,99767,200
2019-06-28 10:06:10.000000000,100261,176,99998,176,100370,176,99965,176,100410,176,99957,176,100412,376,99928,176,100421,100,99901,100,100459,100,99872,100,100649,100,99856,100,100760,100,99796,100,100951,100,99767,200,101179,100,99746,100
2019-06-28 10:06:17.134974739,100261,176,99998,76,100370,176,99965,176,100410,176,99957,176,100412,376,99928,176,100421,100,99901,100,100459,100,99872,100,100649,100,99856,100,100760,100,99796,100,100951,100,99767,200,101179,100,99746,100
2019-06-28 10:06:20.000000000,100261,161,99965,161,100370,161,99957,161,100410,161,99928,161,100412,361,99901,161,100421,161,99872,161,100459,100,99856,100,100649,100,99796,100,100760,100,99767,200,100951,100,99746,100,101179,100,99629,100
2019-06-28 10:06:26.903855428,100261,161,99965,161,100370,161,99957,161,100410,161,99928,161,100412,361,99921,100,100421,161,99901,161,100459,100,99872,161,100649,100,99856,100,100760,100,99796,100,100951,100,99767,200,101179,100,99746,100
2019-06-28 10:06:29.178995439,100261,161,99965,61,100370,161,99957,161,100410,161,99928,161,100412,361,99921,100,100421,161,99901,161,100459,100,99872,161,100649,100,99856,100,100760,100,99796,100,100951,100,99767,200,101179,100,99746,100
2019-06-28 10:06:30.000000000,100261,176,99957,176,100370,176,99928,176,100410,176,99921,176,100412,376,99901,176,100421,100,99872,100,100459,100,99856,100,100649,100,99796,100,100760,100,99767,200,100951,100,99746,100,101179,100,99629,100
2019-06-28 10:06:34.071695625,100261,176,99957,176,100370,176,99928,176,100410,176,99921,176,100412,376,99901,176,100421,100,99872,100,100459,100,99856,100,100649,100,99796,100,100760,100,99767,200,100951,100,99746,100,101179,100,99629,100
2019-06-28 10:06:38.082485507,100261,176,99957,176,100370,176,99928,176,100410,176,99921,176,100412,376,99901,176,100421,100,99872,100,100459,100,99856,100,100649,100,99796,100,100760,100,99767,200,100951,100,99746,100,101179,100,99629,100
2019-06-28 10:06:39.739422713,100261,176,99957,176,100370,176,99928,176,100410,176,99921,176,100412,376,99901,176,100421,100,99872,100,100459,100,99856,100,100649,100,99796,100,100760,100,99767,200,100951,100,99746,100,101179,100,99629,100
2019-06-28 10:06:40.000000000,100261,176,99957,176,100370,176,99928,176,100410,176,99921,176,100412,376,99901,176,100421,100,99872,100,100459,100,99856,100,100649,100,99796,100,100760,100,99767,200,100951,100,99746,100,101179,100,99629,100
2019-06-28 10:06:50.000000000,100261,176,99957,176,100370,176,99928,176,100410,176,99921,176,100412,376,99901,176,100421,100,99872,100,100459,100,99856,100,100649,100,99796,100,100760,100,99767,200,100951,100,99746,100,101179,100,99629,100
2019-06-28 10:07:00.000000000,100261,406,99957,406,100370,100,99928,100,100410,100,99921,100,100412,300,99901,100,100421,100,99872,100,100459,100,99856,100,100649,100,99796,100,100760,100,99767,200,100951,100,99746,100,101179,100,99629,100
2019-06-28 10:07:10.000000000,100261,406,99957,406,100370,100,99928,100,100410,100,99921,100,100412,300,99901,100,100421,100,99872,100,100459,100,99856,100,100649,100,99796,100,100760,100,99767,200,100951,100,99746,100,101179,100,99629,100
2019-06-28 10:07:19.114175555,99998,100,99957,406,100261,406,99928,100,100370,100,99921,100,100412,300,99901,100,100421,100,99872,100,100459,100,99856,100,100649,100,99796,100,100760,100,99767,200,100951,100,99746,100,101179,100,99629,100
2019-06-28 10:07:20.000000000,99998,161,99957,161,100261,161,99928,161,100370,161,99921,161,100412,361,99901,161,100421,161,99872,161,100459,100,99856,100,100649,100,99796,100,100760,100,99767,200,100951,100,99746,100,101179,100,99629,100
2019-06-28 10:07:30.000000000,99998,253,99957,253,100261,253,99928,253,100370,100,99921,100,100412,300,99901,100,100421,100,99872,100,100459,100,99856,100,100649,100,99796,100,100760,100,99767,200,100951,100,99746,100,101179,100,99629,100
