,ask_price_1,ask_size_1,bid_price_1,bid_size_1,ask_price_2,ask_size_2,bid_price_2,bid_size_2,ask_price_3,ask_size_3,bid_price_3,bid_size_3,ask_price_4,ask_size_4,bid_price_4,bid_size_4,ask_price_5,ask_size_5,bid_price_5,bid_size_5,ask_price_6,ask_size_6,bid_price_6,bid_size_6,ask_price_7,ask_size_7,bid_price_7,bid_size_7,ask_price_8,ask_size_8,bid_price_8,bid_size_8,ask_price_9,ask_size_9,bid_price_9,bid_size_9,ask_price_10,ask_size_10,bid_price_10,bid_size_10
2019-06-28 09:30:00.000000000,,,99929,100,,,,,,,,,,,,,,,,,,,,,,,,,,,,,,,,,,,,
2019-06-28 09:30:00.000000001,100086,100,99929,100,,,99857,100,,,,,,,,,,,,,,,,,,,,,,,,,,,,,,,,
2019-06-28 09:30:00.000000002,99998,100,99929,100,100086,100,99857,100,,,,,,,,,,,,,,,,,,,,,,,,,,,,,,,,
2019-06-28 09:30:00.000000003,99998,100,99991,100,100086,100,99929,100,,,99867,100,,,99857,100,,,,,,,,,,,,,,,,,,,,,,,,
2019-06-28 09:30:00.000000004,99998,100,99991,100,100042,100,99929,100,100086,100,99920,100,,,99867,100,,,99857,100,,,,,,,,,,,,,,,,,,,,
2019-06-28 09:30:00.000000005,99998,100,99991,100,100016,100,99929,100,100042,100,99920,100,100086,100,99867,100,,,99857,100,,,,,,,,,,,,,,,,,,,,
2019-06-28 09:30:00.000000007,100016,100,99991,100,100042,100,99929,100,100086,100,99920,100,,,99889,100,,,99867,100,,,99857,100,,,,,,,,,,,,,,,,
2019-06-28 09:30:00.000000009,100016,100,99929,100,100042,100,99920,100,100086,100,99889,100,,,99867,100,,,99857,100,,,,,,,,,,,,,,,,,,,,
2019-06-28 09:30:00.000000015,100016,100,99951,100,100042,100,99929,100,100086,100,99920,100,,,99889,100,,,99867,100,,,99857,100,,,,,,,,,,,,,,,,
2019-06-28 09:30:00.000000017,100016,100,99951,100,100042,100,99929,100,100086,100,99920,100,,,99908,100,,,99889,100,,,99867,100,,,99857,100,,,,,,,,,,,,
2019-06-28 09:30:00.000000021,99998,100,99951,100,100016,100,99929,100,100042,100,99920,100,100086,100,99908,100,,,99889,100,,,99867,100,,,99857,100,,,,,,,,,,,,
2019-06-28 09:30:00.000000022,99998,100,99951,100,100016,100,99929,100,100042,100,99920,100,100086,100,99908,100,100143,100,99889,100,,,99867,100,,,99857,100,,,,,,,,,,,,
2019-06-28 09:30:00.000000026,99998,200,99951,100,100016,100,99929,100,100042,100,99920,100,100086,100,99908,100,100101,100,99889,100,100143,100,99867,100,,,99857,100,,,,,,,,,,,,
2019-06-28 09:30:00.000000035,99998,300,99951,100,100016,100,99929,100,100042,100,99920,100,100086,100,99908,100,100101,100,99889,100,100143,100,99867,100,,,99857,100,,,,,,,,,,,,
2019-06-28 09:30:00.000000038,99998,300,99951,100,100016,100,99942,100,100042,100,99929,100,100086,100,99920,100,100101,100,99908,100,100143,100,99889,100,,,99875,100,,,99867,100,,,99857,100,,,,
2019-06-28 09:30:00.000000039,99991,100,99951,100,99998,300,99942,100,100016,100,99929,100,100042,100,99920,100,100086,100,99908,100,100101,100,99889,100,100143,100,99875,100,,,99867,100,,,99857,100,,,,
2019-06-28 09:30:00.000000041,99991,100,99951,100,99998,300,99942,100,100016,100,99929,100,100042,100,99920,100,100086,100,99908,100,100101,100,99890,100,100143,100,99889,100,,,99875,100,,,99867,100,,,99857,100
2019-06-28 09:30:00.000000043,99998,300,99951,100,100016,100,99942,100,100042,100,99930,100,100086,100,99929,100,100101,100,99920,100,100143,100,99908,100,,,99890,100,,,99889,100,,,99875,100,,,99867,100
2019-06-28 09:30:00.000000045,99998,300,99965,100,100016,100,99951,100,100040,100,99942,100,100042,100,99930,100,100086,100,99929,100,100095,100,99920,100,100101,100,99908,100,100143,100,99890,100,,,99889,100,,,99875,100
2019-06-28 09:30:00.000000051,99998,300,99965,100,100016,100,99951,100,100040,100,99942,100,100042,100,99930,100,100086,100,99929,100,100095,100,99920,100,100101,100,99908,100,100143,100,99890,100,,,99889,100,,,99886,100
2019-06-28 09:30:00.000000053,99998,300,99991,100,100016,100,99965,100,100040,100,99951,100,100042,100,99942,100,100086,100,99930,100,100095,100,99929,100,100101,100,99920,100,100143,100,99908,100,,,99890,100,,,99889,100
2019-06-28 09:30:00.000000054,99998,300,99991,100,100016,100,99965,100,100031,100,99951,100,100040,100,99942,100,100042,100,99930,100,100086,100,99929,100,100095,100,99920,100,100101,100,99908,100,100143,100,99890,100,,,99889,100
2019-06-28 09:30:00.000000055,99998,300,99965,100,100016,100,99951,100,100031,100,99942,100,100040,100,99930,100,100042,100,99929,100,100086,100,99920,100,100095,100,99908,100,100101,100,99890,100,100143,100,99889,100,,,99886,100
2019-06-28 09:30:00.000000056,99991,100,99965,100,99998,300,99951,100,100016,100,99942,100,100031,100,99930,100,100040,100,99929,100,100041,100,99920,100,100042,100,99908,100,100086,100,99890,100,100095,100,99889,100,100101,100,99886,100
2019-06-28 09:30:00.000000057,99991,100,99965,100,99998,300,99951,100,100016,100,99942,100,100022,100,99930,100,100031,100,99929,100,100040,100,99920,100,100041,100,99908,100,100042,100,99890,100,100086,100,99889,100,100095,100,99886,100
2019-06-28 09:30:00.000000058,99991,100,99965,100,99998,300,99951,100,100016,100,99942,100,100022,100,99930,100,100031,100,99929,100,100040,100,99920,100,100041,100,99908,100,100042,100,99890,100,100086,100,99889,100,100095,100,99886,100
2019-06-28 09:30:00.000000059,99991,100,99965,100,99998,300,99951,100,100016,100,99942,100,100022,100,99930,100,100031,100,99929,100,100040,100,99920,100,100041,100,99908,100,100042,100,99890,100,100086,100,99889,100,100095,100,99886,100
2019-06-28 09:30:00.000000064,99991,200,99965,100,99998,300,99951,100,100016,100,99942,100,100022,100,99930,100,100031,100,99929,100,100040,100,99920,100,100041,100,99908,100,100042,100,99890,100,100086,100,99889,100,100095,100,99886,100
2019-06-28 09:30:00.000000068,99991,200,99965,100,99998,300,99951,100,100016,100,99942,100,100022,100,99930,100,100031,100,99929,100,100040,100,99920,100,100041,100,99908,100,100042,100,99890,100,100086,100,99889,100,100095,100,99886,100
2019-06-28 09:30:00.000000069,99991,200,99965,100,99998,300,99951,100,100016,100,99942,100,100022,100,99930,100,100031,100,99929,100,100040,100,99920,100,100041,100,99908,100,100042,100,99890,100,100057,100,99889,100,100086,100,99886,100
2019-06-28 09:30:00.000000071,99991,100,99965,100,99998,300,99951,100,100016,100,99942,100,100022,100,99930,100,100031,100,99929,100,100040,100,99920,100,100041,100,99908,100,100042,100,99892,100,100057,100,99890,100,100086,100,99889,100
2019-06-28 09:30:00.000000073,99991,100,99965,100,99998,300,99951,100,100016,100,99942,100,100022,100,99930,100,100024,100,99929,100,100031,100,99920,100,100040,100,99908,100,100041,100,99892,100,100042,100,99890,100,100048,100,99889,100
2019-06-28 09:30:00.000000074,99991,100,99965,100,99998,300,99951,100,100016,100,99942,100,100022,100,99930,100,100024,100,99929,100,100031,100,99920,100,100040,100,99908,100,100041,100,99892,100,100042,100,99890,100,100048,100,99889,100
2019-06-28 09:30:00.000000075,99991,100,99951,100,99998,300,99942,100,100004,100,99930,100,100016,100,99929,100,100022,100,99920,100,100024,100,99908,100,100031,100,99892,100,100040,100,99890,100,100041,100,99889,100,100042,100,99886,100
2019-06-28 09:30:00.000000076,99991,100,99951,100,99998,300,99942,100,100004,100,99930,100,100016,100,99929,100,100022,100,99920,100,100024,100,99908,100,100031,100,99897,100,100040,100,99892,100,100041,100,99890,100,100042,100,99889,100
2019-06-28 09:30:00.000000079,99991,100,99951,100,99998,300,99942,100,100004,100,99930,100,100016,100,99929,100,100022,100,99920,100,100024,100,99908,100,100031,100,99897,100,100040,100,99892,100,100041,100,99890,100,100042,100,99889,100
2019-06-28 09:30:00.000000080,99963,100,99951,100,99991,100,99942,100,99998,300,99930,100,100004,100,99929,100,100016,100,99920,100,100022,100,99908,100,100024,100,99897,100,100031,100,99896,100,100040,100,99892,100,100041,100,99890,100
2019-06-28 09:30:00.000000084,99963,100,99951,100,99991,100,99942,100,99998,300,99930,100,100004,100,99929,100,100016,100,99920,100,100022,100,99908,100,100024,100,99897,100,100031,100,99896,100,100040,100,99892,100,100041,100,99890,100
2019-06-28 09:30:00.000000089,99991,100,99951,100,99998,300,99942,100,100004,100,99930,100,100016,100,99929,100,100022,100,99920,100,100024,100,99908,100,100031,100,99897,100,100036,100,99896,100,100040,100,99892,100,100041,100,99890,100
2019-06-28 09:30:00.000000090,99991,100,99951,100,99998,300,99942,100,100004,100,99930,100,100016,100,99929,100,100022,100,99920,100,100024,100,99908,100,100031,100,99897,100,100036,100,99896,100,100040,100,99892,100,100041,100,99890,100
2019-06-28 09:30:00.000000093,99998,300,99951,100,100004,100,99942,100,100016,100,99930,100,100022,100,99929,100,100024,100,99920,100,100031,100,99908,100,100036,100,99897,100,100040,100,99896,100,100041,100,99892,100,100042,100,99890,100
2019-06-28 09:30:00.000000094,99998,300,99963,100,100004,100,99951,100,100016,100,99942,100,100022,100,99930,100,100024,100,99929,100,100031,100,99920,100,100036,100,99908,100,100040,100,99897,100,100041,100,99896,100,100042,100,99892,100
2019-06-28 09:30:00.000000095,99998,300,99963,200,100004,100,99951,100,100016,100,99942,100,100022,100,99930,100,100024,100,99929,100,100031,100,99920,100,100036,100,99908,100,100040,100,99897,100,100041,100,99896,100,100042,100,99892,100
2019-06-28 09:30:00.000000098,99998,300,99990,100,100004,100,99963,200,100016,100,99951,100,100022,100,99942,100,100024,100,99930,100,100031,100,99929,100,100036,100,99920,100,100040,100,99908,100,100041,100,99897,100,100042,100,99896,100
2019-06-28 09:30:00.000000099,99998,300,99990,100,100004,100,99963,200,100016,100,99951,100,100022,100,99942,100,100024,100,99930,100,100031,100,99929,100,100036,100,99920,100,100040,100,99908,100,100041,100,99898,100,100042,100,99897,100
2019-06-28 09:30:10.000000000,99998,755,99990,555,100004,100,99963,200,100016,100,99951,100,100022,100,99942,100,100024,100,99930,100,100031,100,99929,100,100036,100,99920,100,100040,100,99908,100,100041,100,99898,100,100042,100,99897,100
2019-06-28 09:30:20.000000000,99998,755,99990,555,100004,100,99963,200,100016,100,99951,100,100022,100,99942,100,100024,100,99930,100,100031,100,99929,100,100036,100,99920,100,100040,100,99908,100,100041,100,99898,100,100042,100,99897,100
2019-06-28 09:30:27.385953558,99998,755,99990,455,100004,100,99963,200,100016,100,99951,100,100022,100,99942,100,100024,100,99930,100,100031,100,99929,100,100036,100,99920,100,100040,100,99908,100,100041,100,99898,100,100042,100,99897,100
2019-06-28 09:30:30.000000000,99998,528,99963,428,100004,328,99951,328,100016,100,99942,100,100022,100,99930,100,100024,100,99929,100,100031,100,99920,100,100036,100,99908,100,100040,100,99898,100,100041,100,99897,100,100042,100,99896,100
2019-06-28 09:30:38.085581041,99998,428,99963,428,100004,328,99951,328,100016,100,99942,100,100022,100,99930,100,100024,100,99929,100,100031,100,99920,100,100036,100,99908,100,100040,100,99898,100,100041,100,99897,100,100042,100,99896,100
2019-06-28 09:30:38.122818539,99998,428,99963,428,100004,328,99951,328,100022,100,99942,100,100024,100,99930,100,100031,100,99929,100,100036,100,99920,100,100040,100,99908,100,100041,100,99898,100,100042,100,99897,100,100048,100,99896,100
2019-06-28 09:30:40.000000000,99998,655,99963,655,100004,100,99951,100,100022,100,99942,100,100024,100,99930,100,100031,100,99929,100,100036,100,99920,100,100040,100,99908,100,100041,100,99898,100,100042,100,99897,100,100048,100,99896,100
2019-06-28 09:30:50.000000000,99998,291,99963,291,100004,191,99951,191,100022,191,99942,191,100024,191,99930,191,100031,191,99929,191,100036,100,99920,100,100040,100,99908,100,100041,100,99898,100,100042,100,99897,100,100048,100,99896,100
2019-06-28 09:31:00.000000000,99998,355,99963,355,100004,250,99951,250,100022,250,99942,250,100024,100,99930,100,100031,100,99929,100,100036,100,99920,100,100040,100,99908,100,100041,100,99898,100,100042,100,99897,100,100048,100,99896,100
2019-06-28 09:31:10.000000000,99998,314,99963,314,100004,214,99951,214,100022,214,99942,214,100024,214,99930,214,100031,100,99929,100,100036,100,99920,100,100040,100,99908,100,100041,100,99898,100,100042,100,99897,100,100048,100,99896,100
2019-06-28 09:31:11.337216565,99998,314,99963,314,100004,214,99951,214,100022,214,99942,214,100024,214,99930,214,100031,100,99929,100,100036,100,99920,100,100040,100,99908,100,100041,100,99898,100,100042,100,99897,100,100048,100,99896,100
2019-06-28 09:31:20.000000000,99998,655,99963,655,100004,100,99951,100,100022,100,99942,100,100024,100,99930,100,100031,100,99929,100,100036,100,99920,100,100040,100,99908,100,100041,100,99898,100,100042,100,99897,100,100048,100,99896,100
2019-06-28 09:31:30.000000000,99998,314,99963,314,100004,214,99951,214,100022,214,99942,214,100024,214,99930,214,100031,100,99929,100,100036,100,99920,100,100040,100,99908,100,100041,100,99898,100,100042,100,99897,100,100048,100,99896,100
2019-06-28 09:31:31.631313350,99998,314,99963,314,100004,214,99951,214,100022,214,99942,214,100024,214,99930,214,100031,100,99929,100,100036,100,99920,100,100040,100,99908,100,100041,100,99898,100,100042,100,99897,100,100048,100,99896,100
2019-06-28 09:31:40.000000000,99998,291,99963,291,100004,191,99951,191,100022,191,99942,191,100024,191,99930,191,100031,191,99929,191,100036,100,99920,100,100040,100,99908,100,100041,100,99898,100,100042,100,99897,100,100048,100,99896,100
2019-06-28 09:31:41.283555730,99998,191,99963,291,100004,191,99951,191,100022,191,99942,191,100024,191,99930,191,100031,191,99929,191,100036,100,99920,100,100040,100,99908,100,100041,100,99898,100,100042,100,99897,100,100048,100,99896,100
2019-06-28 09:31:42.102054722,99998,191,99963,291,100004,191,99951,191,100022,191,99942,191,100024,191,99930,191,100031,191,99929,191,100036,100,99920,100,100040,100,99908,100,100041,100,99898,100,100042,100,99897,100,100048,100,99896,100
2019-06-28 09:31:43.724966086,99998,191,99963,291,100004,191,99951,191,100022,191,99942,191,100024,191,99930,191,100031,191,99929,191,100036,100,99920,100,100040,100,99908,100,100041,100,99898,100,100042,100,99897,100,100048,100,99896,100
2019-06-28 09:31:50.000000000,99998,555,99963,655,100004,100,99951,100,100022,100,99942,100,100024,100,99930,100,100031,100,99929,100,100036,100,99920,100,100040,100,99908,100,100041,100,99898,100,100042,100,99897,100,100048,100,99896,100
2019-06-28 09:31:58.695010972,99998,555,99995,100,100004,100,99963,655,100022,100,99951,100,100024,100,99942,100,100031,100,99930,100,100036,100,99929,100,100040,100,99920,100,100041,100,99908,100,100042,100,99898,100,100048,100,99897,100
2019-06-28 09:32:00.000000000,99998,555,99995,555,100004,100,99963,200,100022,100,99951,100,100024,100,99942,100,100031,100,99930,100,100036,100,99929,100,100040,100,99920,100,100041,100,99908,100,100042,100,99898,100,100048,100,99897,100
2019-06-28 09:32:10.000000000,99998,555,99995,555,100004,100,99963,200,100022,100,99951,100,100024,100,99942,100,100031,100,99930,100,100036,100,99929,100,100040,100,99920,100,100041,100,99908,100,100042,100,99898,100,100048,100,99897,100
2019-06-28 09:32:20.000000000,99998,191,99995,191,100004,191,99963,291,100022,191,99951,191,100024,191,99942,191,100031,191,99930,191,100036,100,99929,100,100040,100,99920,100,100041,100,99908,100,100042,100,99898,100,100048,100,99897,100
2019-06-28 09:32:23.704002625,99998,191,99995,191,100004,191,99963,291,100022,191,99951,191,100024,191,99942,191,100031,191,99930,191,100036,100,99929,100,100040,100,99920,100,100041,100,99908,100,100042,100,99898,100,100048,100,99897,100
2019-06-28 09:32:30.000000000,99998,214,99995,214,100004,214,99963,314,100022,214,99951,214,100024,214,99942,214,100031,100,99930,100,100036,100,99929,100,100040,100,99920,100,100041,100,99908,100,100042,100,99898,100,100048,100,99897,100
2019-06-28 09:32:40.000000000,99998,555,99995,555,100004,100,99963,200,100022,100,99951,100,100024,100,99942,100,100031,100,99930,100,100036,100,99929,100,100040,100,99920,100,100041,100,99908,100,100042,100,99898,100,100048,100,99897,100
2019-06-28 09:32:50.000000000,99998,214,99995,214,100004,214,99963,314,100022,214,99951,214,100024,214,99942,214,100031,100,99930,100,100036,100,99929,100,100040,100,99920,100,100041,100,99908,100,100042,100,99898,100,100048,100,99897,100
2019-06-28 09:33:00.000000000,99998,191,99995,191,100004,191,99963,291,100022,191,99951,191,100024,191,99942,191,100031,191,99930,191,100036,100,99929,100,100040,100,99920,100,100041,100,99908,100,100042,100,99898,100,100048,100,99897,100
2019-06-28 09:33:10.000000000,99998,214,99995,214,100004,214,99963,314,100022,214,99951,214,100024,214,99942,214,100031,100,99930,100,100036,100,99929,100,100040,100,99920,100,100041,100,99908,100,100042,100,99898,100,100048,100,99897,100
2019-06-28 09:33:20.000000000,99998,328,99995,328,100004,328,99963,428,100022,100,99951,100,100024,100,99942,100,100031,100,99930,100,100036,100,99929,100,100040,100,99920,100,100041,100,99908,100,100042,100,99898,100,100048,100,99897,100
2019-06-28 09:33:27.653130923,99998,328,99995,328,100004,328,99963,428,100022,100,99954,100,100024,100,99951,100,100031,100,99942,100,100036,100,99929,100,100040,100,99920,100,100041,100,99908,100,100042,100,99898,100,100048,100,99897,100
2019-06-28 09:33:30.000000000,99998,328,99995,328,100004,328,99963,428,100022,100,99954,100,100024,100,99951,100,100031,100,99942,100,100036,100,99929,100,100040,100,99920,100,100041,100,99908,100,100042,100,99898,100,100048,100,99897,100
2019-06-28 09:33:40.000000000,99998,328,99995,328,100004,328,99963,428,100022,100,99954,100,100024,100,99951,100,100031,100,99942,100,100036,100,99929,100,100040,100,99920,100,100041,100,99908,100,100042,100,99898,100,100048,100,99897,100
2019-06-28 09:33:43.916049499,99998,328,99995,228,100004,328,99963,428,100022,100,99954,100,100024,100,99951,100,100031,100,99942,100,100036,100,99929,100,100040,100,99920,100,100041,100,99908,100,100042,100,99898,100,100048,100,99897,100
2019-06-28 09:33:50.000000000,99998,555,99963,655,100004,100,99954,100,100022,100,99951,100,100024,100,99942,100,100031,100,99929,100,100036,100,99920,100,100040,100,99908,100,100041,100,99898,100,100042,100,99897,100,100048,100,99896,100
2019-06-28 09:34:00.000000000,99998,191,99963,291,100004,191,99954,191,100022,191,99951,191,100024,191,99942,191,100031,191,99929,191,100036,100,99920,100,100040,100,99908,100,100041,100,99898,100,100042,100,99897,100,100048,100,99896,100
2019-06-28 09:34:10.000000000,99998,328,99963,428,100004,328,99954,328,100022,100,99951,100,100024,100,99942,100,100031,100,99929,100,100036,100,99920,100,100040,100,99908,100,100041,100,99898,100,100042,100,99897,100,100048,100,99896,100
2019-06-28 09:34:20.000000000,99998,214,99963,314,100004,214,99954,214,100022,214,99951,214,100024,214,99942,214,100031,100,99929,100,100036,100,99920,100,100040,100,99908,100,100041,100,99898,100,100042,100,99897,100,100048,100,99896,100
2019-06-28 09:34:22.083749031,99998,214,99963,314,100004,214,99954,214,100022,214,99951,214,100024,214,99942,214,100031,100,99929,100,100036,100,99920,100,100040,100,99908,200,100041,100,99898,100,100042,100,99897,100,100048,100,99896,100
2019-06-28 09:34:29.833765664,99998,214,99963,314,100004,214,99954,214,100022,214,99951,214,100024,214,99942,214,100031,100,99929,100,100036,100,99920,100,100040,100,99908,200,100041,100,99898,100,100042,100,99897,100,100048,100,99896,100
2019-06-28 09:34:30.000000000,99998,555,99963,655,100004,100,99954,100,100022,100,99951,100,100024,100,99942,100,100031,100,99929,100,100036,100,99920,100,100040,100,99908,200,100041,100,99898,100,100042,100,99897,100,100048,100,99896,100
2019-06-28 09:34:40.000000000,99998,555,99963,655,100004,100,99954,100,100022,100,99951,100,100024,100,99942,100,100031,100,99929,100,100036,100,99920,100,100040,100,99908,200,100041,100,99898,100,100042,100,99897,100,100048,100,99896,100
2019-06-28 09:34:41.906748292,99998,555,99963,555,100004,100,99954,100,100022,100,99951,100,100024,100,99942,100,100031,100,99929,100,100036,100,99920,100,100040,100,99908,200,100041,100,99898,100,100042,100,99897,100,100048,100,99896,100
2019-06-28 09:34:50.000000000,99998,214,99963,214,100004,214,99954,214,100022,214,99951,214,100024,214,99942,214,100031,100,99929,100,100036,100,99920,100,100040,100,99908,200,100041,100,99898,100,100042,100,99897,100,100048,100,99896,100
2019-06-28 09:35:00.000000000,99998,191,99963,191,100004,191,99954,191,100022,191,99951,191,100024,191,99942,191,100031,191,99929,191,100036,100,99920,100,100040,100,99908,200,100041,100,99898,100,100042,100,99897,100,100048,100,99896,100
2019-06-28 09:35:02.722173016,99998,191,99963,191,100004,191,99954,191,100022,191,99951,191,100024,191,99942,191,100031,191,99929,191,100036,100,99920,100,100040,100,99908,200,100041,100,99898,100,100042,100,99897,100,100048,100,99896,100
2019-06-28 09:35:04.373206069,99998,191,99963,91,100004,191,99954,191,100022,191,99951,191,100024,191,99942,191,100031,191,99929,191,100036,100,99920,100,100040,100,99908,200,100041,100,99898,100,100042,100,99897,100,100048,100,99896,100
2019-06-28 09:35:10.000000000,99998,555,99954,555,100004,100,99951,100,100022,100,99942,100,100024,100,99929,100,100031,100,99920,100,100036,100,99908,200,100040,100,99898,100,100041,100,99897,100,100042,100,99896,100,100048,100,99892,100
2019-06-28 09:35:18.954900946,99998,555,99954,455,100004,100,99951,100,100022,100,99942,100,100024,100,99929,100,100031,100,99920,100,100036,100,99908,200,100040,100,99897,100,100041,100,99896,100,100042,100,99892,100,100048,100,99889,100
2019-06-28 09:35:19.125254809,99998,555,99954,455,100004,100,99951,100,100022,100,99942,100,100024,100,99929,100,100031,100,99920,100,100036,100,99908,200,100040,100,99897,100,100041,100,99896,100,100042,100,99892,100,100048,100,99889,100
2019-06-28 09:35:20.000000000,99998,328,99951,328,100004,328,99942,328,100022,100,99929,100,100024,100,99920,100,100031,100,99908,200,100036,100,99897,100,100040,100,99896,100,100041,100,99892,100,100042,100,99889,100,100048,100,99886,100
2019-06-28 09:35:30.000000000,99998,328,99951,328,100004,328,99942,328,100022,100,99929,100,100024,100,99920,100,100031,100,99908,200,100036,100,99897,100,100040,100,99896,100,100041,100,99892,100,100042,100,99889,100,100048,100,99886,100
2019-06-28 09:35:40.000000000,99998,555,99951,555,100004,100,99942,100,100022,100,99929,100,100024,100,99920,100,100031,100,99908,200,100036,100,99897,100,100040,100,99896,100,100041,100,99892,100,100042,100,99889,100,100048,100,99886,100
2019-06-28 09:35:41.846992921,99998,555,99951,455,100004,100,99942,100,100022,100,99929,100,100024,100,99920,100,100031,100,99908,200,100036,100,99897,100,100040,100,99896,100,100041,100,99892,100,100042,100,99889,100,100048,100,99886,100
2019-06-28 09:35:46.799831898,99998,555,99951,455,100004,100,99942,100,100022,100,99929,100,100024,100,99920,100,100031,100,99908,200,100036,100,99897,100,100040,100,99896,100,100041,100,99892,100,100042,100,99889,100,100048,100,99886,100
2019-06-28 09:35:50.000000000,99998,255,99942,255,100004,250,99929,250,100022,250,99920,250,100024,100,99908,200,100031,100,99897,100,100036,100,99896,100,100040,100,99892,100,100041,100,99889,100,100042,100,99886,100,100048,100,99870,100
2019-06-28 09:35:56.150189332,99998,255,99942,155,100004,250,99929,250,100022,250,99920,150,100024,100,99908,200,100031,100,99897,100,100036,100,99896,100,100040,100,99892,100,100041,100,99889,100,100042,100,99886,100,100048,100,99870,100
2019-06-28 09:36:00.000000000,99998,255,99929,255,100004,250,99908,350,100022,250,99897,250,100024,100,99896,100,100031,100,99892,100,100036,100,99889,100,100040,100,99886,100,100041,100,99870,100,100042,100,99867,100,100048,100,99856,100
2019-06-28 09:36:10.000000000,99998,328,99929,328,100004,328,99908,428,100022,100,99897,100,100024,100,99896,100,100031,100,99892,100,100036,100,99889,100,100040,100,99886,100,100041,100,99870,100,100042,100,99867,100,100048,100,99856,100
2019-06-28 09:36:20.000000000,99998,191,99929,191,100004,191,99908,291,100022,191,99897,191,100024,191,99896,191,100031,191,99892,191,100036,100,99889,100,100040,100,99886,100,100041,100,99870,100,100042,100,99867,100,100048,100,99856,100
2019-06-28 09:36:26.788058921,99998,191,99929,91,100004,191,99908,291,100022,191,99897,191,100024,191,99896,191,100031,191,99892,191,100036,100,99889,100,100040,100,99886,100,100041,100,99870,100,100042,100,99867,100,100048,100,99856,100
2019-06-28 09:36:30.000000000,99998,328,99908,428,100004,328,99897,328,100022,100,99896,100,100024,100,99892,100,100031,100,99889,100,100036,100,99886,100,100040,100,99870,100,100041,100,99867,100,100042,100,99856,100,100048,100,99848,100
2019-06-28 09:36:36.531272970,99942,100,99908,428,99998,328,99897,328,100004,328,99896,100,100022,100,99892,100,100024,100,99889,100,100031,100,99886,100,100036,100,99870,100,100040,100,99867,100,100041,100,99856,100,100042,100,99848,100
2019-06-28 09:36:40.000000000,99942,555,99908,655,99998,100,99897,100,100004,100,99896,100,100022,100,99892,100,100024,100,99889,100,100031,100,99886,100,100036,100,99870,100,100040,100,99867,100,100041,100,99856,100,100042,100,99848,100
2019-06-28 09:36:45.185745602,99942,555,99908,655,99998,100,99897,100,100004,100,99896,100,100022,100,99892,100,100024,100,99889,100,100031,100,99886,100,100036,100,99870,100,100040,100,99867,100,100041,100,99856,100,100042,100,99848,100
2019-06-28 09:36:50.000000000,99942,255,99908,355,99998,250,99897,250,100004,250,99896,250,100022,100,99892,100,100024,100,99889,100,100031,100,99886,100,100036,100,99870,100,100040,100,99867,100,100041,100,99856,100,100042,100,99848,100
2019-06-28 09:36:51.986576397,99942,255,99908,355,99998,250,99897,250,100004,250,99896,250,100022,100,99892,100,100024,100,99889,100,100031,100,99886,100,100036,100,99870,100,100040,100,99867,100,100041,100,99856,100,100042,100,99848,100
2019-06-28 09:36:52.210395383,99942,355,99908,355,99998,250,99897,250,100004,250,99896,250,100022,100,99892,100,100024,100,99889,100,100031,100,99886,100,100036,100,99870,100,100040,100,99867,100,100041,100,99856,100,100042,100,99848,100
2019-06-28 09:36:57.862541817,99942,355,99908,355,99998,250,99897,250,100004,250,99896,250,100022,100,99892,100,100024,100,99886,100,100031,100,99870,100,100036,100,99867,100,100040,100,99856,100,100041,100,99848,100,100042,100,99845,100
2019-06-28 09:37:00.000000000,99942,291,99908,291,99998,191,99897,191,100004,191,99896,191,100022,191,99892,191,100024,191,99886,191,100031,100,99870,100,100036,100,99867,100,100040,100,99856,100,100041,100,99848,100,100042,100,99845,100
2019-06-28 09:37:03.172183264,99942,291,99908,291,99998,191,99897,191,100004,191,99896,191,100022,191,99892,191,100024,191,99886,191,100031,100,99870,100,100036,100,99867,100,100040,100,99856,100,100041,100,99848,100,100042,100,99845,100
2019-06-28 09:37:10.000000000,99942,291,99908,291,99998,191,99897,191,100004,191,99896,191,100022,191,99892,191,100024,191,99886,191,100031,100,99870,100,100036,100,99867,100,100040,100,99856,100,100041,100,99848,100,100042,100,99845,100
2019-06-28 09:37:15.381844264,99942,291,99908,291,99998,191,99897,191,100004,191,99896,191,100022,191,99892,191,100024,191,99886,191,100031,100,99867,100,100036,100,99856,100,100040,100,99848,100,100041,100,99845,100,100042,100,99818,100
2019-06-28 09:37:20.000000000,99942,291,99908,291,99998,191,99897,191,100004,191,99896,191,100022,191,99892,191,100024,191,99886,191,100031,100,99867,100,100036,100,99856,100,100040,100,99848,100,100041,100,99845,100,100042,100,99818,100
2019-06-28 09:37:30.000000000,99942,428,99908,428,99998,328,99897,328,100004,100,99896,100,100022,100,99892,100,100024,100,99886,100,100031,100,99867,100,100036,100,99856,100,100040,100,99848,100,100041,100,99845,100,100042,100,99818,100
2019-06-28 09:37:31.885357072,99942,528,99908,428,99998,328,99897,328,100004,100,99896,100,100022,100,99892,100,100024,100,99886,100,100031,100,99867,100,100036,100,99856,100,100040,100,99848,100,100041,100,99845,100,100042,100,99818,100
2019-06-28 09:37:36.448332965,99942,528,99908,328,99998,328,99897,328,100004,100,99896,100,100022,100,99892,100,100024,100,99886,100,100031,100,99867,100,100036,100,99856,100,100040,100,99848,100,100041,100,99845,100,100042,100,99818,100
2019-06-28 09:37:40.000000000,99942,528,99908,328,99998,328,99897,328,100004,100,99896,100,100022,100,99892,100,100024,100,99886,100,100031,100,99867,100,100036,100,99856,100,100040,100,99848,100,100041,100,99845,100,100042,100,99818,100
2019-06-28 09:37:50.000000000,99942,528,99908,328,99998,328,99897,328,100004,100,99896,100,100022,100,99892,100,100024,100,99886,100,100031,100,99867,100,100036,100,99856,100,100040,100,99848,100,100041,100,99845,100,100042,100,99818,100
2019-06-28 09:37:56.100765213,99942,528,99908,228,99998,328,99897,328,100004,100,99896,100,100022,100,99892,100,100024,100,99886,100,100031,100,99867,100,100036,100,99856,100,100040,100,99848,100,100041,100,99845,100,100042,100,99818,100
2019-06-28 09:37:56.155094929,99942,528,99908,128,99998,328,99897,228,100004,100,99896,100,100022,100,99892,100,100024,100,99886,100,100031,100,99867,100,100036,100,99856,100,100040,100,99848,100,100041,100,99845,100,100042,100,99818,100
2019-06-28 09:38:00.000000000,99942,455,99896,255,99998,250,99892,250,100004,250,99886,250,100022,100,99867,100,100024,100,99856,100,100031,100,99848,100,100036,100,99845,100,100040,100,99818,100,100041,100,99802,100,100042,100,99476,100
2019-06-28 09:38:10.000000000,99942,455,99896,255,99998,250,99892,250,100004,250,99886,250,100022,100,99867,100,100024,100,99856,100,100031,100,99848,100,100036,100,99845,100,100040,100,99818,100,100041,100,99802,100,100042,100,99476,100
2019-06-28 09:38:20.000000000,99942,414,99896,214,99998,214,99892,214,100004,214,99886,214,100022,214,99867,214,100024,100,99856,100,100031,100,99848,100,100036,100,99845,100,100040,100,99818,100,100041,100,99802,100,100042,100,99476,100
2019-06-28 09:38:30.000000000,99942,755,99896,555,99998,100,99892,100,100004,100,99886,100,100022,100,99867,100,100024,100,99856,100,100031,100,99848,100,100036,100,99845,100,100040,100,99818,100,100041,100,99802,100,100042,100,99476,100
2019-06-28 09:38:40.000000000,99942,528,99896,328,99998,328,99892,328,100004,100,99886,100,100022,100,99867,100,100024,100,99856,100,100031,100,99848,100,100036,100,99845,100,100040,100,99818,100,100041,100,99802,100,100042,100,99476,100
2019-06-28 09:38:47.927371390,99942,528,99896,228,99998,328,99892,328,100004,100,99886,100,100022,100,99867,100,100024,100,99856,100,100031,100,99848,100,100036,100,99845,100,100040,100,99818,100,100041,100,99802,100,100042,100,99476,100
2019-06-28 09:38:50.000000000,99942,455,99892,255,99998,250,99886,250,100004,250,99867,250,100022,100,99856,100,100024,100,99848,100,100031,100,99845,100,100036,100,99818,100,100040,100,99802,100,100041,100,99476,100,100042,100,99395,100
2019-06-28 09:38:55.560014503,99937,100,99892,255,99942,455,99886,250,99998,250,99867,250,100004,250,99856,100,100022,100,99848,100,100024,100,99845,100,100031,100,99818,100,100036,100,99802,100,100040,100,99476,100,100041,100,99395,100
2019-06-28 09:39:00.000000000,99937,255,99892,255,99942,450,99886,250,99998,250,99867,250,100004,100,99856,100,100022,100,99848,100,100024,100,99845,100,100031,100,99818,100,100036,100,99802,100,100040,100,99476,100,100041,100,99395,100
2019-06-28 09:39:01.009291739,99937,255,99892,255,99942,450,99886,250,99998,250,99867,250,100004,100,99856,100,100022,100,99848,100,100031,100,99845,100,100036,100,99843,100,100040,100,99818,100,100041,100,99802,100,100042,100,99476,100
2019-06-28 09:39:06.955273057,99937,255,99897,100,99942,450,99892,255,99998,250,99886,250,100004,100,99867,250,100022,100,99856,100,100031,100,99848,100,100036,100,99845,100,100040,100,99843,100,100041,100,99818,100,100042,100,99802,100
2019-06-28 09:39:10.000000000,99937,255,99897,255,99942,450,99892,250,99998,250,99886,250,100004,100,99867,100,100022,100,99856,100,100031,100,99848,100,100036,100,99845,100,100040,100,99843,100,100041,100,99818,100,100042,100,99802,100
2019-06-28 09:39:20.000000000,99937,191,99897,191,99942,391,99892,191,99998,191,99886,191,100004,191,99867,191,100022,191,99856,191,100031,100,99848,100,100036,100,99845,100,100040,100,99843,100,100041,100,99818,100,100042,100,99802,100
2019-06-28 09:39:30.000000000,99937,555,99897,555,99942,300,99892,100,99998,100,99886,100,100004,100,99867,100,100022,100,99856,100,100031,100,99848,100,100036,100,99845,100,100040,100,99843,100,100041,100,99818,100,100042,100,99802,100
2019-06-28 09:39:40.000000000,99937,255,99897,255,99942,450,99892,250,99998,250,99886,250,100004,100,99867,100,100022,100,99856,100,100031,100,99848,100,100036,100,99845,100,100040,100,99843,100,100041,100,99818,100,100042,100,99802,100
2019-06-28 09:39:46.363683125,99937,255,99897,255,99942,450,99892,250,99998,250,99886,250,100004,100,99867,100,100022,100,99856,100,100031,100,99848,100,100036,100,99845,100,100040,100,99843,100,100041,100,99818,100,100042,100,99802,100
2019-06-28 09:39:49.319978486,99937,155,99897,255,99942,450,99892,250,99998,250,99886,250,100004,100,99867,100,100022,100,99856,100,100031,100,99848,100,100036,100,99845,100,100040,100,99843,100,100041,100,99818,100,100042,100,99802,100
2019-06-28 09:39:50.000000000,99942,755,99897,555,99998,100,99892,100,100004,100,99886,100,100022,100,99867,100,100031,100,99856,100,100036,100,99848,100,100040,100,99845,100,100041,100,99843,100,100042,100,99818,100,100079,100,99802,100
2019-06-28 09:40:00.000000000,99942,755,99897,555,99998,100,99892,100,100004,100,99886,100,100022,100,99867,100,100031,100,99856,100,100036,100,99848,100,100040,100,99845,100,100041,100,99843,100,100042,100,99818,100,100079,100,99802,100
2019-06-28 09:40:03.194437505,99942,755,99897,555,99998,100,99892,100,100004,100,99886,100,100022,100,99867,100,100031,100,99856,100,100036,100,99848,100,100040,100,99845,100,100041,100,99843,100,100042,100,99818,100,100086,100,99802,100
2019-06-28 09:40:05.292683929,99942,655,99897,555,99998,100,99892,100,100004,100,99886,100,100022,100,99867,100,100031,100,99856,100,100036,100,99848,100,100040,100,99845,100,100041,100,99843,100,100042,100,99818,100,100086,100,99802,100
2019-06-28 09:40:10.000000000,99942,428,99897,328,99998,328,99892,328,100004,100,99886,100,100022,100,99867,100,100031,100,99856,100,100036,100,99848,100,100040,100,99845,100,100041,100,99843,100,100042,100,99818,100,100086,100,99802,100
2019-06-28 09:40:20.000000000,99942,291,99897,191,99998,191,99892,191,100004,191,99886,191,100022,191,99867,191,100031,191,99856,191,100036,100,99848,100,100040,100,99845,100,100041,100,99843,100,100042,100,99818,100,100086,100,99802,100
2019-06-28 09:40:20.835829768,99942,191,99897,191,99998,191,99892,191,100004,191,99886,191,100022,191,99867,191,100031,191,99856,91,100036,100,99848,100,100040,100,99845,100,100041,100,99843,100,100042,100,99818,100,100086,100,99802,100
2019-06-28 09:40:24.656991092,99942,191,99897,191,99998,191,99892,191,100004,191,99886,191,100022,191,99867,191,100031,191,99856,91,100036,100,99848,100,100040,100,99843,100,100041,100,99818,100,100042,100,99802,100,100086,100,99476,100
2019-06-28 09:40:30.000000000,99942,555,99897,555,99998,100,99892,100,100004,100,99886,100,100022,100,99867,100,100031,100,99848,100,100036,100,99843,100,100040,100,99818,100,100041,100,99802,100,100042,100,99476,100,100086,100,99395,100
2019-06-28 09:40:35.525029201,99942,455,99897,555,99998,100,99892,100,100004,100,99886,100,100022,100,99867,100,100031,100,99848,100,100036,100,99843,100,100040,100,99818,100,100041,100,99802,100,100042,100,99476,100,100132,100,99395,100
2019-06-28 09:40:40.000000000,99998,328,99897,328,100004,328,99892,328,100022,100,99886,100,100031,100,99867,100,100036,100,99848,100,100040,100,99843,100,100041,100,99818,100,100042,100,99802,100,100132,100,99476,100,100133,100,99395,100
2019-06-28 09:40:50.000000000,99998,191,99897,191,100004,191,99892,191,100022,191,99886,191,100031,191,99867,191,100036,191,99848,191,100040,100,99843,100,100041,100,99818,100,100042,100,99802,100,100132,100,99476,100,100133,100,99395,100
2019-06-28 09:41:00.000000000,99998,328,99897,328,100004,328,99892,328,100022,100,99886,100,100031,100,99867,100,100036,100,99848,100,100040,100,99843,100,100041,100,99818,100,100042,100,99802,100,100132,100,99476,100,100133,100,99395,100
2019-06-28 09:41:00.637955649,99998,328,99897,328,100004,328,99892,328,100022,100,99886,100,100031,100,99867,100,100036,100,99848,100,100040,100,99843,100,100041,100,99818,100,100042,100,99802,100,100132,100,99476,100,100133,100,99395,100
2019-06-28 09:41:10.000000000,99998,255,99897,255,100004,250,99892,250,100022,250,99886,250,100031,100,99867,100,100036,100,99848,100,100040,100,99843,100,100041,100,99818,100,100042,100,99802,100,100132,100,99476,100,100133,100,99395,100
2019-06-28 09:41:20.000000000,99998,214,99897,214,100004,214,99892,214,100022,214,99886,214,100031,214,99867,214,100036,100,99848,100,100040,100,99843,100,100041,100,99818,100,100042,100,99802,100,100132,100,99476,100,100133,100,99395,100
2019-06-28 09:41:30.000000000,99998,255,99897,255,100004,250,99892,250,100022,250,99886,250,100031,100,99867,100,100036,100,99848,100,100040,100,99843,100,100041,100,99818,100,100042,100,99802,100,100132,100,99476,100,100133,100,99395,100
2019-06-28 09:41:40.000000000,99998,328,99897,328,100004,328,99892,328,100022,100,99886,100,100031,100,99867,100,100036,100,99848,100,100040,100,99843,100,100041,100,99818,100,100042,100,99802,100,100132,100,99476,100,100133,100,99395,100
2019-06-28 09:41:50.000000000,99998,214,99897,214,100004,214,99892,214,100022,214,99886,214,100031,214,99867,214,100036,100,99848,100,100040,100,99843,100,100041,100,99818,100,100042,100,99802,100,100132,100,99476,100,100133,100,99395,100
2019-06-28 09:42:00.000000000,99998,214,99897,214,100004,214,99892,214,100022,214,99886,214,100031,214,99867,214,100036,100,99848,100,100040,100,99843,100,100041,100,99818,100,100042,100,99802,100,100132,100,99476,100,100133,100,99395,100
2019-06-28 09:42:09.809445521,99998,114,99897,214,100004,214,99892,214,100022,214,99886,214,100031,214,99867,214,100036,100,99848,100,100040,100,99843,100,100041,100,99818,100,100042,100,99802,100,100132,100,99476,100,100133,100,99395,100
2019-06-28 09:42:10.000000000,100004,255,99897,255,100022,250,99892,250,100031,250,99886,250,100036,100,99867,100,100040,100,99848,100,100041,100,99843,100,100042,100,99818,100,100132,100,99802,100,100133,100,99476,100,100162,100,99395,100
2019-06-28 09:42:18.366177873,100004,255,99942,100,100022,250,99897,255,100031,250,99892,250,100036,100,99886,250,100040,100,99867,100,100041,100,99848,100,100042,100,99843,100,100132,100,99818,100,100133,100,99802,100,100162,100,99476,100
2019-06-28 09:42:20.000000000,100004,255,99942,255,100022,250,99897,250,100031,250,99892,250,100036,100,99886,100,100040,100,99867,100,100041,100,99848,100,100042,100,99843,100,100132,100,99818,100,100133,100,99802,100,100162,100,99476,100
2019-06-28 09:42:23.774152003,100004,255,99942,355,100022,250,99897,250,100031,250,99892,250,100036,100,99886,100,100040,100,99867,100,100041,100,99848,100,100042,100,99843,100,100132,100,99818,100,100133,100,99802,100,100162,100,99476,100
2019-06-28 09:42:29.551409071,100004,255,99942,355,100022,250,99897,250,100031,250,99892,250,100036,100,99886,100,100040,100,99867,100,100041,100,99848,100,100042,100,99843,100,100132,100,99818,100,100133,100,99802,100,100162,100,99476,100
2019-06-28 09:42:30.000000000,100004,555,99942,655,100022,100,99897,100,100031,100,99892,100,100036,100,99886,100,100040,100,99867,100,100041,100,99848,100,100042,100,99843,100,100132,100,99818,100,100133,100,99802,100,100162,100,99476,100
2019-06-28 09:42:34.845573787,100004,455,99942,655,100022,100,99897,100,100031,100,99892,100,100036,100,99886,100,100040,100,99867,100,100041,100,99848,100,100042,100,99843,100,100132,100,99818,100,100133,100,99802,100,100162,100,99476,100
2019-06-28 09:42:40.000000000,100022,555,99942,655,100031,100,99897,100,100036,100,99892,100,100040,100,99886,100,100041,100,99867,100,100042,100,99848,100,100132,100,99843,100,100133,100,99818,100,100162,100,99802,100,100290,100,99476,100
2019-06-28 09:42:50.000000000,100022,255,99942,355,100031,250,99897,250,100036,250,99892,250,100040,100,99886,100,100041,100,99867,100,100042,100,99848,100,100132,100,99843,100,100133,100,99818,100,100162,100,99802,100,100290,100,99476,100
2019-06-28 09:43:00.000000000,100022,255,99942,355,100031,250,99897,250,100036,250,99892,250,100040,100,99886,100,100041,100,99867,100,100042,100,99848,100,100132,100,99843,100,100133,100,99818,100,100162,100,99802,100,100290,100,99476,100
2019-06-28 09:43:07.635587248,100022,155,99942,355,100031,250,99897,250,100036,250,99892,250,100040,100,99886,100,100041,100,99867,100,100042,100,99848,100,100132,100,99843,100,100133,100,99818,100,100162,100,99802,100,100290,100,99476,100
2019-06-28 09:43:10.000000000,100031,328,99942,428,100036,328,99897,328,100040,100,99892,100,100041,100,99886,100,100042,100,99867,100,100132,100,99848,100,100133,100,99843,100,100162,100,99818,100,100290,100,99802,100,100441,100,99476,100
2019-06-28 09:43:15.398291043,100031,328,99942,428,100036,328,99897,328,100040,100,99892,100,100041,100,99886,100,100042,100,99867,100,100132,100,99848,100,100133,100,99843,100,100162,100,99818,100,100290,100,99802,100,100441,100,99476,100
2019-06-28 09:43:15.477895953,100031,328,99942,428,100036,328,99897,328,100040,100,99892,100,100041,100,99886,100,100042,100,99867,100,100071,100,99848,100,100132,100,99843,100,100133,100,99818,100,100162,100,99802,100,100290,100,99476,100
2019-06-28 09:43:20.000000000,100031,191,99942,291,100036,191,99897,191,100040,191,99892,191,100041,191,99886,191,100042,191,99867,191,100071,100,99848,100,100132,100,99843,100,100133,100,99818,100,100162,100,99802,100,100290,100,99476,100
2019-06-28 09:43:20.936023544,100031,191,100004,100,100036,191,99942,291,100040,191,99897,191,100041,191,99892,191,100042,191,99886,191,100071,100,99867,191,100132,100,99848,100,100133,100,99843,100,100162,100,99818,100,100290,100,99802,100
2019-06-28 09:43:30.000000000,100031,255,100004,255,100036,250,99942,350,100040,250,99897,250,100041,100,99892,100,100042,100,99886,100,100071,100,99867,100,100132,100,99848,100,100133,100,99843,100,100162,100,99818,100,100290,100,99802,100
2019-06-28 09:43:39.933087805,100031,255,100004,355,100036,250,99942,350,100040,250,99897,250,100041,100,99892,100,100042,100,99886,100,100071,100,99867,100,100132,100,99848,100,100133,100,99843,100,100162,100,99818,100,100290,100,99802,100
2019-06-28 09:43:40.000000000,100031,328,100004,428,100036,328,99942,428,100040,100,99897,100,100041,100,99892,100,100042,100,99886,100,100071,100,99867,100,100132,100,99848,100,100133,100,99843,100,100162,100,99818,100,100290,100,99802,100
2019-06-28 09:43:50.000000000,100031,255,100004,355,100036,250,99942,350,100040,250,99897,250,100041,100,99892,100,100042,100,99886,100,100071,100,99867,100,100132,100,99848,100,100133,100,99843,100,100162,100,99818,100,100290,100,99802,100
2019-06-28 09:43:50.226306934,100031,155,100004,355,100036,250,99942,350,100040,250,99897,250,100041,100,99892,100,100042,100,99886,100,100071,100,99867,100,100132,100,99848,100,100133,100,99843,100,100162,100,99818,100,100290,100,99802,100
2019-06-28 09:44:00.000000000,100036,214,100004,314,100040,214,99942,314,100041,214,99897,214,100042,214,99892,214,100071,100,99886,100,100132,100,99867,100,100133,100,99848,100,100162,100,99843,100,100290,100,99818,100,100441,100,99802,100
2019-06-28 09:44:03.177406666,100036,114,100004,314,100040,214,99942,314,100041,214,99897,214,100042,214,99892,214,100071,100,99886,100,100132,100,99867,100,100133,100,99848,100,100162,100,99843,100,100290,100,99818,100,100441,100,99802,100
2019-06-28 09:44:09.516068005,100036,114,100031,100,100040,214,100004,314,100041,214,99942,314,100042,214,99897,214,100071,100,99892,214,100132,100,99886,100,100133,100,99867,100,100162,100,99848,100,100290,100,99843,100,100441,100,99818,100
2019-06-28 09:44:10.000000000,100040,555,100031,555,100041,100,100004,200,100042,100,99942,200,100071,100,99897,100,100132,100,99892,100,100133,100,99886,100,100162,100,99867,100,100290,100,99848,100,100441,100,99843,100,100455,100,99818,100
2019-06-28 09:44:12.967603078,100040,555,100031,555,100041,100,100004,200,100042,100,99942,200,100071,100,99897,100,100132,100,99892,100,100133,100,99886,100,100162,100,99867,100,100290,100,99848,100,100441,100,99843,100,100455,100,99818,100
2019-06-28 09:44:20.000000000,100040,555,100031,555,100041,100,100004,200,100042,100,99942,200,100071,100,99897,100,100132,100,99892,100,100133,100,99886,100,100162,100,99867,100,100290,100,99848,100,100441,100,99843,100,100455,100,99818,100
2019-06-28 09:44:30.000000000,100040,255,100031,255,100041,250,100004,350,100042,250,99942,350,100071,100,99897,100,100132,100,99892,100,100133,100,99886,100,100162,100,99867,100,100290,100,99848,100,100441,100,99843,100,100455,100,99818,100
2019-06-28 09:44:40.000000000,100040,214,100031,214,100041,214,100004,314,100042,214,99942,314,100071,214,99897,214,100132,100,99892,100,100133,100,99886,100,100162,100,99867,100,100290,100,99848,100,100441,100,99843,100,100455,100,99818,100
2019-06-28 09:44:50.000000000,100040,555,100031,555,100041,100,100004,200,100042,100,99942,200,100071,100,99897,100,100132,100,99892,100,100133,100,99886,100,100162,100,99867,100,100290,100,99848,100,100441,100,99843,100,100455,100,99818,100
2019-06-28 09:44:51.283383975,100040,555,100031,555,100041,100,100004,200,100042,100,99942,200,100071,100,99897,100,100132,100,99892,100,100133,100,99886,100,100162,100,99867,100,100290,100,99848,100,100441,100,99818,100,100455,100,99802,100
2019-06-28 09:45:00.000000000,100040,191,100031,191,100041,191,100004,291,100042,191,99942,291,100071,191,99897,191,100132,191,99892,191,100133,100,99886,100,100162,100,99867,100,100290,100,99848,100,100441,100,99818,100,100455,100,99802,100
2019-06-28 09:45:10.000000000,100040,191,100031,191,100041,191,100004,291,100042,191,99942,291,100071,191,99897,191,100132,191,99892,191,100133,100,99886,100,100162,100,99867,100,100290,100,99848,100,100441,100,99818,100,100455,100,99802,100
2019-06-28 09:45:18.037296034,100040,191,100031,91,100041,191,100004,291,100042,191,99942,291,100071,191,99897,191,100132,191,99892,191,100133,100,99886,100,100162,100,99867,100,100290,100,99848,100,100441,100,99818,100,100455,100,99802,100
2019-06-28 09:45:19.081771287,100040,191,100031,91,100041,191,100004,291,100042,191,99942,291,100071,191,99897,191,100132,191,99892,191,100133,100,99886,100,100162,100,99867,100,100290,100,99848,100,100441,100,99818,100,100455,100,99802,100
2019-06-28 09:45:20.000000000,100040,214,100004,314,100041,214,99942,314,100042,214,99897,214,100071,214,99892,214,100132,100,99886,100,100133,100,99867,100,100162,100,99848,100,100290,100,99818,100,100441,100,99802,100,100455,100,99476,100
2019-06-28 09:45:21.733062035,100040,214,100004,314,100041,214,99942,314,100042,214,99897,214,100071,214,99892,214,100132,100,99886,100,100162,100,99867,100,100290,100,99848,100,100441,100,99818,100,100455,100,99802,100,100461,100,99476,100
2019-06-28 09:45:29.832538070,100040,114,100004,314,100041,214,99942,314,100042,214,99897,214,100071,214,99892,214,100132,100,99886,100,100162,100,99867,100,100290,100,99848,100,100441,100,99818,100,100455,100,99802,100,100461,100,99476,100
2019-06-28 09:45:30.000000000,100041,255,100004,355,100042,250,99942,350,100071,250,99897,250,100132,100,99892,100,100162,100,99886,100,100290,100,99867,100,100441,100,99848,100,100455,100,99818,100,100461,100,99802,100,100480,100,99476,100
2019-06-28 09:45:40.000000000,100041,214,100004,314,100042,214,99942,314,100071,214,99897,214,100132,214,99892,214,100162,100,99886,100,100290,100,99867,100,100441,100,99848,100,100455,100,99818,100,100461,100,99802,100,100480,100,99476,100
2019-06-28 09:45:50.000000000,100041,214,100004,314,100042,214,99942,314,100071,214,99897,214,100132,214,99892,214,100162,100,99886,100,100290,100,99867,100,100441,100,99848,100,100455,100,99818,100,100461,100,99802,100,100480,100,99476,100
2019-06-28 09:45:51.289404067,100041,214,100004,314,100042,214,99942,314,100071,214,99897,214,100132,214,99892,214,100162,100,99886,100,100290,100,99867,100,100441,100,99848,100,100455,100,99818,100,100461,100,99802,100,100480,100,99476,100
2019-06-28 09:45:52.329257286,100041,214,100004,314,100042,214,99942,314,100071,114,99897,214,100132,214,99892,214,100162,100,99886,100,100290,100,99867,100,100441,100,99848,100,100455,100,99818,100,100461,100,99802,100,100480,100,99476,100
2019-06-28 09:46:00.000000000,100041,255,100004,355,100042,250,99942,350,100132,250,99897,250,100162,100,99892,100,100290,100,99886,100,100441,100,99867,100,100455,100,99848,100,100461,100,99818,100,100480,100,99802,100,100523,100,99476,100
2019-06-28 09:46:02.324456509,100041,155,100004,355,100042,250,99942,350,100132,250,99897,250,100162,100,99892,100,100290,100,99886,100,100441,100,99867,100,100455,100,99848,100,100461,100,99818,100,100480,100,99802,100,100523,100,99476,100
2019-06-28 09:46:10.000000000,100042,214,100004,314,100132,214,99942,314,100162,214,99897,214,100290,214,99892,214,100441,100,99886,100,100455,100,99867,100,100461,100,99848,100,100480,100,99818,100,100523,100,99802,100,100546,100,99476,100
2019-06-28 09:46:20.000000000,100042,255,100004,355,100132,250,99942,350,100162,250,99897,250,100290,100,99892,100,100441,100,99886,100,100455,100,99867,100,100461,100,99848,100,100480,100,99818,100,100523,100,99802,100,100546,100,99476,100
2019-06-28 09:46:30.000000000,100042,191,100004,291,100132,191,99942,291,100162,191,99897,191,100290,191,99892,191,100441,191,99886,191,100455,100,99867,100,100461,100,99848,100,100480,100,99818,100,100523,100,99802,100,100546,100,99476,100
2019-06-28 09:46:40.000000000,100042,255,100004,355,100132,250,99942,350,100162,250,99897,250,100290,100,99892,100,100441,100,99886,100,100455,100,99867,100,100461,100,99848,100,100480,100,99818,100,100523,100,99802,100,100546,100,99476,100
2019-06-28 09:46:50.000000000,100042,191,100004,291,100132,191,99942,291,100162,191,99897,191,100290,191,99892,191,100441,191,99886,191,100455,100,99867,100,100461,100,99848,100,100480,100,99818,100,100523,100,99802,100,100546,100,99476,100
2019-06-28 09:47:00.000000000,100042,555,100004,655,100132,100,99942,200,100162,100,99897,100,100290,100,99892,100,100441,100,99886,100,100455,100,99867,100,100461,100,99848,100,100480,100,99818,100,100523,100,99802,100,100546,100,99476,100
2019-06-28 09:47:01.998627150,100042,455,100004,655,100132,100,99942,200,100162,100,99897,100,100290,100,99892,100,100441,100,99886,100,100455,100,99867,100,100461,100,99848,100,100480,100,99818,100,100523,100,99802,100,100546,100,99476,100
2019-06-28 09:47:02.608019156,100042,455,100004,655,100132,100,99942,200,100162,100,99897,100,100290,100,99892,100,100441,100,99886,100,100455,100,99867,100,100461,100,99848,100,100480,100,99818,100,100523,100,99802,100,100546,100,99476,100
2019-06-28 09:47:10.000000000,100132,214,100004,314,100162,214,99942,314,100290,214,99897,214,100441,214,99892,214,100455,100,99886,100,100461,100,99867,100,100480,100,99848,100,100523,100,99818,100,100546,100,99802,100,100603,100,99476,100
2019-06-28 09:47:14.020772018,100132,214,100004,314,100162,214,99942,314,100290,214,99897,214,100441,214,99892,214,100455,100,99886,100,100461,100,99867,100,100480,100,99848,100,100523,100,99818,100,100546,100,99802,100,100603,100,99476,100
2019-06-28 09:47:20.000000000,100132,214,100004,314,100162,214,99942,314,100290,214,99897,214,100441,214,99892,214,100455,100,99886,100,100461,100,99867,100,100480,100,99848,100,100523,100,99818,100,100546,100,99802,100,100603,100,99476,100
2019-06-28 09:47:25.821322493,100132,114,100004,314,100162,214,99942,314,100290,214,99897,214,100441,214,99892,214,100455,100,99886,100,100461,100,99867,100,100480,100,99848,100,100523,100,99818,100,100546,100,99802,100,100603,100,99476,100
2019-06-28 09:47:30.000000000,100162,214,100004,314,100290,214,99942,314,100441,214,99897,214,100455,214,99892,214,100461,100,99886,100,100480,100,99867,100,100523,100,99848,100,100546,100,99818,100,100603,100,99802,100,100729,100,99476,100
2019-06-28 09:47:30.572948428,100162,214,100042,100,100290,214,100004,214,100441,214,99942,314,100455,214,99897,214,100461,100,99892,214,100480,100,99886,100,100523,100,99867,100,100546,100,99848,100,100603,100,99818,100,100729,100,99802,100
2019-06-28 09:47:36.380408454,100162,214,100042,200,100290,214,100004,214,100441,214,99942,314,100455,214,99897,214,100461,100,99892,214,100480,100,99886,100,100523,100,99867,100,100546,100,99848,100,100603,100,99818,100,100729,100,99802,100
2019-06-28 09:47:40.000000000,100162,328,100042,428,100290,328,100004,328,100441,100,99942,200,100455,100,99897,100,100461,100,99892,100,100480,100,99886,100,100523,100,99867,100,100546,100,99848,100,100603,100,99818,100,100729,100,99802,100
2019-06-28 09:47:44.728299370,100162,328,100042,428,100290,328,100004,328,100441,100,99942,200,100461,100,99897,100,100480,100,99892,100,100523,100,99886,100,100546,100,99867,100,100603,100,99848,100,100729,100,99818,100,100733,100,99802,100
2019-06-28 09:47:45.091413857,100162,328,100042,428,100290,328,100004,328,100441,100,99942,200,100461,100,99897,100,100480,100,99892,100,100523,100,99886,100,100546,100,99867,100,100603,100,99848,100,100729,100,99818,100,100733,100,99802,100
2019-06-28 09:47:50.000000000,100162,555,100042,655,100290,100,100004,100,100441,100,99942,200,100461,100,99897,100,100480,100,99892,100,100523,100,99886,100,100546,100,99867,100,100603,100,99848,100,100729,100,99818,100,100733,100,99802,100
2019-06-28 09:47:53.621389183,100162,455,100042,655,100290,100,100004,100,100441,100,99942,200,100461,100,99897,100,100480,100,99892,100,100523,100,99886,100,100546,100,99867,100,100603,100,99848,100,100729,100,99818,100,100733,100,99802,100
2019-06-28 09:47:58.125229971,100162,455,100042,655,100290,100,100004,100,100441,100,99942,200,100461,100,99897,100,100480,100,99892,100,100523,100,99886,100,100546,100,99867,100,100603,100,99848,100,100715,100,99818,100,100729,100,99802,100
2019-06-28 09:48:00.000000000,100290,191,100042,291,100441,191,100004,191,100461,191,99942,291,100480,191,99897,191,100523,191,99892,191,100546,100,99886,100,100603,100,99867,100,100715,100,99848,100,100729,100,99818,100,100733,100,99802,100
2019-06-28 09:48:03.844208300,100290,91,100042,291,100441,191,100004,191,100461,191,99942,291,100480,191,99897,191,100523,191,99892,91,100546,100,99886,100,100603,100,99867,100,100715,100,99848,100,100729,100,99818,100,100733,100,99802,100
2019-06-28 09:48:10.000000000,100441,214,100042,314,100461,214,100004,214,100480,214,99942,314,100523,214,99897,214,100546,100,99886,100,100603,100,99867,100,100715,100,99848,100,100729,100,99818,100,100733,100,99802,100,100739,100,99476,100
2019-06-28 09:48:17.056628110,100441,214,100235,100,100461,214,100042,314,100480,114,100004,214,100523,214,99942,314,100546,100,99897,214,100603,100,99886,100,100715,100,99867,100,100729,100,99848,100,100733,100,99818,100,100739,100,99802,100
2019-06-28 09:48:20.000000000,100441,328,100235,328,100461,328,100042,428,100523,100,100004,100,100546,100,99942,200,100603,100,99897,100,100715,100,99886,100,100729,100,99867,100,100733,100,99848,100,100739,100,99818,100,100772,100,99802,100
2019-06-28 09:48:30.000000000,100441,191,100235,191,100461,191,100042,291,100523,191,100004,191,100546,191,99942,291,100603,191,99897,191,100715,100,99886,100,100729,100,99867,100,100733,100,99848,100,100739,100,99818,100,100772,100,99802,100
2019-06-28 09:48:35.782808208,100288,100,100235,191,100441,191,100042,291,100461,191,100004,191,100523,191,99942,291,100546,191,99897,191,100603,191,99886,100,100715,100,99867,100,100729,100,99848,100,100733,100,99818,100,100739,100,99802,100
2019-06-28 09:48:40.000000000,100288,191,100235,191,100441,191,100042,291,100461,191,100004,191,100523,191,99942,291,100546,191,99897,191,100603,100,99886,100,100715,100,99867,100,100729,100,99848,100,100733,100,99818,100,100739,100,99802,100
2019-06-28 09:48:41.718247320,100288,191,100235,191,100434,100,100042,291,100441,191,100004,191,100461,191,99942,291,100523,191,99897,191,100546,191,99886,100,100603,100,99867,100,100715,100,99848,100,100729,100,99818,100,100733,100,99802,100
2019-06-28 09:48:50.000000000,100288,255,100235,255,100434,250,100042,350,100441,250,100004,250,100461,100,99942,200,100523,100,99897,100,100546,100,99886,100,100603,100,99867,100,100715,100,99848,100,100729,100,99818,100,100733,100,99802,100
2019-06-28 09:49:00.000000000,100288,214,100235,214,100434,214,100042,314,100441,214,100004,214,100461,214,99942,314,100523,100,99897,100,100546,100,99886,100,100603,100,99867,100,100715,100,99848,100,100729,100,99818,100,100733,100,99802,100
2019-06-28 09:49:10.000000000,100288,555,100235,555,100434,100,100042,200,100441,100,100004,100,100461,100,99942,200,100523,100,99897,100,100546,100,99886,100,100603,100,99867,100,100715,100,99848,100,100729,100,99818,100,100733,100,99802,100
2019-06-28 09:49:17.971311887,100288,555,100235,555,100434,100,100042,200,100441,100,100004,100,100461,100,99978,100,100523,100,99942,200,100546,100,99897,100,100603,100,99886,100,100715,100,99867,100,100729,100,99848,100,100733,100,99818,100
2019-06-28 09:49:20.000000000,100288,555,100235,555,100434,100,100042,200,100441,100,100004,100,100461,100,99978,100,100523,100,99942,200,100546,100,99897,100,100603,100,99886,100,100715,100,99867,100,100729,100,99848,100,100733,100,99818,100
2019-06-28 09:49:30.000000000,100288,555,100235,555,100434,100,100042,200,100441,100,100004,100,100461,100,99978,100,100523,100,99942,200,100546,100,99897,100,100603,100,99886,100,100715,100,99867,100,100729,100,99848,100,100733,100,99818,100
2019-06-28 09:49:33.582427913,100288,555,100235,455,100434,100,100042,200,100441,100,100004,100,100461,100,99978,100,100523,100,99942,200,100546,100,99897,100,100603,100,99886,100,100715,100,99867,100,100729,100,99848,100,100733,100,99818,100
2019-06-28 09:49:37.349106120,100288,555,100235,355,100434,100,100042,200,100441,100,100004,100,100461,100,99978,100,100523,100,99942,200,100546,100,99897,100,100603,100,99886,100,100715,100,99867,100,100729,100,99848,100,100733,100,99818,100
2019-06-28 09:49:40.000000000,100288,328,100042,428,100434,328,100004,328,100441,100,99978,100,100461,100,99942,200,100523,100,99897,100,100546,100,99886,100,100603,100,99867,100,100715,100,99848,100,100729,100,99818,100,100733,100,99802,100
2019-06-28 09:49:40.127375137,100288,328,100042,428,100409,100,100004,328,100434,328,99978,100,100441,100,99942,200,100461,100,99897,100,100523,100,99886,100,100546,100,99867,100,100603,100,99848,100,100715,100,99818,100,100729,100,99802,100
2019-06-28 09:49:44.689940238,100288,328,100042,428,100304,100,100004,328,100409,100,99978,100,100434,328,99942,200,100441,100,99897,100,100461,100,99886,100,100523,100,99867,100,100546,100,99848,100,100603,100,99818,100,100715,100,99802,100
2019-06-28 09:49:50.000000000,100288,555,100042,655,100304,100,100004,100,100409,100,99978,100,100434,100,99942,200,100441,100,99897,100,100461,100,99886,100,100523,100,99867,100,100546,100,99848,100,100603,100,99818,100,100715,100,99802,100
2019-06-28 09:50:00.000000000,100288,555,100042,655,100304,100,100004,100,100409,100,99978,100,100434,100,99942,200,100441,100,99897,100,100461,100,99886,100,100523,100,99867,100,100546,100,99848,100,100603,100,99818,100,100715,100,99802,100
2019-06-28 09:50:10.000000000,100288,214,100042,314,100304,214,100004,214,100409,214,99978,214,100434,214,99942,314,100441,100,99897,100,100461,100,99886,100,100523,100,99867,100,100546,100,99848,100,100603,100,99818,100,100715,100,99802,100
2019-06-28 09:50:15.184864241,100288,214,100157,100,100304,214,100042,314,100409,214,100004,214,100434,214,99978,214,100441,100,99942,314,100461,100,99897,100,100523,100,99886,100,100546,100,99867,100,100603,100,99848,100,100715,100,99818,100
2019-06-28 09:50:20.000000000,100288,255,100157,255,100304,250,100042,350,100409,250,100004,250,100434,100,99978,100,100441,100,99942,200,100461,100,99897,100,100523,100,99886,100,100546,100,99867,100,100603,100,99848,100,100715,100,99818,100
2019-06-28 09:50:30.000000000,100288,255,100157,255,100304,250,100042,350,100409,250,100004,250,100434,100,99978,100,100441,100,99942,200,100461,100,99897,100,100523,100,99886,100,100546,100,99867,100,100603,100,99848,100,100715,100,99818,100
2019-06-28 09:50:32.137416797,100288,255,100157,255,100304,250,100042,350,100409,250,100033,100,100434,100,100004,250,100441,100,99978,100,100461,100,99942,200,100523,100,99897,100,100546,100,99886,100,100603,100,99867,100,100715,100,99848,100
2019-06-28 09:50:38.632679326,100235,100,100157,255,100288,255,100042,250,100304,250,100033,100,100409,250,100004,250,100434,100,99978,100,100441,100,99942,200,100461,100,99897,100,100523,100,99886,100,100546,100,99867,100,100603,100,99848,100
2019-06-28 09:50:40.000000000,100235,255,100157,255,100288,250,100042,250,100304,250,100033,250,100409,100,100004,100,100434,100,99978,100,100441,100,99942,200,100461,100,99897,100,100523,100,99886,100,100546,100,99867,100,100603,100,99848,100
2019-06-28 09:50:44.466328173,100235,255,100157,255,100288,250,100042,250,100304,250,100033,250,100409,100,100013,100,100434,100,100004,100,100441,100,99978,100,100461,100,99942,200,100523,100,99897,100,100546,100,99886,100,100603,100,99867,100
2019-06-28 09:50:50.000000000,100235,328,100157,328,100288,328,100042,328,100304,100,100033,100,100409,100,100013,100,100434,100,100004,100,100441,100,99978,100,100461,100,99942,200,100523,100,99897,100,100546,100,99886,100,100603,100,99867,100
2019-06-28 09:51:00.000000000,100235,255,100157,255,100288,250,100042,250,100304,250,100033,250,100409,100,100013,100,100434,100,100004,100,100441,100,99978,100,100461,100,99942,200,100523,100,99897,100,100546,100,99886,100,100603,100,99867,100
2019-06-28 09:51:04.980325532,100235,255,100157,255,100288,250,100042,250,100304,250,100033,250,100409,100,100013,100,100434,100,100004,100,100441,100,99978,100,100461,100,99942,200,100523,100,99897,100,100546,100,99886,100,100603,100,99873,100
2019-06-28 09:51:07.996650815,100235,255,100157,255,100288,250,100042,250,100304,250,100033,250,100409,100,100013,100,100434,100,100004,100,100441,100,99978,100,100461,100,99942,200,100523,100,99897,100,100546,100,99886,100,100603,100,99873,100
2019-06-28 09:51:10.000000000,100235,255,100157,255,100288,250,100042,250,100304,250,100033,250,100409,100,100013,100,100434,100,100004,100,100441,100,99978,100,100461,100,99942,200,100523,100,99897,100,100546,100,99886,100,100603,100,99873,100
2019-06-28 09:51:20.000000000,100235,328,100157,328,100288,328,100042,328,100304,100,100033,100,100409,100,100013,100,100434,100,100004,100,100441,100,99978,100,100461,100,99942,200,100523,100,99897,100,100546,100,99886,100,100603,100,99873,100
2019-06-28 09:51:20.705878136,100235,228,100157,328,100288,328,100042,328,100304,100,100033,100,100409,100,100013,100,100434,100,100004,100,100441,100,99978,100,100461,100,99942,200,100523,100,99897,100,100546,100,99886,100,100603,100,99873,100
2019-06-28 09:51:24.318342665,100235,228,100157,328,100288,328,100042,328,100304,100,100033,100,100409,100,100013,100,100434,100,100004,100,100441,100,99978,100,100461,100,99942,200,100523,100,99897,100,100546,100,99886,100,100603,100,99873,100
2019-06-28 09:51:26.040179727,100235,228,100157,228,100288,328,100042,328,100304,100,100033,100,100409,100,100013,100,100434,100,100004,100,100441,100,99978,100,100461,100,99942,200,100523,100,99897,100,100546,100,99886,100,100603,100,99873,100
2019-06-28 09:51:27.098248258,100235,228,100157,228,100288,328,100042,328,100304,100,100033,100,100409,100,100013,100,100434,100,100004,100,100441,100,99978,100,100461,100,99942,100,100523,100,99897,100,100546,100,99886,100,100603,100,99873,100
2019-06-28 09:51:30.000000000,100288,255,100042,255,100304,250,100033,250,100409,250,100013,250,100434,100,100004,100,100441,100,99978,100,100461,100,99942,100,100523,100,99897,100,100546,100,99886,100,100603,100,99873,100,100715,100,99867,100
2019-06-28 09:51:34.990477678,100288,255,100042,255,100304,250,100033,250,100409,250,100013,250,100434,100,100004,100,100441,100,99978,100,100461,100,99897,100,100523,100,99886,100,100546,100,99873,100,100603,100,99867,100,100715,100,99825,100
2019-06-28 09:51:40.000000000,100288,214,100042,214,100304,214,100033,214,100409,214,100013,214,100434,214,100004,214,100441,100,99978,100,100461,100,99897,100,100523,100,99886,100,100546,100,99873,100,100603,100,99867,100,100715,100,99825,100
2019-06-28 09:51:50.000000000,100288,555,100042,555,100304,100,100033,100,100409,100,100013,100,100434,100,100004,100,100441,100,99978,100,100461,100,99897,100,100523,100,99886,100,100546,100,99873,100,100603,100,99867,100,100715,100,99825,100
2019-06-28 09:51:58.303090653,100288,455,100042,555,100304,100,100033,100,100409,100,100013,100,100434,100,100004,100,100441,100,99978,100,100461,100,99897,100,100523,100,99886,100,100546,100,99873,100,100603,100,99867,100,100715,100,99825,100
2019-06-28 09:52:00.000000000,100304,214,100042,214,100409,214,100033,214,100434,214,100013,214,100441,214,100004,214,100461,100,99978,100,100523,100,99897,100,100546,100,99886,100,100603,100,99873,100,100715,100,99867,100,100729,100,99825,100
2019-06-28 09:52:00.943069437,100304,214,100042,214,100328,100,100033,214,100409,214,100013,214,100434,214,100004,214,100441,214,99978,100,100461,100,99897,100,100523,100,99886,100,100546,100,99873,100,100603,100,99867,100,100715,100,99825,100
2019-06-28 09:52:10.000000000,100304,191,100042,191,100328,191,100033,191,100409,191,100013,191,100434,191,100004,191,100441,191,99978,191,100461,100,99897,100,100523,100,99886,100,100546,100,99873,100,100603,100,99867,100,100715,100,99825,100
2019-06-28 09:52:20.000000000,100304,191,100042,191,100328,191,100033,191,100409,191,100013,191,100434,191,100004,191,100441,191,99978,191,100461,100,99897,100,100523,100,99886,100,100546,100,99873,100,100603,100,99867,100,100715,100,99825,100
2019-06-28 09:52:23.212609649,100304,191,100042,191,100328,191,100033,191,100409,191,100013,191,100434,191,100004,191,100441,191,99978,191,100461,100,99897,100,100523,100,99886,100,100603,100,99873,100,100715,100,99867,100,100729,100,99825,100
2019-06-28 09:52:30.000000000,100304,328,100042,328,100328,328,100033,328,100409,100,100013,100,100434,100,100004,100,100441,100,99978,100,100461,100,99897,100,100523,100,99886,100,100603,100,99873,100,100715,100,99867,100,100729,100,99825,100
2019-06-28 09:52:30.212548008,100287,100,100042,328,100304,328,100033,328,100328,328,100013,100,100409,100,100004,100,100434,100,99978,100,100441,100,99897,100,100461,100,99886,100,100523,100,99873,100,100603,100,99867,100,100715,100,99825,100
2019-06-28 09:52:40.000000000,100287,214,100042,214,100304,214,100033,214,100328,214,100013,214,100409,214,100004,214,100434,100,99978,100,100441,100,99897,100,100461,100,99886,100,100523,100,99873,100,100603,100,99867,100,100715,100,99825,100
2019-06-28 09:52:40.337090154,100234,100,100042,214,100287,214,100033,214,100304,214,100013,214,100328,214,100004,214,100409,214,99978,100,100434,100,99897,100,100441,100,99886,100,100461,100,99873,100,100523,100,99867,100,100603,100,99825,100
2019-06-28 09:52:50.000000000,100234,214,100042,214,100287,214,100033,214,100304,214,100013,214,100328,214,100004,214,100409,100,99978,100,100434,100,99897,100,100441,100,99886,100,100461,100,99873,100,100523,100,99867,100,100603,100,99825,100
2019-06-28 09:53:00.000000000,100234,191,100042,191,100287,191,100033,191,100304,191,100013,191,100328,191,100004,191,100409,191,99978,191,100434,100,99897,100,100441,100,99886,100,100461,100,99873,100,100523,100,99867,100,100603,100,99825,100
2019-06-28 09:53:04.575641111,100234,191,100042,191,100287,91,100033,191,100304,191,100013,191,100328,191,100004,191,100409,191,99978,191,100434,100,99897,100,100441,100,99886,100,100461,100,99873,100,100523,100,99867,100,100603,100,99825,100
2019-06-28 09:53:10.000000000,100234,555,100042,555,100304,100,100033,100,100328,100,100013,100,100409,100,100004,100,100434,100,99978,100,100441,100,99897,100,100461,100,99886,100,100523,100,99873,100,100603,100,99867,100,100715,100,99825,100
2019-06-28 09:53:11.663806324,100190,100,100042,555,100234,555,100033,100,100304,100,100013,100,100328,100,100004,100,100409,100,99978,100,100434,100,99897,100,100461,100,99886,100,100523,100,99873,100,100603,100,99867,100,100715,100,99825,100
2019-06-28 09:53:20.000000000,100190,191,100042,191,100234,191,100033,191,100304,191,100013,191,100328,191,100004,191,100409,191,99978,191,100434,100,99897,100,100461,100,99886,100,100523,100,99873,100,100603,100,99867,100,100715,100,99825,100
2019-06-28 09:53:30.000000000,100190,255,100042,255,100234,250,100033,250,100304,250,100013,250,100328,100,100004,100,100409,100,99978,100,100434,100,99897,100,100461,100,99886,100,100523,100,99873,100,100603,100,99867,100,100715,100,99825,100
2019-06-28 09:53:40.000000000,100190,214,100042,214,100234,214,100033,214,100304,214,100013,214,100328,214,100004,214,100409,100,99978,100,100434,100,99897,100,100461,100,99886,100,100523,100,99873,100,100603,100,99867,100,100715,100,99825,100
2019-06-28 09:53:41.320240356,100095,100,100042,214,100190,214,100033,214,100234,214,100013,214,100304,214,100004,214,100328,214,99978,100,100409,100,99897,100,100434,100,99886,100,100461,100,99873,100,100523,100,99867,100,100603,100,99825,100
2019-06-28 09:53:41.410261460,100095,100,100042,214,100190,114,100033,214,100234,214,100013,214,100304,214,100004,214,100328,214,99978,100,100409,100,99949,100,100434,100,99897,100,100461,100,99886,100,100523,100,99873,100,100603,100,99867,100
2019-06-28 09:53:50.000000000,100095,191,100042,191,100234,191,100033,191,100304,191,100013,191,100328,191,100004,191,100409,191,99978,191,100434,100,99949,100,100461,100,99897,100,100523,100,99886,100,100603,100,99873,100,100715,100,99867,100
2019-06-28 09:54:00.000000000,100095,214,100042,214,100234,214,100033,214,100304,214,100013,214,100328,214,100004,214,100409,100,99978,100,100434,100,99949,100,100461,100,99897,100,100523,100,99886,100,100603,100,99873,100,100715,100,99867,100
2019-06-28 09:54:05.092799855,100095,114,100042,214,100234,214,100033,214,100304,214,100013,114,100328,214,100004,214,100409,100,99978,100,100434,100,99949,100,100461,100,99897,100,100523,100,99886,100,100603,100,99873,100,100715,100,99867,100
2019-06-28 09:54:10.000000000,100234,214,100042,214,100304,214,100033,214,100328,214,100004,214,100409,214,99978,214,100434,100,99949,100,100461,100,99897,100,100523,100,99886,100,100603,100,99873,100,100715,100,99867,100,100729,100,99825,100
2019-06-28 09:54:20.000000000,100234,191,100042,191,100304,191,100033,191,100328,191,100004,191,100409,191,99978,191,100434,191,99949,191,100461,100,99897,100,100523,100,99886,100,100603,100,99873,100,100715,100,99867,100,100729,100,99825,100
2019-06-28 09:54:30.000000000,100234,555,100042,555,100304,100,100033,100,100328,100,100004,100,100409,100,99978,100,100434,100,99949,100,100461,100,99897,100,100523,100,99886,100,100603,100,99873,100,100715,100,99867,100,100729,100,99825,100
2019-06-28 09:54:40.000000000,100234,214,100042,214,100304,214,100033,214,100328,214,100004,214,100409,214,99978,214,100434,100,99949,100,100461,100,99897,100,100523,100,99886,100,100603,100,99873,100,100715,100,99867,100,100729,100,99825,100
2019-06-28 09:54:49.596261387,100234,114,100042,214,100304,214,100033,214,100328,214,100004,214,100409,214,99978,214,100434,100,99949,100,100461,100,99897,100,100523,100,99873,100,100603,100,99867,100,100715,100,99825,100,100729,100,99823,100
2019-06-28 09:54:49.641894308,100234,114,100042,214,100304,214,100033,214,100328,214,100004,214,100409,114,99978,214,100434,100,99949,100,100441,100,99897,100,100461,100,99873,100,100523,100,99867,100,100603,100,99825,100,100715,100,99823,100
2019-06-28 09:54:50.000000000,100304,191,100042,191,100328,191,100033,191,100434,191,100004,191,100441,191,99978,191,100461,191,99949,191,100523,100,99897,100,100603,100,99873,100,100715,100,99867,100,100729,100,99825,100,100733,100,99823,100
2019-06-28 09:55:00.000000000,100304,555,100042,555,100328,100,100033,100,100434,100,100004,100,100441,100,99978,100,100461,100,99949,100,100523,100,99897,100,100603,100,99873,100,100715,100,99867,100,100729,100,99825,100,100733,100,99823,100
2019-06-28 09:55:10.000000000,100304,328,100042,328,100328,328,100033,328,100434,100,100004,100,100441,100,99978,100,100461,100,99949,100,100523,100,99897,100,100603,100,99873,100,100715,100,99867,100,100729,100,99825,100,100733,100,99823,100
2019-06-28 09:55:20.000000000,100304,555,100042,555,100328,100,100033,100,100434,100,100004,100,100441,100,99978,100,100461,100,99949,100,100523,100,99897,100,100603,100,99873,100,100715,100,99867,100,100729,100,99825,100,100733,100,99823,100
2019-06-28 09:55:21.094442067,100233,100,100042,555,100304,555,100033,100,100328,100,100004,100,100434,100,99978,100,100441,100,99949,100,100461,100,99897,100,100523,100,99873,100,100603,100,99867,100,100715,100,99825,100,100729,100,99823,100
2019-06-28 09:55:30.000000000,100233,255,100042,255,100304,250,100033,250,100328,250,100004,250,100434,100,99978,100,100441,100,99949,100,100461,100,99897,100,100523,100,99873,100,100603,100,99867,100,100715,100,99825,100,100729,100,99823,100
2019-06-28 09:55:40.000000000,100233,555,100042,555,100304,100,100033,100,100328,100,100004,100,100434,100,99978,100,100441,100,99949,100,100461,100,99897,100,100523,100,99873,100,100603,100,99867,100,100715,100,99825,100,100729,100,99823,100
2019-06-28 09:55:41.806319883,100233,555,100042,555,100304,100,100033,100,100328,100,100004,100,100434,100,99978,100,100441,100,99949,100,100461,100,99903,100,100523,100,99897,100,100603,100,99873,100,100715,100,99867,100,100729,100,99825,100
2019-06-28 09:55:50.000000000,100233,328,100042,328,100304,328,100033,328,100328,100,100004,100,100434,100,99978,100,100441,100,99949,100,100461,100,99903,100,100523,100,99897,100,100603,100,99873,100,100715,100,99867,100,100729,100,99825,100
2019-06-28 09:56:00.000000000,100233,255,100042,255,100304,250,100033,250,100328,250,100004,250,100434,100,99978,100,100441,100,99949,100,100461,100,99903,100,100523,100,99897,100,100603,100,99873,100,100715,100,99867,100,100729,100,99825,100
2019-06-28 09:56:00.112504338,100233,255,100042,155,100304,250,100033,250,100328,250,100004,250,100434,100,99978,100,100441,100,99949,100,100461,100,99903,100,100523,100,99897,100,100603,100,99873,100,100715,100,99867,100,100729,100,99825,100
2019-06-28 09:56:10.000000000,100233,214,100033,214,100304,214,100004,214,100328,214,99978,214,100434,214,99949,214,100441,100,99903,100,100461,100,99897,100,100523,100,99873,100,100603,100,99867,100,100715,100,99825,100,100729,100,99823,100
2019-06-28 09:56:15.865949109,100233,214,100213,100,100304,214,100033,214,100328,214,100004,214,100434,214,99978,214,100441,100,99949,214,100461,100,99903,100,100523,100,99897,100,100603,100,99873,100,100715,100,99867,100,100729,100,99825,100
2019-06-28 09:56:16.727097233,100232,100,100213,100,100233,214,100033,214,100304,214,100004,214,100328,214,99978,214,100434,214,99949,214,100441,100,99903,100,100461,100,99897,100,100523,100,99873,100,100603,100,99867,100,100715,100,99825,100
2019-06-28 09:56:20.000000000,100232,555,100213,555,100233,100,100033,100,100304,100,100004,100,100328,100,99978,100,100434,100,99949,100,100441,100,99903,100,100461,100,99897,100,100523,100,99873,100,100603,100,99867,100,100715,100,99825,100
2019-06-28 09:56:24.366112648,100232,555,100213,555,100233,100,100043,100,100304,100,100033,100,100328,100,100004,100,100434,100,99978,100,100441,100,99949,100,100461,100,99903,100,100523,100,99897,100,100603,100,99873,100,100715,100,99867,100
2019-06-28 09:56:26.910581955,100232,555,100213,555,100233,100,100043,200,100304,100,100033,100,100328,100,100004,100,100434,100,99978,100,100441,100,99949,100,100461,100,99903,100,100523,100,99897,100,100603,100,99873,100,100715,100,99867,100
2019-06-28 09:56:29.345423505,100232,555,100213,555,100233,100,100043,300,100304,100,100033,100,100328,100,100004,100,100434,100,99978,100,100441,100,99949,100,100461,100,99903,100,100523,100,99897,100,100603,100,99873,100,100715,100,99867,100
2019-06-28 09:56:30.000000000,100232,255,100213,255,100233,250,100043,450,100304,250,100033,250,100328,100,100004,100,100434,100,99978,100,100441,100,99949,100,100461,100,99903,100,100523,100,99897,100,100603,100,99873,100,100715,100,99867,100
2019-06-28 09:56:40.000000000,100232,328,100213,328,100233,328,100043,528,100304,100,100033,100,100328,100,100004,100,100434,100,99978,100,100441,100,99949,100,100461,100,99903,100,100523,100,99897,100,100603,100,99873,100,100715,100,99867,100
2019-06-28 09:56:41.787388685,100232,328,100213,228,100233,328,100043,528,100304,100,100033,100,100328,100,100004,100,100434,100,99978,100,100441,100,99949,100,100461,100,99903,100,100523,100,99897,100,100603,100,99873,100,100715,100,99867,100
2019-06-28 09:56:44.332490498,100232,328,100213,228,100233,328,100043,528,100304,100,100033,100,100328,100,100004,100,100434,100,99978,100,100441,100,99949,100,100461,100,99903,100,100523,100,99902,100,100603,100,99897,100,100715,100,99873,100
2019-06-28 09:56:45.394761775,100232,328,100213,228,100233,328,100043,528,100304,100,100033,100,100328,100,100004,100,100434,100,99978,100,100441,100,99949,100,100461,100,99903,100,100523,100,99902,100,100603,100,99897,100,100715,100,99882,100
2019-06-28 09:56:50.000000000,100232,328,100043,528,100233,328,100033,328,100304,100,100004,100,100328,100,99978,100,100434,100,99949,100,100441,100,99903,100,100461,100,99902,100,100523,100,99897,100,100603,100,99882,100,100715,100,99873,100
2019-06-28 09:57:00.000000000,100232,255,100043,455,100233,250,100033,250,100304,250,100004,250,100328,100,99978,100,100434,100,99949,100,100441,100,99903,100,100461,100,99902,100,100523,100,99897,100,100603,100,99882,100,100715,100,99873,100
2019-06-28 09:57:00.122747522,100232,255,100043,455,100233,250,100033,250,100304,250,100004,250,100328,100,99978,100,100434,100,99949,100,100441,100,99903,100,100461,100,99902,100,100523,100,99897,100,100603,100,99882,100,100715,100,99873,100
2019-06-28 09:57:10.000000000,100232,255,100043,455,100233,250,100033,250,100304,250,100004,250,100328,100,99978,100,100434,100,99949,100,100441,100,99903,100,100461,100,99902,100,100523,100,99897,100,100603,100,99882,100,100715,100,99873,100
2019-06-28 09:57:20.000000000,100232,191,100043,391,100233,191,100033,191,100304,191,100004,191,100328,191,99978,191,100434,191,99949,191,100441,100,99903,100,100461,100,99902,100,100523,100,99897,100,100603,100,99882,100,100715,100,99873,100
2019-06-28 09:57:30.000000000,100232,328,100043,528,100233,328,100033,328,100304,100,100004,100,100328,100,99978,100,100434,100,99949,100,100441,100,99903,100,100461,100,99902,100,100523,100,99897,100,100603,100,99882,100,100715,100,99873,100
2019-06-28 09:57:37.640731262,100232,328,100043,528,100233,328,100033,328,100304,100,100004,100,100328,100,99978,100,100344,100,99949,100,100441,100,99903,100,100461,100,99902,100,100523,100,99897,100,100603,100,99882,100,100715,100,99873,100
2019-06-28 09:57:39.166461549,100232,328,100043,528,100233,328,100033,328,100304,100,100004,100,100328,100,99978,100,100344,100,99949,100,100441,100,99903,100,100461,100,99902,100,100523,100,99897,100,100603,100,99882,100,100715,100,99873,100
2019-06-28 09:57:40.000000000,100232,191,100043,391,100233,191,100033,191,100304,191,100004,191,100328,191,99978,191,100344,191,99949,191,100441,100,99903,100,100461,100,99902,100,100523,100,99897,100,100603,100,99882,100,100715,100,99873,100
2019-06-28 09:57:41.084943329,100232,191,100043,391,100233,191,100033,191,100304,191,100004,91,100328,191,99978,191,100344,191,99949,191,100441,100,99903,100,100461,100,99902,100,100523,100,99897,100,100603,100,99882,100,100715,100,99873,100
2019-06-28 09:57:50.000000000,100232,555,100043,755,100233,100,100033,100,100304,100,99978,100,100328,100,99949,100,100344,100,99903,100,100441,100,99902,100,100461,100,99897,100,100523,100,99882,100,100603,100,99873,100,100715,100,99867,100
2019-06-28 09:58:00.000000000,100232,555,100043,755,100233,100,100033,100,100304,100,99978,100,100328,100,99949,100,100344,100,99903,100,100441,100,99902,100,100461,100,99897,100,100523,100,99882,100,100603,100,99873,100,100715,100,99867,100
2019-06-28 09:58:01.796549097,100232,655,100043,755,100233,100,100033,100,100304,100,99978,100,100328,100,99949,100,100344,100,99903,100,100441,100,99902,100,100461,100,99897,100,100523,100,99882,100,100603,100,99873,100,100715,100,99867,100
2019-06-28 09:58:03.803519808,100171,100,100043,755,100232,655,100033,100,100233,100,99978,100,100304,100,99903,100,100328,100,99902,100,100344,100,99897,100,100441,100,99882,100,100461,100,99873,100,100523,100,99867,100,100603,100,99852,100
2019-06-28 09:58:10.000000000,100171,255,100043,455,100232,350,100033,250,100233,250,99978,250,100304,100,99903,100,100328,100,99902,100,100344,100,99897,100,100441,100,99882,100,100461,100,99873,100,100523,100,99867,100,100603,100,99852,100
2019-06-28 09:58:12.403357769,100171,255,100043,455,100232,450,100033,250,100233,250,99978,250,100304,100,99903,100,100328,100,99902,100,100344,100,99897,100,100441,100,99882,100,100461,100,99873,100,100523,100,99867,100,100603,100,99852,100
2019-06-28 09:58:17.790943141,100171,155,100043,455,100232,450,100033,250,100233,250,99978,250,100304,100,99903,100,100328,100,99902,100,100344,100,99897,100,100441,100,99882,100,100461,100,99873,100,100523,100,99867,100,100603,100,99852,100
2019-06-28 09:58:20.000000000,100232,528,100043,528,100233,328,100033,328,100304,100,99978,100,100328,100,99903,100,100344,100,99902,100,100441,100,99897,100,100461,100,99882,100,100523,100,99873,100,100603,100,99867,100,100715,100,99852,100
2019-06-28 09:58:29.220527365,100232,528,100214,100,100233,228,100043,528,100304,100,100033,328,100328,100,99978,100,100344,100,99903,100,100441,100,99902,100,100461,100,99897,100,100523,100,99882,100,100603,100,99873,100,100715,100,99867,100
2019-06-28 09:58:30.000000000,100232,414,100214,214,100304,214,100043,414,100328,214,100033,214,100344,214,99978,214,100441,100,99903,100,100461,100,99902,100,100523,100,99897,100,100603,100,99882,100,100715,100,99873,100,100729,100,99867,100
2019-06-28 09:58:34.003451531,100232,414,100214,214,100304,214,100043,414,100328,214,100033,214,100344,214,99978,214,100441,100,99903,100,100461,100,99902,100,100519,100,99897,100,100523,100,99882,100,100603,100,99873,100,100715,100,99867,100
2019-06-28 09:58:40.000000000,100232,528,100214,328,100304,328,100043,528,100328,100,100033,100,100344,100,99978,100,100441,100,99903,100,100461,100,99902,100,100519,100,99897,100,100523,100,99882,100,100603,100,99873,100,100715,100,99867,100
2019-06-28 09:58:41.546456119,100232,528,100214,328,100304,328,100043,528,100328,100,100033,100,100344,100,99978,100,100357,100,99903,100,100441,100,99902,100,100461,100,99897,100,100519,100,99882,100,100523,100,99873,100,100603,100,99867,100
2019-06-28 09:58:50.000000000,100232,755,100214,555,100304,100,100043,300,100328,100,100033,100,100344,100,99978,100,100357,100,99903,100,100441,100,99902,100,100461,100,99897,100,100519,100,99882,100,100523,100,99873,100,100603,100,99867,100
2019-06-28 09:58:51.666667841,100232,755,100214,455,100304,100,100043,300,100328,100,100033,100,100344,100,99978,100,100357,100,99903,100,100441,100,99902,100,100461,100,99897,100,100519,100,99882,100,100523,100,99873,100,100603,100,99867,100
2019-06-28 09:59:00.000000000,100232,391,100043,391,100304,191,100033,191,100328,191,99978,191,100344,191,99903,191,100357,191,99902,191,100441,100,99897,100,100461,100,99882,100,100519,100,99873,100,100523,100,99867,100,100603,100,99852,100
2019-06-28 09:59:05.587403692,100232,391,100184,100,100304,191,100043,391,100328,191,100033,191,100344,191,99978,191,100357,191,99903,191,100441,100,99902,191,100461,100,99897,100,100519,100,99882,100,100523,100,99873,100,100715,100,99867,100
2019-06-28 09:59:07.528097609,100232,391,100215,100,100304,191,100184,100,100328,191,100043,391,100344,191,100033,191,100357,191,99978,191,100441,100,99903,191,100461,100,99902,191,100519,100,99897,100,100523,100,99882,100,100715,100,99873,100
2019-06-28 09:59:10.000000000,100232,414,100215,214,100304,214,100184,214,100328,214,100043,414,100344,214,100033,214,100357,100,99978,100,100441,100,99903,100,100461,100,99902,100,100519,100,99897,100,100523,100,99882,100,100715,100,99873,100
2019-06-28 09:59:20.000000000,100232,528,100215,328,100304,328,100184,328,100328,100,100043,300,100344,100,100033,100,100357,100,99978,100,100441,100,99903,100,100461,100,99902,100,100519,100,99897,100,100523,100,99882,100,100715,100,99873,100
2019-06-28 09:59:30.000000000,100232,455,100215,255,100304,250,100184,250,100328,250,100043,450,100344,100,100033,100,100357,100,99978,100,100441,100,99903,100,100461,100,99902,100,100519,100,99897,100,100523,100,99882,100,100715,100,99873,100
2019-06-28 09:59:37.430968209,100225,100,100215,255,100232,455,100184,250,100304,250,100043,450,100328,250,100033,100,100344,100,99978,100,100441,100,99903,100,100461,100,99902,100,100519,100,99897,100,100523,100,99882,100,100715,100,99873,100
2019-06-28 09:59:40.000000000,100225,555,100215,555,100232,300,100184,100,100304,100,100043,300,100328,100,100033,100,100344,100,99978,100,100441,100,99903,100,100461,100,99902,100,100519,100,99897,100,100523,100,99882,100,100715,100,99873,100
2019-06-28 09:59:50.000000000,100225,255,100215,255,100232,450,100184,250,100304,250,100043,450,100328,100,100033,100,100344,100,99978,100,100441,100,99903,100,100461,100,99902,100,100519,100,99897,100,100523,100,99882,100,100715,100,99873,100
2019-06-28 09:59:55.818755973,100225,255,100215,255,100232,450,100184,150,100304,250,100043,450,100328,100,100033,100,100344,100,99978,100,100441,100,99903,100,100461,100,99902,100,100519,100,99897,200,100523,100,99882,100,100715,100,99873,100
2019-06-28 10:00:00.000000000,100225,555,100215,555,100232,300,100043,300,100304,100,100033,100,100328,100,99978,100,100344,100,99903,100,100441,100,99902,100,100461,100,99897,200,100519,100,99882,100,100523,100,99873,100,100715,100,99867,100
2019-06-28 10:00:09.240522848,100225,555,100215,455,100232,300,100043,300,100304,100,100033,100,100328,100,99978,100,100344,100,99903,100,100441,100,99902,100,100461,100,99897,200,100519,100,99882,100,100523,100,99873,100,100729,100,99867,100
2019-06-28 10:00:10.000000000,100225,255,100043,455,100232,450,100033,250,100304,250,99978,250,100328,100,99903,100,100344,100,99902,100,100441,100,99897,200,100461,100,99882,100,100519,100,99873,100,100523,100,99867,100,100729,100,99852,100
2019-06-28 10:00:16.818587042,100225,255,100043,355,100232,450,100033,250,100304,250,99978,250,100328,100,99903,100,100344,100,99902,100,100441,100,99897,200,100461,100,99882,100,100523,100,99873,100,100729,100,99867,100,100733,100,99852,100
2019-06-28 10:00:20.000000000,100225,255,100043,355,100232,450,100033,250,100304,250,99978,250,100328,100,99903,100,100344,100,99902,100,100441,100,99897,200,100461,100,99882,100,100523,100,99873,100,100729,100,99867,100,100733,100,99852,100
2019-06-28 10:00:22.473511061,100225,255,100043,255,100232,450,100033,250,100304,250,99978,250,100328,100,99903,100,100344,100,99902,100,100441,100,99897,200,100461,100,99882,100,100523,100,99873,100,100729,100,99867,100,100733,100,99852,100
2019-06-28 10:00:30.000000000,100225,191,100043,191,100232,391,100033,191,100304,191,99978,191,100328,191,99903,191,100344,191,99902,191,100441,100,99897,200,100461,100,99882,100,100523,100,99873,100,100729,100,99867,100,100733,100,99852,100
2019-06-28 10:00:32.885347632,100225,191,100043,191,100232,391,100033,191,100304,191,99978,191,100328,191,99903,191,100344,191,99902,191,100441,100,99897,200,100461,100,99882,100,100523,100,99873,100,100729,100,99867,100,100733,100,99852,100
2019-06-28 10:00:40.000000000,100225,214,100043,214,100232,414,100033,214,100304,214,99978,214,100328,214,99903,214,100344,100,99902,100,100441,100,99897,200,100461,100,99882,100,100523,100,99873,100,100729,100,99867,100,100733,100,99852,100
2019-06-28 10:00:50.000000000,100225,191,100043,191,100232,391,100033,191,100304,191,99978,191,100328,191,99903,191,100344,191,99902,191,100441,100,99897,200,100461,100,99882,100,100523,100,99873,100,100729,100,99867,100,100733,100,99852,100
2019-06-28 10:01:00.000000000,100225,555,100043,555,100232,300,100033,100,100304,100,99978,100,100328,100,99903,100,100344,100,99902,100,100441,100,99897,200,100461,100,99882,100,100523,100,99873,100,100729,100,99867,100,100733,100,99852,100
2019-06-28 10:01:01.743748404,100225,555,100043,555,100232,300,100033,100,100328,100,99978,100,100344,100,99903,100,100346,100,99902,100,100441,100,99897,200,100461,100,99882,100,100523,100,99873,100,100729,100,99867,100,100733,100,99852,100
2019-06-28 10:01:05.304961275,100225,555,100044,100,100232,300,100043,555,100328,100,100033,100,100344,100,99978,100,100346,100,99903,100,100441,100,99902,100,100461,100,99897,200,100523,100,99882,100,100729,100,99873,100,100733,100,99867,100
2019-06-28 10:01:10.000000000,100225,214,100044,214,100232,414,100043,214,100328,214,100033,214,100344,214,99978,214,100346,100,99903,100,100441,100,99902,100,100461,100,99897,200,100523,100,99882,100,100729,100,99873,100,100733,100,99867,100
2019-06-28 10:01:15.197271979,100225,214,100044,214,100232,414,100043,214,100328,214,100033,114,100344,214,99978,214,100346,100,99903,100,100359,100,99902,100,100441,100,99897,200,100461,100,99882,100,100523,100,99873,100,100729,100,99867,100
2019-06-28 10:01:16.270913407,100225,214,100044,214,100232,414,100043,214,100328,214,100033,114,100344,214,100024,100,100346,100,99978,214,100359,100,99903,100,100441,100,99902,100,100461,100,99897,200,100523,100,99882,100,100729,100,99873,100
2019-06-28 10:01:17.086523496,100179,100,100044,214,100225,214,100043,214,100232,414,100033,114,100328,214,100024,100,100344,214,99978,214,100346,100,99903,100,100359,100,99902,100,100441,100,99897,200,100461,100,99882,100,100523,100,99873,100
2019-06-28 10:01:17.182588290,100179,100,100044,314,100225,214,100043,214,100232,414,100033,114,100328,214,100024,100,100344,214,99978,214,100346,100,99903,100,100359,100,99902,100,100441,100,99897,200,100461,100,99882,100,100523,100,99873,100
2019-06-28 10:01:20.000000000,100179,328,100044,428,100225,328,100043,328,100232,300,100024,100,100328,100,99978,100,100344,100,99903,100,100346,100,99902,100,100359,100,99897,200,100441,100,99882,100,100461,100,99873,100,100523,100,99867,100
2019-06-28 10:01:30.000000000,100179,328,100044,428,100225,328,100043,328,100232,300,100024,100,100328,100,99978,100,100344,100,99903,100,100346,100,99902,100,100359,100,99897,200,100441,100,99882,100,100461,100,99873,100,100523,100,99867,100
2019-06-28 10:01:40.000000000,100179,191,100044,291,100225,191,100043,191,100232,391,100024,191,100328,191,99978,191,100344,191,99903,191,100346,100,99902,100,100359,100,99897,200,100441,100,99882,100,100461,100,99873,100,100523,100,99867,100
2019-06-28 10:01:43.524033041,100179,191,100044,291,100225,191,100043,191,100232,291,100024,191,100328,191,99978,191,100344,191,99903,191,100346,100,99902,100,100359,100,99897,200,100441,100,99882,100,100461,100,99873,100,100523,100,99867,100
2019-06-28 10:01:49.357475753,100179,191,100044,391,100225,191,100043,191,100232,291,100024,191,100328,191,99978,191,100344,191,99903,191,100346,100,99902,100,100359,100,99897,200,100441,100,99882,100,100461,100,99873,100,100523,100,99867,100
2019-06-28 10:01:50.000000000,100179,191,100044,391,100225,191,100043,191,100232,291,100024,191,100328,191,99978,191,100344,191,99903,191,100346,100,99902,100,100359,100,99897,200,100441,100,99882,100,100461,100,99873,100,100523,100,99867,100
2019-06-28 10:01:59.971069475,100179,191,100044,391,100225,191,100043,191,100232,291,100024,191,100328,191,99978,191,100344,191,99903,191,100346,100,99902,100,100359,100,99897,200,100441,100,99882,100,100461,100,99873,100,100523,100,99867,100
2019-06-28 10:02:00.000000000,100179,328,100044,528,100225,328,100043,328,100232,200,100024,100,100328,100,99978,100,100344,100,99903,100,100346,100,99902,100,100359,100,99897,200,100441,100,99882,100,100461,100,99873,100,100523,100,99867,100
2019-06-28 10:02:10.000000000,100179,214,100044,414,100225,214,100043,214,100232,314,100024,214,100328,214,99978,214,100344,100,99903,100,100346,100,99902,100,100359,100,99897,200,100441,100,99882,100,100461,100,99873,100,100523,100,99867,100
2019-06-28 10:02:15.737774140,100179,214,100044,314,100225,214,100043,214,100232,314,100024,214,100328,214,99978,214,100344,100,99903,100,100346,100,99902,100,100359,100,99897,200,100441,100,99882,100,100461,100,99873,100,100523,100,99867,100
2019-06-28 10:02:20.000000000,100179,328,100044,428,100225,328,100043,328,100232,200,100024,100,100328,100,99978,100,100344,100,99903,100,100346,100,99902,100,100359,100,99897,200,100441,100,99882,100,100461,100,99873,100,100523,100,99867,100
2019-06-28 10:02:30.000000000,100179,191,100044,291,100225,191,100043,191,100232,291,100024,191,100328,191,99978,191,100344,191,99903,191,100346,100,99902,100,100359,100,99897,200,100441,100,99882,100,100461,100,99873,100,100523,100,99867,100
2019-06-28 10:02:36.957068953,100179,191,100044,291,100225,191,100043,191,100232,291,100024,191,100328,91,99978,191,100344,191,99903,191,100346,100,99902,100,100359,100,99897,200,100441,100,99882,100,100461,100,99873,100,100523,100,99867,100
2019-06-28 10:02:40.000000000,100179,555,100044,655,100225,100,100043,100,100232,200,100024,100,100344,100,99978,100,100346,100,99903,100,100359,100,99902,100,100441,100,99897,200,100461,100,99882,100,100523,100,99873,100,100667,100,99867,100
2019-06-28 10:02:49.906237442,100179,555,100044,655,100225,100,100043,100,100232,200,100024,100,100344,100,99978,100,100346,100,99903,100,100359,100,99902,100,100441,100,99897,200,100461,100,99882,100,100523,100,99873,100,100729,100,99867,200
2019-06-28 10:02:50.000000000,100179,191,100044,291,100225,191,100043,191,100232,291,100024,191,100344,191,99978,191,100346,191,99903,191,100359,100,99902,100,100441,100,99897,200,100461,100,99882,100,100523,100,99873,100,100729,100,99867,200
2019-06-28 10:02:50.629532391,100179,191,100044,191,100225,191,100043,191,100232,291,100024,191,100344,191,99978,191,100346,91,99903,191,100359,100,99902,100,100441,100,99897,200,100461,100,99882,100,100523,100,99873,100,100729,100,99867,200
2019-06-28 10:02:58.782058691,100179,191,100044,91,100225,191,100043,191,100232,291,100024,191,100344,191,99978,191,100346,91,99903,191,100359,100,99902,100,100441,100,99897,200,100461,100,99882,100,100523,100,99873,100,100729,100,99867,200
2019-06-28 10:03:00.000000000,100179,255,100043,255,100225,250,100024,250,100232,350,99978,250,100344,100,99903,100,100359,100,99902,100,100441,100,99897,200,100461,100,99882,100,100523,100,99873,100,100729,100,99867,200,100739,100,99852,100
2019-06-28 10:03:10.000000000,100179,214,100043,214,100225,214,100024,214,100232,314,99978,214,100344,214,99903,214,100359,100,99902,100,100441,100,99897,200,100461,100,99882,100,100523,100,99873,100,100729,100,99867,200,100739,100,99852,100
2019-06-28 10:03:20.000000000,100179,191,100043,191,100225,191,100024,191,100232,291,99978,191,100344,191,99903,191,100359,191,99902,191,100441,100,99897,200,100461,100,99882,100,100523,100,99873,100,100729,100,99867,200,100739,100,99852,100
2019-06-28 10:03:28.065900382,100179,191,100043,91,100225,191,100024,191,100232,291,99978,191,100344,191,99903,191,100359,191,99902,191,100441,100,99897,200,100461,100,99882,100,100523,100,99873,100,100729,100,99867,200,100739,100,99852,100
2019-06-28 10:03:30.000000000,100179,328,100024,328,100225,328,99978,328,100232,200,99903,100,100344,100,99902,100,100359,100,99897,200,100441,100,99882,100,100461,100,99873,100,100523,100,99867,200,100729,100,99852,100,100739,100,99823,100
2019-06-28 10:03:40.000000000,100179,191,100024,191,100225,191,99978,191,100232,291,99903,191,100344,191,99902,191,100359,191,99897,291,100441,100,99882,100,100461,100,99873,100,100523,100,99867,200,100729,100,99852,100,100739,100,99823,100
2019-06-28 10:03:43.844122466,100179,191,100024,191,100225,191,99978,191,100232,291,99951,100,100344,191,99903,191,100359,191,99902,191,100441,100,99897,291,100461,100,99882,100,100523,100,99873,100,100729,100,99867,200,100739,100,99852,100
2019-06-28 10:03:50.000000000,100179,214,100024,214,100225,214,99978,214,100232,314,99951,214,100344,214,99903,214,100359,100,99902,100,100441,100,99897,200,100461,100,99882,100,100523,100,99873,100,100729,100,99867,200,100739,100,99852,100
2019-06-28 10:03:53.574512106,100179,214,100024,214,100225,214,99978,214,100232,314,99951,214,100344,214,99903,214,100359,100,99902,100,100441,100,99897,200,100461,100,99882,100,100523,100,99873,100,100729,100,99867,200,,,99852,100
2019-06-28 10:04:00.000000000,100179,555,100024,555,100225,100,99978,100,100232,200,99951,100,100344,100,99903,100,100359,100,99902,100,100441,100,99897,200,100461,100,99882,100,100523,100,99873,100,100729,100,99867,200,,,99852,100
2019-06-28 10:04:00.164915871,100179,555,100024,455,100225,100,99978,100,100232,200,99951,100,100344,100,99903,100,100359,100,99902,100,100441,100,99897,200,100461,100,99882,100,100523,100,99873,100,100729,100,99867,200,,,99852,100
2019-06-28 10:04:10.000000000,100179,191,99978,191,100225,191,99951,191,100232,291,99903,191,100344,191,99902,191,100359,191,99897,291,100441,100,99882,100,100461,100,99873,100,100523,100,99867,200,100729,100,99852,100,,,99831,100
2019-06-28 10:04:10.488079671,100179,191,100004,100,100225,191,99978,191,100232,291,99951,191,100344,191,99903,191,100359,91,99902,191,100441,100,99897,291,100461,100,99882,100,100523,100,99873,100,100729,100,99867,200,,,99852,100
2019-06-28 10:04:20.000000000,100179,328,100004,328,100225,328,99978,328,100232,200,99951,100,100344,100,99903,100,100441,100,99902,100,100461,100,99897,200,100523,100,99882,100,100729,100,99873,100,,,99867,200,,,99852,100
2019-06-28 10:04:30.000000000,100179,328,100004,328,100225,328,99978,328,100232,200,99951,100,100344,100,99903,100,100441,100,99902,100,100461,100,99897,200,100523,100,99882,100,100729,100,99873,100,,,99867,200,,,99852,100
2019-06-28 10:04:40.000000000,100179,214,100004,214,100225,214,99978,214,100232,314,99951,214,100344,214,99903,214,100441,100,99902,100,100461,100,99897,200,100523,100,99882,100,100729,100,99873,100,,,99867,200,,,99852,100
2019-06-28 10:04:43.302495991,100179,214,100004,214,100225,214,99978,214,100232,214,99951,214,100344,214,99903,214,100441,100,99902,100,100461,100,99897,200,100523,100,99882,100,100729,100,99873,100,,,99867,200,,,99852,100
2019-06-28 10:04:50.000000000,100179,555,100004,555,100225,100,99978,100,100232,100,99951,100,100344,100,99903,100,100441,100,99902,100,100461,100,99897,200,100523,100,99882,100,100729,100,99873,100,,,99867,200,,,99852,100
2019-06-28 10:05:00.000000000,100179,328,100004,328,100225,328,99978,328,100232,100,99951,100,100344,100,99903,100,100441,100,99902,100,100461,100,99897,200,100523,100,99882,100,100729,100,99873,100,,,99867,200,,,99852,100
2019-06-28 10:05:05.593455732,100179,328,100004,328,100225,328,99990,100,100232,100,99978,328,100344,100,99951,100,100441,100,99903,100,100461,100,99902,100,100523,100,99897,200,100729,100,99882,100,,,99873,100,,,99867,200
2019-06-28 10:05:10.000000000,100179,255,100004,255,100225,250,99990,250,100232,250,99978,250,100344,100,99951,100,100441,100,99903,100,100461,100,99902,100,100523,100,99897,200,100729,100,99882,100,,,99873,100,,,99867,200
2019-06-28 10:05:20.000000000,100179,191,100004,191,100225,191,99990,191,100232,191,99978,191,100344,191,99951,191,100441,191,99903,191,100461,100,99902,100,100523,100,99897,200,100729,100,99882,100,,,99873,100,,,99867,200
2019-06-28 10:05:22.027655307,100159,100,100004,191,100179,191,99990,191,100225,191,99978,191,100232,191,99951,191,100344,191,99903,191,100441,191,99902,100,100461,100,99897,200,100523,100,99882,100,100729,100,99873,100,,,99867,200
