,ask_price_1,ask_size_1,bid_price_1,bid_size_1,ask_price_2,ask_size_2,bid_price_2,bid_size_2,ask_price_3,ask_size_3,bid_price_3,bid_size_3,ask_price_4,ask_size_4,bid_price_4,bid_size_4,ask_price_5,ask_size_5,bid_price_5,bid_size_5,ask_price_6,ask_size_6,bid_price_6,bid_size_6,ask_price_7,ask_size_7,bid_price_7,bid_size_7,ask_price_8,ask_size_8,bid_price_8,bid_size_8,ask_price_9,ask_size_9,bid_price_9,bid_size_9,ask_price_10,ask_size_10,bid_price_10,bid_size_10
2019-06-28 09:30:00.000000003,,,99893,100,,,,,,,,,,,,,,,,,,,,,,,,,,,,,,,,,,,,
2019-06-28 09:30:00.000000005,,,99989,100,,,99893,100,,,,,,,,,,,,,,,,,,,,,,,,,,,,,,,,
2019-06-28 09:30:00.000000007,99991,100,99989,100,100019,100,99893,100,,,99852,100,,,,,,,,,,,,,,,,,,,,,,,,,,,,
2019-06-28 09:30:00.000000013,99991,100,99989,100,100001,100,99893,100,100019,100,99852,100,,,,,,,,,,,,,,,,,,,,,,,,,,,,
2019-06-28 09:30:00.000000017,99991,100,99990,100,100001,100,99893,100,100019,100,99852,100,,,,,,,,,,,,,,,,,,,,,,,,,,,,
2019-06-28 09:30:00.000000020,99991,100,99893,100,100001,100,99852,100,100019,100,99813,100,,,,,,,,,,,,,,,,,,,,,,,,,,,,
2019-06-28 09:30:00.000000023,99991,100,99934,100,100001,100,99893,100,100019,100,99852,100,100129,100,99813,100,,,,,,,,,,,,,,,,,,,,,,,,
2019-06-28 09:30:00.000000024,99991,100,99934,100,100001,100,99893,100,100019,100,99852,100,100094,100,99813,100,100129,100,,,100134,100,,,,,,,,,,,,,,,,,,
2019-06-28 09:30:00.000000025,99991,100,99893,100,100001,100,99852,100,100019,100,99813,100,100094,100,,,100129,100,,,100134,100,,,,,,,,,,,,,,,,,,
2019-06-28 09:30:00.000000027,99991,100,99934,100,100001,100,99893,100,100019,100,99852,100,100094,100,99813,100,100129,100,,,100134,100,,,,,,,,,,,,,,,,,,
2019-06-28 09:30:00.000000028,99991,100,99934,100,100001,100,99893,100,100019,100,99852,100,100030,100,99813,100,100094,100,,,100129,100,,,100134,100,,,,,,,,,,,,,,
2019-06-28 09:30:00.000000029,99991,100,99934,200,100001,100,99893,100,100019,100,99852,100,100030,100,99813,100,100094,100,,,100129,100,,,100134,100,,,,,,,,,,,,,,
2019-06-28 09:30:00.000000032,99991,100,99934,200,100001,100,99893,100,100006,100,99852,100,100019,100,99813,100,100030,100,,,100094,100,,,100129,100,,,100134,100,,,,,,,,,,
2019-06-28 09:30:00.000000033,99991,100,99934,200,100001,100,99893,100,100006,100,99852,100,100019,100,99839,100,100030,100,99813,100,100094,100,,,100129,100,,,100134,100,,,100153,100,,,,,,
2019-06-28 09:30:00.000000036,99991,100,99934,200,100001,100,99893,100,100006,100,99852,100,100019,100,99839,100,100030,100,99813,100,100094,100,,,100129,100,,,100134,100,,,100153,100,,,100192,100,,
2019-06-28 09:30:00.000000037,99991,100,99934,200,100001,100,99926,100,100006,100,99893,100,100019,100,99852,100,100030,100,99839,100,100094,100,99813,100,100129,100,,,100134,100,,,100153,100,,,100192,100,,
2019-06-28 09:30:00.000000038,99991,100,99934,200,100001,100,99926,100,100006,100,99893,100,100019,100,99852,100,100030,100,99839,100,100094,100,99813,100,100129,100,,,100134,100,,,100153,100,,,100158,100,,
2019-06-28 09:30:00.000000040,99990,100,99934,200,99991,100,99926,100,100001,100,99893,100,100006,100,99852,100,100019,100,99839,100,100030,100,99813,100,100094,100,,,100129,100,,,100134,100,,,100153,100,,
2019-06-28 09:30:00.000000041,99990,100,99983,100,99991,100,99934,200,100001,100,99926,100,100006,100,99893,100,100019,100,99852,100,100030,100,99839,100,100094,100,99813,100,100129,100,,,100134,100,,,100153,100,,
2019-06-28 09:30:00.000000043,99990,100,99983,100,99991,100,99963,100,100001,100,99934,200,100006,100,99926,100,100019,100,99893,100,100030,100,99852,100,100094,100,99839,100,100129,100,99813,100,100134,100,,,100153,100,,
2019-06-28 09:30:00.000000044,99990,100,99983,100,99991,100,99963,100,100001,100,99934,200,100006,100,99926,100,100019,100,99893,100,100030,100,99852,100,100094,100,99839,100,100129,100,99813,100,100134,100,,,100152,100,,
2019-06-28 09:30:00.000000049,99990,100,99989,100,99991,100,99983,100,100001,100,99963,100,100006,100,99934,200,100019,100,99926,100,100030,100,99893,100,100094,100,99852,100,100129,100,99839,100,100134,100,99813,100,100152,100,,
2019-06-28 09:30:00.000000050,99990,100,99989,100,99991,100,99983,100,100001,100,99963,100,100006,100,99934,300,100019,100,99926,100,100030,100,99893,100,100094,100,99852,100,100129,100,99839,100,100134,100,99813,100,100152,100,,
2019-06-28 09:30:00.000000053,99990,100,99989,100,99991,100,99983,100,100001,100,99963,100,100006,100,99934,400,100019,100,99926,100,100030,100,99893,100,100094,100,99852,100,100129,100,99839,100,100134,100,99813,100,100152,100,,
2019-06-28 09:30:00.000000054,99990,100,99989,100,99991,100,99983,100,100001,100,99963,100,100006,100,99934,400,100019,100,99926,100,100030,100,99896,100,100066,100,99893,100,100094,100,99852,100,100129,100,99839,100,100134,100,99813,100
2019-06-28 09:30:00.000000056,99990,100,99989,100,99991,100,99983,100,100001,100,99963,100,100006,100,99934,400,100019,100,99926,100,100030,100,99896,100,100054,100,99893,100,100066,100,99852,100,100094,100,99839,100,100129,100,99813,100
2019-06-28 09:30:00.000000058,99990,100,99989,100,99991,100,99983,100,100001,100,99963,100,100006,100,99934,500,100019,100,99926,100,100030,100,99909,100,100054,100,99904,100,100066,100,99896,100,100094,100,99893,100,100129,100,99871,100
2019-06-28 09:30:00.000000059,99990,100,99989,100,99991,100,99983,100,100001,100,99963,100,100006,100,99934,500,100019,100,99926,100,100030,100,99909,100,100051,100,99904,100,100054,100,99896,100,100066,100,99893,100,100094,100,99871,100
2019-06-28 09:30:00.000000061,99990,100,99989,100,99991,100,99983,100,100001,100,99963,100,100006,100,99934,500,100019,100,99926,100,100030,100,99909,100,100051,100,99904,100,100054,100,99896,100,100066,100,99893,100,100094,100,99871,100
2019-06-28 09:30:00.000000063,99990,100,99989,100,99991,100,99983,100,100001,100,99963,100,100006,100,99934,700,100019,100,99926,100,100030,100,99909,100,100051,100,99904,100,100054,100,99896,100,100066,100,99893,100,100094,100,99871,100
2019-06-28 09:30:00.000000065,99990,100,99989,100,99991,100,99983,100,100001,100,99963,100,100006,100,99936,100,100019,100,99934,700,100030,100,99926,100,100051,100,99909,100,100054,100,99904,100,100066,100,99896,100,100094,100,99893,100
2019-06-28 09:30:00.000000067,99990,100,99989,100,99991,100,99983,100,100001,100,99963,100,100006,100,99936,100,100019,100,99934,700,100030,100,99926,100,100051,100,99909,100,100054,100,99904,100,100066,100,99896,100,100094,100,99894,100
2019-06-28 09:30:00.000000068,99990,100,99989,100,99991,100,99983,100,100001,100,99963,100,100006,100,99936,100,100007,100,99934,700,100019,100,99926,100,100028,100,99909,100,100030,100,99904,100,100051,100,99896,100,100054,100,99894,100
2019-06-28 09:30:00.000000070,99990,100,99989,100,99991,100,99983,100,100001,100,99963,100,100006,100,99936,100,100007,100,99934,800,100019,100,99926,100,100028,100,99909,100,100030,100,99904,100,100051,100,99896,100,100054,100,99894,100
2019-06-28 09:30:00.000000073,99990,100,99989,100,99991,100,99983,100,100001,100,99963,100,100006,100,99936,100,100007,100,99934,800,100019,100,99926,100,100028,100,99909,100,100030,100,99904,100,100051,100,99896,100,100054,100,99894,100
2019-06-28 09:30:00.000000074,99990,100,99989,100,99991,100,99983,100,100001,100,99963,100,100006,100,99936,100,100007,100,99934,800,100019,100,99926,100,100028,100,99909,200,100030,100,99904,100,100051,100,99896,100,100054,100,99894,100
2019-06-28 09:30:00.000000075,99990,100,99989,100,99991,100,99983,100,100001,100,99963,100,100006,100,99936,100,100007,100,99934,800,100019,100,99926,100,100028,100,99909,200,100030,100,99904,100,100051,100,99896,100,100054,100,99894,100
2019-06-28 09:30:00.000000079,99991,100,99989,100,100001,100,99983,100,100006,100,99963,100,100007,100,99936,100,100019,100,99934,800,100028,100,99926,100,100030,100,99909,200,100051,100,99904,100,100054,100,99896,100,100066,100,99894,100
2019-06-28 09:30:00.000000080,99991,100,99989,100,100001,100,99983,100,100006,100,99963,100,100007,100,99936,100,100019,100,99934,800,100028,100,99926,100,100030,100,99909,200,100051,100,99904,100,100054,100,99896,100,100066,100,99894,100
2019-06-28 09:30:00.000000083,99991,100,99983,100,100001,100,99963,100,100006,100,99936,100,100007,100,99934,800,100019,100,99926,100,100028,100,99909,200,100030,100,99904,100,100051,100,99896,100,100054,100,99894,100,100066,100,99893,100
2019-06-28 09:30:00.000000084,99991,100,99983,100,100001,100,99963,100,100006,100,99936,100,100007,100,99934,800,100019,100,99926,100,100028,100,99909,200,100030,100,99904,100,100051,100,99896,100,100054,100,99894,100,100066,100,99893,100
2019-06-28 09:30:00.000000090,99991,100,99983,100,100001,100,99963,100,100006,100,99936,100,100007,100,99934,800,100019,100,99926,100,100028,100,99909,200,100030,100,99904,100,100051,100,99896,100,100054,100,99894,100,100066,100,99893,100
2019-06-28 09:30:00.000000093,99990,100,99983,100,99991,100,99963,100,100001,100,99936,100,100006,100,99934,800,100007,100,99926,100,100019,100,99909,200,100028,100,99904,100,100030,100,99896,100,100051,100,99894,100,100054,100,99893,100
2019-06-28 09:30:00.000000094,99990,100,99963,100,99991,100,99936,100,100001,100,99934,800,100006,100,99926,100,100007,100,99909,200,100019,100,99904,100,100028,100,99896,100,100030,100,99894,100,100051,100,99893,100,100054,100,99891,100
2019-06-28 09:30:00.000000099,99990,100,99963,100,99991,100,99936,100,100001,100,99934,800,100006,100,99926,100,100007,100,99909,200,100008,100,99904,100,100019,100,99896,100,100028,100,99894,100,100030,100,99893,100,100051,100,99891,100
2019-06-28 09:30:07.433975104,99989,100,99963,100,99990,100,99936,100,99991,100,99934,700,100001,100,99926,100,100006,100,99909,200,100007,100,99904,100,100008,100,99896,100,100019,100,99894,100,100028,100,99893,100,100030,100,99891,100
2019-06-28 09:30:10.000000000,99989,172,99963,172,99990,172,99936,172,99991,172,99934,772,100001,172,99926,172,100006,100,99909,200,100007,100,99904,100,100008,100,99896,100,100019,100,99894,100,100028,100,99893,100,100030,100,99891,100
2019-06-28 09:30:20.000000000,99989,388,99963,388,99990,100,99936,100,99991,100,99934,700,100001,100,99926,100,100006,100,99909,200,100007,100,99904,100,100008,100,99896,100,100019,100,99894,100,100028,100,99893,100,100030,100,99891,100
2019-06-28 09:30:23.842513173,99989,388,99963,388,99990,100,99936,100,99991,100,99934,700,100001,100,99926,100,100006,100,99909,100,100007,100,99904,100,100008,100,99896,100,100019,100,99894,100,100028,100,99893,100,100030,100,99891,100
2019-06-28 09:30:27.845474731,99973,100,99963,388,99989,388,99936,100,99990,100,99934,700,99991,100,99926,100,100001,100,99909,100,100007,100,99904,100,100008,100,99896,100,100019,100,99894,100,100028,100,99893,100,100030,100,99891,100
2019-06-28 09:30:30.000000000,99973,198,99963,198,99989,195,99936,195,99990,195,99934,795,99991,100,99926,100,100001,100,99909,100,100007,100,99904,100,100008,100,99896,100,100019,100,99894,100,100028,100,99893,100,100030,100,99891,100
2019-06-28 09:30:40.000000000,99973,172,99963,172,99989,172,99936,172,99990,172,99934,772,99991,172,99926,172,100001,100,99909,100,100007,100,99904,100,100008,100,99896,100,100019,100,99894,100,100028,100,99893,100,100030,100,99891,100
2019-06-28 09:30:40.911525149,99973,172,99963,172,99989,172,99936,172,99990,172,99934,772,99991,172,99926,172,100001,100,99909,100,100007,100,99904,100,100008,100,99896,100,100019,100,99894,100,100028,100,99893,100,100030,100,99891,100
2019-06-28 09:30:50.000000000,99973,198,99963,198,99989,195,99936,195,99990,195,99934,795,99991,100,99926,100,100001,100,99909,100,100007,100,99904,100,100008,100,99896,100,100019,100,99894,100,100028,100,99893,100,100030,100,99891,100
2019-06-28 09:30:53.250770648,99973,198,99963,198,99989,195,99936,95,99990,195,99934,795,99991,100,99926,100,100001,100,99909,100,100007,100,99904,100,100008,100,99896,100,100019,100,99894,100,100028,100,99893,100,100030,100,99891,100
2019-06-28 09:31:00.000000000,99973,198,99963,198,99989,195,99934,795,99990,195,99926,195,99991,100,99909,100,100001,100,99904,100,100007,100,99896,100,100008,100,99894,100,100019,100,99893,100,100028,100,99891,100,100030,100,99887,100
2019-06-28 09:31:01.915024604,99973,198,99963,98,99989,195,99934,795,99990,195,99926,195,99991,100,99909,100,100001,100,99904,100,100007,100,99896,100,100008,100,99894,100,100019,100,99893,100,100028,100,99891,100,100030,100,99880,100
2019-06-28 09:31:10.000000000,99973,172,99934,772,99989,172,99926,172,99990,172,99909,172,99991,172,99904,172,100001,100,99896,100,100007,100,99894,100,100008,100,99893,100,100019,100,99891,100,100028,100,99880,100,100030,100,99879,100
2019-06-28 09:31:16.464059027,99973,172,99934,672,99989,172,99926,172,99990,172,99909,172,99991,172,99904,172,100001,100,99896,100,100007,100,99894,100,100008,100,99893,100,100019,100,99891,100,100028,100,99880,100,100030,100,99879,100
2019-06-28 09:31:20.000000000,99973,244,99934,744,99989,244,99926,244,99990,100,99909,100,99991,100,99904,100,100001,100,99896,100,100007,100,99894,100,100008,100,99893,100,100019,100,99891,100,100028,100,99880,100,100030,100,99879,100
2019-06-28 09:31:30.000000000,99973,198,99934,698,99989,195,99926,195,99990,195,99909,195,99991,100,99904,100,100001,100,99896,100,100007,100,99894,100,100008,100,99893,100,100019,100,99891,100,100028,100,99880,100,100030,100,99879,100
2019-06-28 09:31:40.000000000,99973,198,99934,698,99989,195,99926,195,99990,195,99909,195,99991,100,99904,100,100001,100,99896,100,100007,100,99894,100,100008,100,99893,100,100019,100,99891,100,100028,100,99880,100,100030,100,99879,100
2019-06-28 09:31:40.111985261,99973,98,99934,598,99989,195,99926,195,99990,195,99909,195,99991,100,99904,100,100001,100,99896,100,100007,100,99894,100,100008,100,99893,100,100019,100,99891,100,100028,100,99880,100,100030,100,99879,100
2019-06-28 09:31:47.193631722,99973,98,99934,598,99989,195,99926,195,99990,195,99909,195,99991,100,99904,100,100001,100,99896,100,100007,100,99894,100,100008,100,99893,100,100028,100,99891,100,100030,100,99880,100,100051,100,99879,100
2019-06-28 09:31:50.000000000,99989,244,99934,644,99990,244,99926,244,99991,100,99909,100,100001,100,99904,100,100007,100,99896,100,100008,100,99894,100,100028,100,99893,100,100030,100,99891,100,100051,100,99880,100,100054,100,99879,100
2019-06-28 09:32:00.000000000,99989,198,99934,598,99990,195,99926,195,99991,195,99909,195,100001,100,99904,100,100007,100,99896,100,100008,100,99894,100,100028,100,99893,100,100030,100,99891,100,100051,100,99880,100,100054,100,99879,100
2019-06-28 09:32:10.000000000,99989,198,99934,598,99990,195,99926,195,99991,195,99909,195,100001,100,99904,100,100007,100,99896,100,100008,100,99894,100,100028,100,99893,100,100030,100,99891,100,100051,100,99880,100,100054,100,99879,100
2019-06-28 09:32:11.421008013,99989,198,99934,598,99990,195,99926,195,99991,195,99909,195,100001,100,99904,100,100007,100,99896,100,100008,100,99894,100,100028,100,99893,100,100030,100,99891,100,100051,100,99880,100,100054,100,99879,100
2019-06-28 09:32:20.000000000,99989,172,99934,572,99990,172,99926,172,99991,172,99909,172,100001,172,99904,172,100007,100,99896,100,100008,100,99894,100,100028,100,99893,100,100030,100,99891,100,100051,100,99880,100,100054,100,99879,100
2019-06-28 09:32:30.000000000,99989,198,99934,598,99990,195,99926,195,99991,195,99909,195,100001,100,99904,100,100007,100,99896,100,100008,100,99894,100,100028,100,99893,100,100030,100,99891,100,100051,100,99880,100,100054,100,99879,100
2019-06-28 09:32:39.158946398,99963,100,99934,498,99989,198,99926,195,99990,195,99909,195,99991,195,99904,100,100001,100,99896,100,100007,100,99894,100,100008,100,99893,100,100028,100,99891,100,100030,100,99880,100,100051,100,99879,100
2019-06-28 09:32:40.000000000,99963,172,99934,472,99989,172,99926,172,99990,172,99909,172,99991,172,99904,172,100001,100,99896,100,100007,100,99894,100,100008,100,99893,100,100028,100,99891,100,100030,100,99880,100,100051,100,99879,100
2019-06-28 09:32:50.000000000,99963,198,99934,498,99989,195,99926,195,99990,195,99909,195,99991,100,99904,100,100001,100,99896,100,100007,100,99894,100,100008,100,99893,100,100028,100,99891,100,100030,100,99880,100,100051,100,99879,100
2019-06-28 09:33:00.000000000,99963,388,99934,688,99989,100,99926,100,99990,100,99909,100,99991,100,99904,100,100001,100,99896,100,100007,100,99894,100,100008,100,99893,100,100028,100,99891,100,100030,100,99880,100,100051,100,99879,100
2019-06-28 09:33:10.000000000,99963,244,99934,544,99989,244,99926,244,99990,100,99909,100,99991,100,99904,100,100001,100,99896,100,100007,100,99894,100,100008,100,99893,100,100028,100,99891,100,100030,100,99880,100,100051,100,99879,100
2019-06-28 09:33:16.028964237,99963,244,99934,444,99989,244,99926,244,99990,100,99909,100,99991,100,99904,100,100001,100,99896,100,100007,100,99894,100,100008,100,99893,100,100028,100,99891,100,100030,100,99880,100,100051,100,99879,100
2019-06-28 09:33:20.000000000,99963,388,99934,588,99989,100,99926,100,99990,100,99909,100,99991,100,99904,100,100001,100,99896,100,100007,100,99894,100,100008,100,99893,100,100028,100,99891,100,100030,100,99880,100,100051,100,99879,100
2019-06-28 09:33:29.124397219,99963,388,99934,488,99989,100,99926,100,99990,100,99909,100,99991,100,99904,100,100001,100,99896,100,100007,100,99894,100,100008,100,99893,100,100028,100,99891,100,100030,100,99880,100,100051,100,99879,100
2019-06-28 09:33:30.000000000,99963,158,99934,258,99989,158,99926,158,99990,158,99909,158,99991,158,99904,158,100001,158,99896,158,100007,100,99894,100,100008,100,99893,100,100028,100,99891,100,100030,100,99880,100,100051,100,99879,100
2019-06-28 09:33:33.921310953,99963,158,99934,158,99989,158,99926,158,99990,158,99909,158,99991,158,99904,158,100001,158,99896,158,100007,100,99894,100,100008,100,99893,100,100028,100,99891,100,100030,100,99880,100,100051,100,99879,100
2019-06-28 09:33:34.713482388,99963,158,99934,58,99989,158,99926,158,99990,158,99909,158,99991,158,99904,158,100001,158,99896,158,100007,100,99894,100,100008,100,99893,100,100028,100,99891,100,100051,100,99880,100,100054,100,99879,100
2019-06-28 09:33:40.000000000,99963,198,99926,198,99989,195,99909,195,99990,195,99904,195,99991,100,99896,100,100001,100,99894,100,100007,100,99893,100,100008,100,99891,100,100028,100,99880,100,100051,100,99879,100,100054,100,99871,100
2019-06-28 09:33:50.000000000,99963,244,99926,244,99989,244,99909,244,99990,100,99904,100,99991,100,99896,100,100001,100,99894,100,100007,100,99893,100,100008,100,99891,100,100028,100,99880,100,100051,100,99879,100,100054,100,99871,100
2019-06-28 09:34:00.000000000,99963,388,99926,388,99989,100,99909,100,99990,100,99904,100,99991,100,99896,100,100001,100,99894,100,100007,100,99893,100,100008,100,99891,100,100028,100,99880,100,100051,100,99879,100,100054,100,99871,100
2019-06-28 09:34:06.583395707,99963,388,99926,388,99989,100,99909,100,99990,100,99904,100,99991,100,99896,100,100001,100,99894,100,100007,100,99893,100,100008,100,99891,100,100028,100,99879,100,100051,100,99871,100,100054,100,99852,100
2019-06-28 09:34:10.000000000,99963,244,99926,244,99989,244,99909,244,99990,100,99904,100,99991,100,99896,100,100001,100,99894,100,100007,100,99893,100,100008,100,99891,100,100028,100,99879,100,100051,100,99871,100,100054,100,99852,100
2019-06-28 09:34:20.000000000,99963,172,99926,172,99989,172,99909,172,99990,172,99904,172,99991,172,99896,172,100001,100,99894,100,100007,100,99893,100,100008,100,99891,100,100028,100,99879,100,100051,100,99871,100,100054,100,99852,100
2019-06-28 09:34:24.445122643,99963,172,99926,172,99989,172,99909,172,99990,172,99904,172,99991,172,99896,172,100007,100,99894,100,100008,100,99893,100,100028,100,99891,100,100051,100,99879,100,100054,100,99871,100,100066,100,99852,100
2019-06-28 09:34:30.000000000,99963,158,99926,158,99989,158,99909,158,99990,158,99904,158,99991,158,99896,158,100007,158,99894,158,100008,100,99893,100,100028,100,99891,100,100051,100,99879,100,100054,100,99871,100,100066,100,99852,100
2019-06-28 09:34:40.000000000,99963,198,99926,198,99989,195,99909,195,99990,195,99904,195,99991,100,99896,100,100007,100,99894,100,100008,100,99893,100,100028,100,99891,100,100051,100,99879,100,100054,100,99871,100,100066,100,99852,100
2019-06-28 09:34:50.000000000,99963,388,99926,388,99989,100,99909,100,99990,100,99904,100,99991,100,99896,100,100007,100,99894,100,100008,100,99893,100,100028,100,99891,100,100051,100,99879,100,100054,100,99871,100,100066,100,99852,100
2019-06-28 09:35:00.000000000,99963,244,99926,244,99989,244,99909,244,99990,100,99904,100,99991,100,99896,100,100007,100,99894,100,100008,100,99893,100,100028,100,99891,100,100051,100,99879,100,100054,100,99871,100,100066,100,99852,100
2019-06-28 09:35:05.565231763,99963,144,99926,244,99989,244,99909,244,99990,100,99904,100,99991,100,99896,100,100007,100,99894,100,100008,100,99893,100,100028,100,99891,100,100051,100,99879,100,100054,100,99871,100,100066,100,99852,100
2019-06-28 09:35:10.000000000,99989,244,99926,244,99990,244,99909,244,99991,100,99904,100,100007,100,99896,100,100008,100,99894,100,100028,100,99893,100,100051,100,99891,100,100054,100,99879,100,100066,100,99871,100,100072,100,99852,100
2019-06-28 09:35:11.855862443,99934,100,99926,244,99989,244,99909,244,99990,244,99904,100,99991,100,99896,100,100007,100,99894,100,100008,100,99893,100,100028,100,99891,100,100051,100,99879,100,100054,100,99871,100,100066,100,99840,100
2019-06-28 09:35:20.000000000,99934,198,99926,198,99989,195,99909,195,99990,195,99904,195,99991,100,99896,100,100007,100,99894,100,100008,100,99893,100,100028,100,99891,100,100051,100,99879,100,100054,100,99871,100,100066,100,99840,100
2019-06-28 09:35:30.000000000,99934,158,99926,158,99989,158,99909,158,99990,158,99904,158,99991,158,99896,158,100007,158,99894,158,100008,100,99893,100,100028,100,99891,100,100051,100,99879,100,100054,100,99871,100,100066,100,99840,100
2019-06-28 09:35:40.000000000,99934,158,99926,158,99989,158,99909,158,99990,158,99904,158,99991,158,99896,158,100007,158,99894,158,100008,100,99893,100,100028,100,99891,100,100051,100,99879,100,100054,100,99871,100,100066,100,99840,100
2019-06-28 09:35:48.400931565,99934,158,99926,58,99989,158,99909,158,99990,158,99904,158,99991,158,99896,158,100007,158,99894,158,100008,100,99893,100,100028,100,99891,100,100051,100,99879,100,100054,100,99871,100,100066,100,99840,100
2019-06-28 09:35:50.000000000,99934,388,99909,388,99989,100,99904,100,99990,100,99896,100,99991,100,99894,100,100007,100,99893,100,100008,100,99891,100,100028,100,99879,100,100051,100,99871,100,100054,100,99840,100,100066,100,99839,100
2019-06-28 09:35:55.410366147,99934,388,99909,388,99989,100,99904,100,99990,100,99896,100,99991,100,99894,100,100007,100,99893,100,100008,100,99891,100,100028,100,99879,100,100051,100,99871,100,100054,100,99840,100,100066,100,99839,100
2019-06-28 09:36:00.000000000,99934,388,99909,388,99989,100,99904,100,99990,100,99896,100,99991,100,99894,100,100007,100,99893,100,100008,100,99891,100,100028,100,99879,100,100051,100,99871,100,100054,100,99840,100,100066,100,99839,100
2019-06-28 09:36:06.449636774,99933,100,99909,388,99934,388,99904,100,99989,100,99896,100,99990,100,99894,100,99991,100,99893,100,100007,100,99891,100,100008,100,99879,100,100028,100,99871,100,100051,100,99840,100,100054,100,99839,100
2019-06-28 09:36:10.000000000,99933,244,99909,244,99934,244,99904,244,99989,100,99896,100,99990,100,99894,100,99991,100,99893,100,100007,100,99891,100,100008,100,99879,100,100028,100,99871,100,100051,100,99840,100,100054,100,99839,100
2019-06-28 09:36:20.000000000,99933,198,99909,198,99934,195,99904,195,99989,195,99896,195,99990,100,99894,100,99991,100,99893,100,100007,100,99891,100,100008,100,99879,100,100028,100,99871,100,100051,100,99840,100,100054,100,99839,100
2019-06-28 09:36:30.000000000,99933,158,99909,158,99934,158,99904,158,99989,158,99896,158,99990,158,99894,158,99991,158,99893,158,100007,100,99891,100,100008,100,99879,100,100028,100,99871,100,100051,100,99840,100,100054,100,99839,100
2019-06-28 09:36:40.000000000,99933,388,99909,388,99934,100,99904,100,99989,100,99896,100,99990,100,99894,100,99991,100,99893,100,100007,100,99891,100,100008,100,99879,100,100028,100,99871,100,100051,100,99840,100,100054,100,99839,100
2019-06-28 09:36:50.000000000,99933,388,99909,388,99934,100,99904,100,99989,100,99896,100,99990,100,99894,100,99991,100,99893,100,100007,100,99891,100,100008,100,99879,100,100028,100,99871,100,100051,100,99840,100,100054,100,99839,100
2019-06-28 09:36:59.545428212,99933,388,99909,388,99934,100,99904,100,99989,100,99896,100,99990,100,99894,100,99991,100,99893,100,100007,100,99891,100,100008,100,99879,100,100028,100,99871,100,100051,100,99840,100,100054,100,99839,100
2019-06-28 09:37:00.000000000,99933,244,99909,244,99934,244,99904,244,99989,100,99896,100,99990,100,99894,100,99991,100,99893,100,100007,100,99891,100,100008,100,99879,100,100028,100,99871,100,100051,100,99840,100,100054,100,99839,100
2019-06-28 09:37:10.000000000,99933,172,99909,172,99934,172,99904,172,99989,172,99896,172,99990,172,99894,172,99991,100,99893,100,100007,100,99891,100,100008,100,99879,100,100028,100,99871,100,100051,100,99840,100,100054,100,99839,100
2019-06-28 09:37:20.000000000,99933,244,99909,244,99934,244,99904,244,99989,100,99896,100,99990,100,99894,100,99991,100,99893,100,100007,100,99891,100,100008,100,99879,100,100028,100,99871,100,100051,100,99840,100,100054,100,99839,100
2019-06-28 09:37:26.689344051,99933,144,99909,244,99934,244,99904,244,99989,100,99896,100,99990,100,99894,100,99991,100,99893,100,100007,100,99891,100,100008,100,99879,100,100028,100,99871,100,100051,100,99840,100,100054,100,99839,100
2019-06-28 09:37:30.000000000,99934,388,99909,388,99989,100,99904,100,99990,100,99896,100,99991,100,99894,100,100007,100,99893,100,100008,100,99891,100,100028,100,99879,100,100051,100,99871,100,100054,100,99840,100,100066,100,99839,100
2019-06-28 09:37:40.000000000,99934,388,99909,388,99989,100,99904,100,99990,100,99896,100,99991,100,99894,100,100007,100,99893,100,100008,100,99891,100,100028,100,99879,100,100051,100,99871,100,100054,100,99840,100,100066,100,99839,100
2019-06-28 09:37:50.000000000,99934,158,99909,158,99989,158,99904,158,99990,158,99896,158,99991,158,99894,158,100007,158,99893,158,100008,100,99891,100,100028,100,99879,100,100051,100,99871,100,100054,100,99840,100,100066,100,99839,100
2019-06-28 09:38:00.000000000,99934,388,99909,388,99989,100,99904,100,99990,100,99896,100,99991,100,99894,100,100007,100,99893,100,100008,100,99891,100,100028,100,99879,100,100051,100,99871,100,100054,100,99840,100,100066,100,99839,100
2019-06-28 09:38:00.086834064,99934,388,99909,388,99989,100,99904,100,99990,100,99896,100,99991,100,99894,100,100007,100,99893,100,100008,100,99891,100,100028,100,99879,100,100051,100,99871,100,100054,100,99840,100,100066,100,99839,100
2019-06-28 09:38:10.000000000,99934,244,99909,244,99989,244,99904,244,99990,100,99896,100,99991,100,99894,100,100007,100,99893,100,100008,100,99891,100,100028,100,99879,100,100051,100,99871,100,100054,100,99840,100,100066,100,99839,100
2019-06-28 09:38:10.710169544,99934,244,99909,244,99989,244,99904,244,99991,100,99896,100,100007,100,99894,100,100008,100,99893,100,100028,100,99891,100,100051,100,99879,100,100054,100,99871,100,100066,100,99840,100,100072,100,99839,100
2019-06-28 09:38:20.000000000,99934,198,99909,198,99989,195,99904,195,99991,195,99896,195,100007,100,99894,100,100008,100,99893,100,100028,100,99891,100,100051,100,99879,100,100054,100,99871,100,100066,100,99840,100,100072,100,99839,100
2019-06-28 09:38:30.000000000,99934,198,99909,198,99989,195,99904,195,99991,195,99896,195,100007,100,99894,100,100008,100,99893,100,100028,100,99891,100,100051,100,99879,100,100054,100,99871,100,100066,100,99840,100,100072,100,99839,100
2019-06-28 09:38:40.000000000,99934,388,99909,388,99989,100,99904,100,99991,100,99896,100,100007,100,99894,100,100008,100,99893,100,100028,100,99891,100,100051,100,99879,100,100054,100,99871,100,100066,100,99840,100,100072,100,99839,100
2019-06-28 09:38:50.000000000,99934,244,99909,244,99989,244,99904,244,99991,100,99896,100,100007,100,99894,100,100008,100,99893,100,100028,100,99891,100,100051,100,99879,100,100054,100,99871,100,100066,100,99840,100,100072,100,99839,100
2019-06-28 09:38:52.459664848,99934,244,99909,144,99989,244,99904,244,99991,100,99896,100,100007,100,99894,100,100008,100,99893,100,100028,100,99891,100,100051,100,99879,100,100054,100,99871,100,100066,100,99840,100,100072,100,99839,100
2019-06-28 09:39:00.000000000,99934,172,99904,172,99989,172,99896,172,99991,172,99894,172,100007,172,99893,172,100008,100,99891,100,100028,100,99879,100,100051,100,99871,100,100054,100,99840,100,100066,100,99839,100,100072,100,99783,100
2019-06-28 09:39:10.000000000,99934,244,99904,244,99989,244,99896,244,99991,100,99894,100,100007,100,99893,100,100008,100,99891,100,100028,100,99879,100,100051,100,99871,100,100054,100,99840,100,100066,100,99839,100,100072,100,99783,100
2019-06-28 09:39:16.889743246,99932,100,99904,244,99934,244,99896,244,99989,244,99894,100,99991,100,99893,100,100007,100,99891,100,100008,100,99879,100,100028,100,99871,100,100051,100,99840,100,100054,100,99839,100,100066,100,99783,100
2019-06-28 09:39:20.000000000,99932,172,99904,172,99934,172,99896,172,99989,172,99894,172,99991,172,99893,172,100007,100,99891,100,100008,100,99879,100,100028,100,99871,100,100051,100,99840,100,100054,100,99839,100,100066,100,99783,100
2019-06-28 09:39:22.452291098,99932,172,99904,72,99934,172,99896,172,99989,172,99894,172,99991,172,99893,172,100007,100,99891,100,100028,100,99879,100,100051,100,99871,100,100054,100,99840,100,100066,100,99839,100,100072,100,99783,100
2019-06-28 09:39:30.000000000,99932,172,99896,172,99934,172,99894,172,99989,172,99893,172,99991,172,99891,172,100007,100,99879,100,100028,100,99871,100,100051,100,99840,100,100054,100,99839,100,100066,100,99783,100,100072,100,99728,100
2019-06-28 09:39:35.980115729,99909,100,99896,172,99932,172,99894,172,99934,172,99893,172,99989,172,99891,172,99991,172,99879,100,100007,100,99871,100,100028,100,99840,100,100051,100,99839,100,100054,100,99783,100,100066,100,99728,100
2019-06-28 09:39:37.427210643,99909,100,99896,172,99932,172,99894,172,99934,72,99893,172,99989,172,99891,172,99991,172,99879,100,100007,100,99871,100,100028,100,99840,100,100051,100,99839,100,100054,100,99783,100,100066,100,99728,100
2019-06-28 09:39:40.000000000,99909,388,99896,388,99932,100,99894,100,99989,100,99893,100,99991,100,99891,100,100007,100,99879,100,100028,100,99871,100,100051,100,99840,100,100054,100,99839,100,100066,100,99783,100,100072,100,99728,100
2019-06-28 09:39:44.564920209,99909,388,99896,388,99932,100,99894,100,99989,100,99893,100,99991,100,99891,100,100007,100,99879,100,100028,100,99871,100,100051,100,99840,100,100054,100,99839,100,100066,100,99783,100,100072,100,99728,100
2019-06-28 09:39:49.180630019,99909,388,99896,288,99932,100,99894,100,99989,100,99893,100,99991,100,99891,100,100007,100,99879,100,100028,100,99871,100,100051,100,99840,100,100054,100,99839,100,100066,100,99783,100,100072,100,99728,100
2019-06-28 09:39:50.000000000,99909,244,99894,244,99932,244,99893,244,99989,100,99891,100,99991,100,99879,100,100007,100,99871,100,100028,100,99840,100,100051,100,99839,100,100054,100,99783,100,100066,100,99728,100,100072,100,99701,100
2019-06-28 09:39:54.737902900,99909,244,99894,144,99932,244,99893,244,99989,100,99891,100,99991,100,99879,100,100007,100,99871,100,100028,100,99840,100,100051,100,99839,100,100054,100,99783,100,100066,100,99728,100,100072,100,99701,100
2019-06-28 09:40:00.000000000,99909,198,99893,198,99932,195,99891,195,99989,195,99879,195,99991,100,99871,100,100007,100,99840,100,100028,100,99839,100,100051,100,99783,100,100054,100,99728,100,100066,100,99701,100,100072,100,99621,100
2019-06-28 09:40:09.388054116,99909,198,99893,198,99932,195,99891,195,99989,195,99879,195,99991,100,99871,100,100007,100,99840,100,100028,100,99839,100,100051,100,99783,100,100054,100,99736,100,100066,100,99728,100,100072,100,99701,100
2019-06-28 09:40:10.000000000,99909,158,99893,158,99932,158,99891,158,99989,158,99879,158,99991,158,99871,158,100007,158,99840,158,100028,100,99839,100,100051,100,99783,100,100054,100,99736,100,100066,100,99728,100,100072,100,99701,100
2019-06-28 09:40:20.000000000,99909,244,99893,244,99932,244,99891,244,99989,100,99879,100,99991,100,99871,100,100007,100,99840,100,100028,100,99839,100,100051,100,99783,100,100054,100,99736,100,100066,100,99728,100,100072,100,99701,100
2019-06-28 09:40:30.000000000,99909,198,99893,198,99932,195,99891,195,99989,195,99879,195,99991,100,99871,100,100007,100,99840,100,100028,100,99839,100,100051,100,99783,100,100054,100,99736,100,100066,100,99728,100,100072,100,99701,100
2019-06-28 09:40:40.000000000,99909,198,99893,198,99932,195,99891,195,99989,195,99879,195,99991,100,99871,100,100007,100,99840,100,100028,100,99839,100,100051,100,99783,100,100054,100,99736,100,100066,100,99728,100,100072,100,99701,100
2019-06-28 09:40:50.000000000,99909,172,99893,172,99932,172,99891,172,99989,172,99879,172,99991,172,99871,172,100007,100,99840,100,100028,100,99839,100,100051,100,99783,100,100054,100,99736,100,100066,100,99728,100,100072,100,99701,100
2019-06-28 09:41:00.000000000,99909,388,99893,388,99932,100,99891,100,99989,100,99879,100,99991,100,99871,100,100007,100,99840,100,100028,100,99839,100,100051,100,99783,100,100054,100,99736,100,100066,100,99728,100,100072,100,99701,100
2019-06-28 09:41:10.000000000,99909,172,99893,172,99932,172,99891,172,99989,172,99879,172,99991,172,99871,172,100007,100,99840,100,100028,100,99839,100,100051,100,99783,100,100054,100,99736,100,100066,100,99728,100,100072,100,99701,100
2019-06-28 09:41:12.535137909,99896,100,99893,172,99909,172,99891,172,99932,172,99879,172,99989,172,99871,172,99991,172,99840,100,100007,100,99839,100,100028,100,99783,100,100051,100,99736,100,100054,100,99728,100,100066,100,99701,100
2019-06-28 09:41:20.000000000,99896,244,99893,244,99909,244,99891,244,99932,100,99879,100,99989,100,99871,100,99991,100,99840,100,100007,100,99839,100,100028,100,99783,100,100051,100,99736,100,100054,100,99728,100,100066,100,99701,100
2019-06-28 09:41:21.431842400,99896,344,99893,244,99909,244,99891,244,99932,100,99879,100,99989,100,99871,100,99991,100,99840,100,100007,100,99839,100,100028,100,99783,100,100051,100,99736,100,100054,100,99728,100,100066,100,99701,100
2019-06-28 09:41:30.000000000,99896,272,99893,172,99909,172,99891,172,99932,172,99879,172,99989,172,99871,172,99991,100,99840,100,100007,100,99839,100,100028,100,99783,100,100051,100,99736,100,100054,100,99728,100,100066,100,99701,100
2019-06-28 09:41:30.159434080,99896,272,99893,172,99909,172,99891,172,99932,172,99879,172,99989,172,99871,172,99991,100,99840,100,100007,100,99839,100,100028,100,99783,100,100051,100,99736,100,100054,100,99728,100,100066,100,99701,100
2019-06-28 09:41:31.020392603,99896,272,99893,172,99909,172,99891,172,99932,172,99879,172,99989,172,99871,172,99991,100,99840,100,100007,100,99839,100,100028,100,99783,100,100051,100,99736,100,100054,100,99728,100,100066,100,99701,100
2019-06-28 09:41:40.000000000,99896,344,99893,244,99909,244,99891,244,99932,100,99879,100,99989,100,99871,100,99991,100,99840,100,100007,100,99839,100,100028,100,99783,100,100051,100,99736,100,100054,100,99728,100,100066,100,99701,100
2019-06-28 09:41:43.838651521,99896,344,99893,144,99909,244,99891,244,99932,100,99879,100,99989,100,99871,100,99991,100,99840,100,100007,100,99839,100,100028,100,99783,100,100051,100,99736,100,100054,100,99728,100,100066,100,99701,100
2019-06-28 09:41:50.000000000,99896,258,99891,158,99909,158,99879,158,99932,158,99871,158,99989,158,99840,158,99991,158,99839,158,100007,100,99783,100,100028,100,99736,100,100051,100,99728,100,100054,100,99701,100,100066,100,99639,100
2019-06-28 09:42:00.000000000,99896,344,99891,244,99909,244,99879,244,99932,100,99871,100,99989,100,99840,100,99991,100,99839,100,100007,100,99783,100,100028,100,99736,100,100051,100,99728,100,100054,100,99701,100,100066,100,99639,100
2019-06-28 09:42:10.000000000,99896,272,99891,172,99909,172,99879,172,99932,172,99871,172,99989,172,99840,172,99991,100,99839,100,100007,100,99783,100,100028,100,99736,100,100051,100,99728,100,100054,100,99701,100,100066,100,99639,100
2019-06-28 09:42:16.944909435,99896,272,99891,172,99909,172,99879,172,99932,172,99871,172,99989,172,99840,172,99991,100,99839,100,100007,100,99795,100,100028,100,99783,100,100051,100,99736,100,100054,100,99728,100,100066,100,99701,100
2019-06-28 09:42:20.000000000,99896,298,99891,198,99909,195,99879,195,99932,195,99871,195,99989,100,99840,100,99991,100,99839,100,100007,100,99795,100,100028,100,99783,100,100051,100,99736,100,100054,100,99728,100,100066,100,99701,100
2019-06-28 09:42:26.584142894,99896,298,99891,98,99909,195,99879,195,99932,195,99871,195,99940,100,99840,100,99989,100,99839,100,99991,100,99795,100,100007,100,99783,100,100028,100,99736,100,100051,100,99728,100,100054,100,99701,100
2019-06-28 09:42:30.000000000,99896,272,99879,172,99909,172,99871,172,99932,172,99840,172,99940,172,99839,172,99989,100,99795,100,99991,100,99783,100,100007,100,99736,100,100028,100,99728,100,100051,100,99701,100,100054,100,99639,100
2019-06-28 09:42:40.000000000,99896,488,99879,388,99909,100,99871,100,99932,100,99840,100,99940,100,99839,100,99989,100,99795,100,99991,100,99783,100,100007,100,99736,100,100028,100,99728,100,100051,100,99701,100,100054,100,99639,100
2019-06-28 09:42:50.000000000,99896,272,99879,172,99909,172,99871,172,99932,172,99840,172,99940,172,99839,172,99989,100,99795,100,99991,100,99783,100,100007,100,99736,100,100028,100,99728,100,100051,100,99701,100,100054,100,99639,100
2019-06-28 09:43:00.000000000,99896,344,99879,244,99909,244,99871,244,99932,100,99840,100,99940,100,99839,100,99989,100,99795,100,99991,100,99783,100,100007,100,99736,100,100028,100,99728,100,100051,100,99701,100,100054,100,99639,100
2019-06-28 09:43:06.088421688,99896,344,99879,244,99909,244,99871,244,99932,100,99840,100,99940,100,99839,100,99989,100,99783,100,99991,100,99736,100,100007,100,99728,100,100028,100,99701,100,100051,100,99639,100,100054,100,99635,100
2019-06-28 09:43:10.000000000,99896,272,99879,172,99909,172,99871,172,99932,172,99840,172,99940,172,99839,172,99989,100,99783,100,99991,100,99736,100,100007,100,99728,100,100028,100,99701,100,100051,100,99639,100,100054,100,99635,100
2019-06-28 09:43:20.000000000,99896,272,99879,172,99909,172,99871,172,99932,172,99840,172,99940,172,99839,172,99989,100,99783,100,99991,100,99736,100,100007,100,99728,100,100028,100,99701,100,100051,100,99639,100,100054,100,99635,100
2019-06-28 09:43:30.000000000,99896,344,99879,244,99909,244,99871,244,99932,100,99840,100,99940,100,99839,100,99989,100,99783,100,99991,100,99736,100,100007,100,99728,100,100028,100,99701,100,100051,100,99639,100,100054,100,99635,100
2019-06-28 09:43:36.388014854,99896,344,99879,244,99909,244,99871,244,99932,100,99840,100,99940,100,99839,100,99989,100,99783,100,99991,100,99736,100,100007,100,99728,100,100028,100,99701,100,100051,100,99639,100,100054,100,99635,100
2019-06-28 09:43:36.391636917,99894,100,99879,244,99896,344,99871,244,99909,244,99840,100,99932,100,99839,100,99940,100,99783,100,99989,100,99736,100,99991,100,99728,100,100007,100,99701,100,100028,100,99639,100,100051,100,99635,100
2019-06-28 09:43:40.000000000,99894,244,99879,244,99896,344,99871,244,99909,100,99840,100,99932,100,99839,100,99940,100,99783,100,99989,100,99736,100,99991,100,99728,100,100007,100,99701,100,100028,100,99639,100,100051,100,99635,100
2019-06-28 09:43:46.195933554,99894,244,99879,244,99896,344,99871,244,99909,100,99840,100,99932,100,99839,100,99940,100,99783,100,99989,100,99736,100,99991,100,99728,100,100007,100,99701,100,100028,100,99639,100,100051,100,99635,100
2019-06-28 09:43:50.000000000,99894,388,99879,388,99896,200,99871,100,99909,100,99840,100,99932,100,99839,100,99940,100,99783,100,99989,100,99736,100,99991,100,99728,100,100007,100,99701,100,100028,100,99639,100,100051,100,99635,100
2019-06-28 09:43:55.598096853,99894,388,99879,288,99896,200,99871,100,99909,100,99840,100,99932,100,99839,100,99940,100,99783,100,99989,100,99736,100,99991,100,99728,100,100007,100,99701,100,100028,100,99639,100,100051,100,99635,100
2019-06-28 09:44:00.000000000,99894,244,99871,244,99896,344,99840,244,99909,100,99839,100,99932,100,99783,100,99940,100,99736,100,99989,100,99728,100,99991,100,99701,100,100007,100,99639,100,100028,100,99635,100,100051,100,99621,100
2019-06-28 09:44:01.606121523,99894,244,99871,144,99896,344,99840,244,99909,100,99839,100,99932,100,99783,100,99940,100,99736,100,99989,100,99728,100,99991,100,99701,100,100007,100,99639,100,100028,100,99635,100,100051,100,99621,100
2019-06-28 09:44:10.000000000,99894,388,99840,388,99896,200,99839,100,99909,100,99783,100,99932,100,99736,100,99940,100,99728,100,99989,100,99701,100,99991,100,99639,100,100007,100,99635,100,100028,100,99621,100,100051,100,99540,100
2019-06-28 09:44:20.000000000,99894,198,99840,198,99896,295,99839,195,99909,195,99783,195,99932,100,99736,100,99940,100,99728,100,99989,100,99701,100,99991,100,99639,100,100007,100,99635,100,100028,100,99621,100,100051,100,99540,100
2019-06-28 09:44:30.000000000,99894,198,99840,198,99896,295,99839,195,99909,195,99783,195,99932,100,99736,100,99940,100,99728,100,99989,100,99701,100,99991,100,99639,100,100007,100,99635,100,100028,100,99621,100,100051,100,99540,100
2019-06-28 09:44:40.000000000,99894,158,99840,158,99896,258,99839,158,99909,158,99783,158,99932,158,99736,158,99940,158,99728,158,99989,100,99701,100,99991,100,99639,100,100007,100,99635,100,100028,100,99621,100,100051,100,99540,100
2019-06-28 09:44:41.773000488,99894,158,99840,158,99896,258,99839,158,99909,158,99783,158,99932,158,99736,158,99940,158,99728,158,99989,100,99701,100,99991,100,99639,100,100007,100,99635,100,100028,100,99621,100,100051,100,99540,100
2019-06-28 09:44:50.000000000,99894,388,99840,388,99896,200,99839,100,99909,100,99783,100,99932,100,99736,100,99940,100,99728,100,99989,100,99701,100,99991,100,99639,100,100007,100,99635,100,100028,100,99621,100,100051,100,99540,100
2019-06-28 09:45:00.000000000,99894,198,99840,198,99896,295,99839,195,99909,195,99783,195,99932,100,99736,100,99940,100,99728,100,99989,100,99701,100,99991,100,99639,100,100007,100,99635,100,100028,100,99621,100,100051,100,99540,100
2019-06-28 09:45:10.000000000,99894,158,99840,158,99896,258,99839,158,99909,158,99783,158,99932,158,99736,158,99940,158,99728,158,99989,100,99701,100,99991,100,99639,100,100007,100,99635,100,100028,100,99621,100,100051,100,99540,100
2019-06-28 09:45:20.000000000,99894,198,99840,198,99896,295,99839,195,99909,195,99783,195,99932,100,99736,100,99940,100,99728,100,99989,100,99701,100,99991,100,99639,100,100007,100,99635,100,100028,100,99621,100,100051,100,99540,100
2019-06-28 09:45:30.000000000,99894,244,99840,244,99896,344,99839,244,99909,100,99783,100,99932,100,99736,100,99940,100,99728,100,99989,100,99701,100,99991,100,99639,100,100007,100,99635,100,100028,100,99621,100,100051,100,99540,100
2019-06-28 09:45:33.887071243,99894,244,99887,100,99896,344,99840,244,99909,100,99839,244,99932,100,99783,100,99940,100,99736,100,99989,100,99728,100,99991,100,99701,100,100007,100,99639,100,100028,100,99635,100,100051,100,99621,100
2019-06-28 09:45:35.649265024,99894,244,99887,100,99896,344,99840,244,99909,100,99839,244,99932,100,99805,100,99940,100,99783,100,99989,100,99736,100,99991,100,99728,100,100007,100,99701,100,100028,100,99639,100,100051,100,99635,100
2019-06-28 09:45:40.000000000,99894,244,99887,244,99896,344,99840,244,99909,100,99839,100,99932,100,99805,100,99940,100,99783,100,99989,100,99736,100,99991,100,99728,100,100007,100,99701,100,100028,100,99639,100,100051,100,99635,100
2019-06-28 09:45:42.400581270,99894,244,99892,100,99896,344,99887,244,99909,100,99840,244,99932,100,99839,100,99940,100,99805,100,99989,100,99783,100,99991,100,99736,100,100007,100,99728,100,100028,100,99701,100,100051,100,99639,100
2019-06-28 09:45:50.000000000,99894,198,99892,198,99896,295,99887,195,99909,195,99840,195,99932,100,99839,100,99940,100,99805,100,99989,100,99783,100,99991,100,99736,100,100007,100,99728,100,100028,100,99701,100,100051,100,99639,100
2019-06-28 09:46:00.000000000,99894,244,99892,244,99896,344,99887,244,99909,100,99840,100,99932,100,99839,100,99940,100,99805,100,99989,100,99783,100,99991,100,99736,100,100007,100,99728,100,100028,100,99701,100,100051,100,99639,100
2019-06-28 09:46:10.000000000,99894,388,99892,388,99896,200,99887,100,99909,100,99840,100,99932,100,99839,100,99940,100,99805,100,99989,100,99783,100,99991,100,99736,100,100007,100,99728,100,100028,100,99701,100,100051,100,99639,100
2019-06-28 09:46:20.000000000,99894,388,99892,388,99896,200,99887,100,99909,100,99840,100,99932,100,99839,100,99940,100,99805,100,99989,100,99783,100,99991,100,99736,100,100007,100,99728,100,100028,100,99701,100,100051,100,99639,100
2019-06-28 09:46:30.000000000,99894,388,99892,388,99896,200,99887,100,99909,100,99840,100,99932,100,99839,100,99940,100,99805,100,99989,100,99783,100,99991,100,99736,100,100007,100,99728,100,100028,100,99701,100,100051,100,99639,100
2019-06-28 09:46:40.000000000,99894,244,99892,244,99896,344,99887,244,99909,100,99840,100,99932,100,99839,100,99940,100,99805,100,99989,100,99783,100,99991,100,99736,100,100007,100,99728,100,100028,100,99701,100,100051,100,99639,100
2019-06-28 09:46:50.000000000,99894,388,99892,388,99896,200,99887,100,99909,100,99840,100,99932,100,99839,100,99940,100,99805,100,99989,100,99783,100,99991,100,99736,100,100007,100,99728,100,100028,100,99701,100,100051,100,99639,100
2019-06-28 09:47:00.000000000,99894,388,99892,388,99896,200,99887,100,99909,100,99840,100,99932,100,99839,100,99940,100,99805,100,99989,100,99783,100,99991,100,99736,100,100007,100,99728,100,100028,100,99701,100,100051,100,99639,100
2019-06-28 09:47:00.873253615,99894,388,99892,388,99896,200,99887,100,99909,100,99840,100,99932,100,99839,100,99940,100,99805,100,99989,100,99736,100,99991,100,99728,100,100007,100,99701,100,100028,100,99639,100,100051,100,99635,100
2019-06-28 09:47:10.000000000,99894,198,99892,198,99896,295,99887,195,99909,195,99840,195,99932,100,99839,100,99940,100,99805,100,99989,100,99736,100,99991,100,99728,100,100007,100,99701,100,100028,100,99639,100,100051,100,99635,100
2019-06-28 09:47:19.532180482,99894,198,99892,198,99896,295,99887,195,99909,195,99840,195,99932,100,99839,100,99940,100,99805,100,99989,100,99736,100,99991,100,99728,100,100007,100,99701,100,100028,100,99639,100,100051,100,99635,100
2019-06-28 09:47:20.000000000,99894,198,99892,198,99896,295,99887,195,99909,195,99840,195,99932,100,99839,100,99940,100,99805,100,99989,100,99736,100,99991,100,99728,100,100007,100,99701,100,100028,100,99639,100,100051,100,99635,100
2019-06-28 09:47:23.825865530,99894,198,99892,98,99896,295,99887,195,99909,195,99840,195,99932,100,99839,100,99940,100,99805,100,99989,100,99736,100,99991,100,99728,100,100007,100,99701,100,100028,100,99639,100,100051,100,99635,100
2019-06-28 09:47:30.000000000,99894,158,99887,158,99896,258,99840,158,99909,158,99839,158,99932,158,99805,158,99940,158,99736,158,99989,100,99728,100,99991,100,99701,100,100007,100,99639,100,100028,100,99635,100,100051,100,99540,100
2019-06-28 09:47:40.000000000,99894,388,99887,388,99896,200,99840,100,99909,100,99839,100,99932,100,99805,100,99940,100,99736,100,99989,100,99728,100,99991,100,99701,100,100007,100,99639,100,100028,100,99635,100,100051,100,99540,100
2019-06-28 09:47:41.007265199,99894,388,99887,388,99896,200,99840,100,99909,100,99839,100,99932,100,99805,100,99940,100,99736,100,99989,100,99728,100,99991,100,99701,100,100007,100,99639,100,100028,100,99635,100,100051,100,99540,100
2019-06-28 09:47:49.907403698,99894,388,99887,288,99896,200,99840,100,99909,100,99805,100,99932,100,99736,100,99940,100,99728,100,99989,100,99701,100,99991,100,99639,100,100007,100,99635,100,100028,100,99540,100,100051,100,99499,100
2019-06-28 09:47:50.000000000,99894,172,99840,172,99896,272,99805,172,99909,172,99736,172,99932,172,99728,172,99940,100,99701,100,99989,100,99639,100,99991,100,99635,100,100007,100,99540,100,100028,100,99499,100,100051,100,99480,100
2019-06-28 09:47:50.485480867,99894,172,99840,172,99896,272,99805,172,99909,172,99736,172,99932,172,99728,172,99940,100,99701,100,99989,100,99639,100,99991,100,99635,100,100007,100,99540,100,100028,100,99499,100,100051,100,99480,100
2019-06-28 09:47:59.786240122,99894,172,99840,172,99896,272,99805,172,99909,172,99736,172,99932,172,99728,172,99940,100,99701,100,99989,100,99639,100,99991,100,99635,100,100007,100,99540,100,100028,100,99499,100,100051,100,99480,100
2019-06-28 09:48:00.000000000,99894,172,99840,172,99896,272,99805,172,99909,172,99736,172,99932,172,99728,172,99940,100,99701,100,99989,100,99639,100,99991,100,99635,100,100007,100,99540,100,100028,100,99499,100,100051,100,99480,100
2019-06-28 09:48:02.472184046,99894,172,99840,172,99896,272,99805,172,99909,172,99736,172,99932,172,99728,172,99940,100,99701,100,99989,100,99635,100,99991,100,99549,100,100007,100,99540,100,100028,100,99499,100,100051,100,99480,100
2019-06-28 09:48:05.865968917,99892,100,99840,172,99894,172,99805,172,99896,272,99736,172,99909,172,99728,172,99932,172,99701,100,99940,100,99635,100,99989,100,99549,100,99991,100,99540,100,100007,100,99499,100,100028,100,99480,100
2019-06-28 09:48:07.428107139,99892,200,99840,172,99894,172,99805,172,99896,272,99736,172,99909,172,99728,172,99932,172,99701,100,99940,100,99635,100,99989,100,99549,100,99991,100,99540,100,100007,100,99499,100,100028,100,99480,100
2019-06-28 09:48:10.000000000,99892,488,99840,388,99894,100,99805,100,99896,200,99736,100,99909,100,99728,100,99932,100,99701,100,99940,100,99635,100,99989,100,99549,100,99991,100,99540,100,100007,100,99499,100,100028,100,99480,100
2019-06-28 09:48:20.000000000,99892,298,99840,198,99894,195,99805,195,99896,295,99736,195,99909,100,99728,100,99932,100,99701,100,99940,100,99635,100,99989,100,99549,100,99991,100,99540,100,100007,100,99499,100,100028,100,99480,100
2019-06-28 09:48:30.000000000,99892,298,99840,198,99894,195,99805,195,99896,295,99736,195,99909,100,99728,100,99932,100,99701,100,99940,100,99635,100,99989,100,99549,100,99991,100,99540,100,100007,100,99499,100,100028,100,99480,100
2019-06-28 09:48:34.818185156,99892,398,99840,198,99894,195,99805,195,99896,295,99736,195,99909,100,99728,100,99932,100,99701,100,99940,100,99635,100,99989,100,99549,100,99991,100,99540,100,100007,100,99499,100,100028,100,99480,100
2019-06-28 09:48:40.000000000,99892,372,99840,172,99894,172,99805,172,99896,272,99736,172,99909,172,99728,172,99932,100,99701,100,99940,100,99635,100,99989,100,99549,100,99991,100,99540,100,100007,100,99499,100,100028,100,99480,100
2019-06-28 09:48:42.511083291,99892,472,99840,172,99894,172,99805,172,99896,272,99736,172,99909,172,99728,172,99932,100,99701,100,99940,100,99635,100,99989,100,99549,100,99991,100,99540,100,100007,100,99499,100,100028,100,99480,100
2019-06-28 09:48:50.000000000,99892,472,99840,172,99894,172,99805,172,99896,272,99736,172,99909,172,99728,172,99932,100,99701,100,99940,100,99635,100,99989,100,99549,100,99991,100,99540,100,100007,100,99499,100,100028,100,99480,100
2019-06-28 09:49:00.000000000,99892,458,99840,158,99894,158,99805,158,99896,258,99736,158,99909,158,99728,158,99932,158,99701,158,99940,100,99635,100,99989,100,99549,100,99991,100,99540,100,100007,100,99499,100,100028,100,99480,100
2019-06-28 09:49:06.880177619,99892,458,99840,158,99894,158,99805,158,99896,258,99736,158,99909,158,99728,158,99932,158,99701,158,99940,100,99635,100,99989,100,99549,100,99991,100,99540,100,100007,100,99522,100,100028,100,99499,100
2019-06-28 09:49:10.000000000,99892,544,99840,244,99894,244,99805,244,99896,200,99736,100,99909,100,99728,100,99932,100,99701,100,99940,100,99635,100,99989,100,99549,100,99991,100,99540,100,100007,100,99522,100,100028,100,99499,100
2019-06-28 09:49:16.858803327,99892,544,99840,244,99894,244,99805,244,99896,200,99736,100,99909,100,99728,100,99932,100,99701,100,99940,100,99635,100,99989,100,99549,100,99991,100,99540,100,100007,100,99522,100,100028,100,99499,100
2019-06-28 09:49:20.000000000,99892,458,99840,158,99894,158,99805,158,99896,258,99736,158,99909,158,99728,158,99932,158,99701,158,99940,100,99635,100,99989,100,99549,100,99991,100,99540,100,100007,100,99522,100,100028,100,99499,100
2019-06-28 09:49:30.000000000,99892,544,99840,244,99894,244,99805,244,99896,200,99736,100,99909,100,99728,100,99932,100,99701,100,99940,100,99635,100,99989,100,99549,100,99991,100,99540,100,100007,100,99522,100,100028,100,99499,100
2019-06-28 09:49:33.437943377,99892,644,99840,244,99894,244,99805,244,99896,200,99736,100,99909,100,99728,100,99932,100,99701,100,99940,100,99635,100,99989,100,99549,100,99991,100,99540,100,100007,100,99522,100,100028,100,99499,100
2019-06-28 09:49:40.000000000,99892,788,99840,388,99894,100,99805,100,99896,200,99736,100,99909,100,99728,100,99932,100,99701,100,99940,100,99635,100,99989,100,99549,100,99991,100,99540,100,100007,100,99522,100,100028,100,99499,100
2019-06-28 09:49:50.000000000,99892,644,99840,244,99894,244,99805,244,99896,200,99736,100,99909,100,99728,100,99932,100,99701,100,99940,100,99635,100,99989,100,99549,100,99991,100,99540,100,100007,100,99522,100,100028,100,99499,100
2019-06-28 09:49:59.879616213,99892,744,99840,244,99894,244,99805,244,99896,200,99736,100,99909,100,99728,100,99932,100,99701,100,99940,100,99635,100,99989,100,99549,100,99991,100,99540,100,100007,100,99522,100,100028,100,99499,100
2019-06-28 09:50:00.000000000,99892,672,99840,172,99894,172,99805,172,99896,272,99736,172,99909,172,99728,172,99932,100,99701,100,99940,100,99635,100,99989,100,99549,100,99991,100,99540,100,100007,100,99522,100,100028,100,99499,100
2019-06-28 09:50:10.000000000,99892,888,99840,388,99894,100,99805,100,99896,200,99736,100,99909,100,99728,100,99932,100,99701,100,99940,100,99635,100,99989,100,99549,100,99991,100,99540,100,100007,100,99522,100,100028,100,99499,100
2019-06-28 09:50:20.000000000,99892,658,99840,158,99894,158,99805,158,99896,258,99736,158,99909,158,99728,158,99932,158,99701,158,99940,100,99635,100,99989,100,99549,100,99991,100,99540,100,100007,100,99522,100,100028,100,99499,100
2019-06-28 09:50:28.845427919,99892,658,99840,58,99894,158,99805,158,99896,258,99736,158,99909,158,99728,158,99932,158,99701,158,99940,100,99635,100,99989,100,99549,100,99991,100,99540,100,100007,100,99522,100,100028,100,99499,100
2019-06-28 09:50:30.000000000,99892,698,99805,198,99894,195,99736,195,99896,295,99728,195,99909,100,99701,100,99932,100,99635,100,99940,100,99549,100,99989,100,99540,100,99991,100,99522,100,100007,100,99499,100,100028,100,99480,100
2019-06-28 09:50:40.000000000,99892,672,99805,172,99894,172,99736,172,99896,272,99728,172,99909,172,99701,172,99932,100,99635,100,99940,100,99549,100,99989,100,99540,100,99991,100,99522,100,100007,100,99499,100,100028,100,99480,100
2019-06-28 09:50:50.000000000,99892,672,99805,172,99894,172,99736,172,99896,272,99728,172,99909,172,99701,172,99932,100,99635,100,99940,100,99549,100,99989,100,99540,100,99991,100,99522,100,100007,100,99499,100,100028,100,99480,100
2019-06-28 09:51:00.000000000,99892,658,99805,158,99894,158,99736,158,99896,258,99728,158,99909,158,99701,158,99932,158,99635,158,99940,100,99549,100,99989,100,99540,100,99991,100,99522,100,100007,100,99499,100,100028,100,99480,100
2019-06-28 09:51:10.000000000,99892,888,99805,388,99894,100,99736,100,99896,200,99728,100,99909,100,99701,100,99932,100,99635,100,99940,100,99549,100,99989,100,99540,100,99991,100,99522,100,100007,100,99499,100,100028,100,99480,100
2019-06-28 09:51:14.428748588,99892,888,99805,288,99894,100,99736,100,99896,200,99728,100,99909,100,99701,100,99932,100,99635,100,99940,100,99549,100,99989,100,99540,100,99991,100,99522,100,100007,100,99499,100,100028,100,99480,100
2019-06-28 09:51:20.000000000,99892,744,99736,244,99894,244,99728,244,99896,200,99701,100,99909,100,99635,100,99932,100,99549,100,99940,100,99540,100,99989,100,99522,100,99991,100,99499,100,100007,100,99480,100,100028,100,99417,100
2019-06-28 09:51:20.134796567,99892,744,99736,244,99894,144,99728,244,99896,200,99701,100,99909,100,99635,100,99932,100,99549,100,99940,100,99540,100,99989,100,99522,100,99991,100,99499,100,100007,100,99480,100,100028,100,99417,100
2019-06-28 09:51:30.000000000,99892,698,99736,198,99896,295,99728,195,99909,195,99701,195,99932,100,99635,100,99940,100,99549,100,99989,100,99540,100,99991,100,99522,100,100007,100,99499,100,100028,100,99480,100,100051,100,99417,100
2019-06-28 09:51:40.000000000,99892,658,99736,158,99896,258,99728,158,99909,158,99701,158,99932,158,99635,158,99940,158,99549,158,99989,100,99540,100,99991,100,99522,100,100007,100,99499,100,100028,100,99480,100,100051,100,99417,100
2019-06-28 09:51:44.486554458,99892,658,99736,158,99896,258,99728,158,99909,158,99701,158,99932,158,99635,158,99940,158,99564,100,99989,100,99549,158,99991,100,99540,100,100007,100,99522,100,100028,100,99499,100,100051,100,99480,100
2019-06-28 09:51:46.023822812,99892,658,99736,158,99896,258,99728,158,99909,158,99701,158,99932,158,99635,158,99940,158,99616,100,99989,100,99564,100,99991,100,99549,158,100007,100,99540,100,100028,100,99522,100,100051,100,99499,100
2019-06-28 09:51:50.000000000,99892,888,99736,388,99896,200,99728,100,99909,100,99701,100,99932,100,99635,100,99940,100,99616,100,99989,100,99564,100,99991,100,99549,100,100007,100,99540,100,100028,100,99522,100,100051,100,99499,100
2019-06-28 09:52:00.000000000,99892,658,99736,158,99896,258,99728,158,99909,158,99701,158,99932,158,99635,158,99940,158,99616,158,99989,100,99564,100,99991,100,99549,100,100007,100,99540,100,100028,100,99522,100,100051,100,99499,100
2019-06-28 09:52:01.904854702,99892,658,99736,158,99896,258,99728,158,99909,158,99701,158,99932,158,99635,158,99940,158,99616,158,99989,100,99596,100,99991,100,99564,100,100007,100,99549,100,100028,100,99540,100,100051,100,99522,100
2019-06-28 09:52:10.000000000,99892,672,99736,172,99896,272,99728,172,99909,172,99701,172,99932,172,99635,172,99940,100,99616,100,99989,100,99596,100,99991,100,99564,100,100007,100,99549,100,100028,100,99540,100,100051,100,99522,100
2019-06-28 09:52:11.758786289,99892,672,99736,172,99896,272,99728,172,99909,172,99701,172,99932,172,99635,172,99940,100,99616,100,99989,100,99596,100,99991,100,99564,100,100007,100,99559,100,100028,100,99549,100,100051,100,99540,100
2019-06-28 09:52:14.046747482,99892,672,99736,72,99896,272,99728,172,99909,172,99701,172,99932,172,99635,172,99940,100,99616,100,99989,100,99596,100,99991,100,99564,100,100007,100,99559,100,100051,100,99549,100,100066,100,99540,100
2019-06-28 09:52:16.300039802,99892,672,99736,72,99896,272,99728,172,99909,172,99701,172,99932,172,99635,172,99940,100,99616,100,99989,100,99596,100,99991,100,99564,100,100007,100,99559,100,100051,100,99549,100,100066,100,99540,100
2019-06-28 09:52:20.000000000,99892,744,99728,244,99896,344,99701,244,99909,100,99635,100,99932,100,99616,100,99940,100,99596,100,99989,100,99564,100,99991,100,99559,100,100007,100,99549,100,100051,100,99540,100,100066,100,99522,100
2019-06-28 09:52:25.828235133,99892,744,99754,100,99896,344,99728,244,99909,100,99701,244,99932,100,99635,100,99940,100,99616,100,99989,100,99596,100,99991,100,99564,100,100007,100,99559,100,100051,100,99549,100,100066,100,99540,100
2019-06-28 09:52:27.150099652,99892,744,99754,100,99896,344,99728,244,99909,100,99701,244,99932,100,99635,100,99940,100,99619,100,99989,100,99616,100,99991,100,99596,100,100007,100,99564,100,100051,100,99559,100,100066,100,99549,100
2019-06-28 09:52:28.018350462,99892,744,99754,100,99896,344,99728,244,99909,100,99701,244,99932,100,99635,100,99940,100,99619,100,99989,100,99616,100,99991,100,99596,100,100007,100,99564,100,100051,100,99559,100,100066,100,99549,100
2019-06-28 09:52:30.000000000,99892,744,99754,244,99896,344,99728,244,99909,100,99701,100,99932,100,99635,100,99940,100,99619,100,99989,100,99616,100,99991,100,99596,100,100007,100,99564,100,100051,100,99559,100,100066,100,99549,100
2019-06-28 09:52:38.540636264,99892,644,99754,244,99896,344,99728,244,99909,100,99635,100,99932,100,99619,100,99940,100,99616,100,99989,100,99596,100,99991,100,99564,100,100007,100,99559,100,100051,100,99549,100,100066,100,99540,100
2019-06-28 09:52:40.000000000,99892,558,99754,158,99896,258,99728,158,99909,158,99635,158,99932,158,99619,158,99940,158,99616,158,99989,100,99596,100,99991,100,99564,100,100007,100,99559,100,100051,100,99549,100,100066,100,99540,100
2019-06-28 09:52:48.029097280,99892,558,99863,100,99896,258,99754,158,99909,158,99728,158,99932,158,99635,158,99940,158,99619,158,99989,100,99616,158,99991,100,99596,100,100007,100,99564,100,100051,100,99559,100,100066,100,99549,100
2019-06-28 09:52:50.000000000,99892,572,99863,172,99896,272,99754,172,99909,172,99728,172,99932,172,99635,172,99940,100,99619,100,99989,100,99616,100,99991,100,99596,100,100007,100,99564,100,100051,100,99559,100,100066,100,99549,100
2019-06-28 09:53:00.000000000,99892,558,99863,158,99896,258,99754,158,99909,158,99728,158,99932,158,99635,158,99940,158,99619,158,99989,100,99616,100,99991,100,99596,100,100007,100,99564,100,100051,100,99559,100,100066,100,99549,100
2019-06-28 09:53:01.123513227,99892,458,99863,158,99896,258,99754,158,99909,158,99728,158,99932,158,99635,158,99940,158,99619,158,99989,100,99616,100,99991,100,99596,100,100007,100,99564,100,100051,100,99559,100,100066,100,99549,100
2019-06-28 09:53:10.000000000,99892,688,99863,388,99896,200,99754,100,99909,100,99728,100,99932,100,99635,100,99940,100,99619,100,99989,100,99616,100,99991,100,99596,100,100007,100,99564,100,100051,100,99559,100,100066,100,99549,100
2019-06-28 09:53:12.499604447,99892,688,99863,388,99896,200,99754,100,99909,100,99728,100,99932,100,99635,100,99940,100,99619,100,99989,100,99616,100,99991,100,99596,100,100007,100,99564,100,100051,100,99559,100,100066,100,99549,100
2019-06-28 09:53:13.187877012,99892,688,99863,388,99896,200,99754,100,99909,100,99728,100,99932,100,99635,100,99940,100,99619,100,99989,100,99616,100,99991,100,99596,100,100007,100,99564,100,100051,100,99559,100,100066,100,99549,100
2019-06-28 09:53:20.000000000,99892,688,99863,388,99896,200,99754,100,99909,100,99728,100,99932,100,99635,100,99940,100,99619,100,99989,100,99616,100,99991,100,99596,100,100007,100,99564,100,100051,100,99559,100,100066,100,99549,100
2019-06-28 09:53:30.000000000,99892,498,99863,198,99896,295,99754,195,99909,195,99728,195,99932,100,99635,100,99940,100,99619,100,99989,100,99616,100,99991,100,99596,100,100007,100,99564,100,100051,100,99559,100,100066,100,99549,100
2019-06-28 09:53:30.836786904,99892,498,99863,198,99896,295,99754,195,99909,195,99728,195,99932,100,99635,100,99940,100,99619,100,99991,100,99616,100,100007,100,99596,100,100051,100,99564,100,100066,100,99559,100,100093,100,99549,100
2019-06-28 09:53:38.181670093,99892,398,99863,198,99896,295,99754,195,99909,195,99728,195,99932,100,99635,100,99940,100,99619,100,99991,100,99616,100,100007,100,99596,100,100051,100,99564,100,100066,100,99559,100,100093,100,99549,100
2019-06-28 09:53:40.000000000,99892,372,99863,172,99896,272,99754,172,99909,172,99728,172,99932,172,99635,172,99940,100,99619,100,99991,100,99616,100,100007,100,99596,100,100051,100,99564,100,100066,100,99559,100,100093,100,99549,100
2019-06-28 09:53:45.205775639,99892,272,99863,172,99896,272,99754,172,99909,172,99728,172,99932,172,99635,172,99940,100,99619,100,99991,100,99616,100,100007,100,99596,100,100051,100,99564,100,100066,100,99559,100,100093,100,99549,100
2019-06-28 09:53:50.000000000,99892,298,99863,198,99896,295,99754,195,99909,195,99728,195,99932,100,99635,100,99940,100,99619,100,99991,100,99616,100,100007,100,99596,100,100051,100,99564,100,100066,100,99559,100,100093,100,99549,100
2019-06-28 09:54:00.000000000,99892,272,99863,172,99896,272,99754,172,99909,172,99728,172,99932,172,99635,172,99940,100,99619,100,99991,100,99616,100,100007,100,99596,100,100051,100,99564,100,100066,100,99559,100,100093,100,99549,100
2019-06-28 09:54:09.410951402,99892,272,99863,72,99896,272,99754,172,99909,172,99728,172,99932,172,99635,172,99940,100,99619,100,99991,100,99616,100,100007,100,99596,100,100051,100,99564,100,100066,100,99559,100,100093,100,99549,100
2019-06-28 09:54:10.000000000,99892,298,99754,198,99896,295,99728,195,99909,195,99635,195,99932,100,99619,100,99940,100,99616,100,99991,100,99596,100,100007,100,99564,100,100051,100,99559,100,100066,100,99549,100,100093,100,99540,100
2019-06-28 09:54:20.000000000,99892,272,99754,172,99896,272,99728,172,99909,172,99635,172,99932,172,99619,172,99940,100,99616,100,99991,100,99596,100,100007,100,99564,100,100051,100,99559,100,100066,100,99549,100,100093,100,99540,100
2019-06-28 09:54:22.286188377,99892,272,99754,172,99896,272,99728,172,99909,172,99704,100,99932,172,99635,172,99940,100,99619,172,99991,100,99616,100,100007,100,99596,100,100051,100,99564,100,100066,100,99559,100,100093,100,99549,100
2019-06-28 09:54:24.734836925,99892,272,99754,172,99896,272,99728,172,99909,172,99704,100,99932,172,99635,172,99940,100,99619,172,100007,100,99616,100,100051,100,99596,200,100066,100,99564,100,100093,100,99559,100,100094,100,99549,100
2019-06-28 09:54:25.376050677,99892,272,99754,172,99896,272,99728,172,99909,172,99635,172,99932,272,99619,172,99940,100,99616,100,100007,100,99596,200,100051,100,99564,100,100066,100,99559,100,100093,100,99549,100,100094,100,99540,100
2019-06-28 09:54:30.000000000,99892,298,99754,198,99896,295,99728,195,99909,195,99635,195,99932,200,99619,100,99940,100,99616,100,100007,100,99596,200,100051,100,99564,100,100066,100,99559,100,100093,100,99549,100,100094,100,99540,100
2019-06-28 09:54:37.703333757,99891,100,99754,198,99892,298,99728,195,99896,195,99635,195,99909,195,99619,100,99932,200,99616,100,99940,100,99596,200,100007,100,99564,100,100051,100,99559,100,100066,100,99549,100,100093,100,99540,100
2019-06-28 09:54:40.000000000,99891,198,99754,198,99892,295,99728,195,99896,195,99635,195,99909,100,99619,100,99932,200,99616,100,99940,100,99596,200,100007,100,99564,100,100051,100,99559,100,100066,100,99549,100,100093,100,99540,100
2019-06-28 09:54:43.455034391,99891,198,99754,198,99892,295,99728,195,99896,195,99635,195,99909,100,99619,100,99932,200,99616,100,99940,100,99596,200,100007,100,99564,100,100051,100,99559,100,100066,100,99549,100,100093,100,99540,100
2019-06-28 09:54:50.000000000,99891,244,99754,244,99892,344,99728,244,99896,100,99635,100,99909,100,99619,100,99932,200,99616,100,99940,100,99596,200,100007,100,99564,100,100051,100,99559,100,100066,100,99549,100,100093,100,99540,100
2019-06-28 09:55:00.000000000,99891,244,99754,244,99892,344,99728,244,99896,100,99635,100,99909,100,99619,100,99932,200,99616,100,99940,100,99596,200,100007,100,99564,100,100051,100,99559,100,100066,100,99549,100,100093,100,99540,100
2019-06-28 09:55:00.175570572,99891,244,99754,244,99892,344,99728,244,99896,100,99701,100,99909,100,99635,100,99932,200,99619,100,99940,100,99616,100,100007,100,99596,200,100051,100,99564,100,100066,100,99559,100,100093,100,99549,100
2019-06-28 09:55:10.000000000,99891,244,99754,244,99892,344,99728,244,99896,100,99701,100,99909,100,99635,100,99932,200,99619,100,99940,100,99616,100,100007,100,99596,200,100051,100,99564,100,100066,100,99559,100,100093,100,99549,100
2019-06-28 09:55:16.202187868,99891,244,99864,100,99892,244,99754,244,99896,100,99728,244,99909,100,99701,100,99932,200,99635,100,99940,100,99619,100,100007,100,99616,100,100051,100,99596,200,100066,100,99564,100,100093,100,99559,100
2019-06-28 09:55:20.000000000,99891,198,99864,198,99892,195,99754,195,99896,195,99728,195,99909,100,99701,100,99932,200,99635,100,99940,100,99619,100,100007,100,99616,100,100051,100,99596,200,100066,100,99564,100,100093,100,99559,100
2019-06-28 09:55:21.162119092,99891,198,99864,298,99892,195,99754,195,99896,195,99728,195,99909,100,99701,100,99932,200,99635,100,99940,100,99619,100,100007,100,99616,100,100051,100,99596,200,100066,100,99564,100,100093,100,99559,100
2019-06-28 09:55:21.515866882,99891,98,99864,298,99892,195,99754,195,99896,195,99728,195,99909,100,99701,100,99932,200,99635,100,99940,100,99619,100,100007,100,99616,100,100051,100,99596,200,100066,100,99564,100,100093,100,99559,100
2019-06-28 09:55:30.000000000,99892,198,99864,298,99896,195,99754,195,99909,195,99728,195,99932,200,99701,100,99940,100,99635,100,100007,100,99619,100,100051,100,99616,100,100066,100,99596,200,100093,100,99564,100,100094,100,99559,100
2019-06-28 09:55:31.577718615,99892,198,99864,298,99896,195,99754,195,99909,195,99728,195,99932,200,99701,100,99940,100,99635,100,99998,100,99619,100,100007,100,99616,100,100051,100,99596,200,100066,100,99564,100,100093,100,99559,100
2019-06-28 09:55:40.000000000,99892,172,99864,272,99896,172,99754,172,99909,172,99728,172,99932,272,99701,172,99940,100,99635,100,99998,100,99619,100,100007,100,99616,100,100051,100,99596,200,100066,100,99564,100,100093,100,99559,100
2019-06-28 09:55:44.090021735,99892,72,99864,272,99896,172,99754,172,99909,172,99728,172,99932,272,99701,172,99940,100,99635,100,99998,100,99619,100,100007,100,99616,100,100051,100,99596,200,100066,100,99564,100,100093,100,99559,100
2019-06-28 09:55:50.000000000,99896,172,99864,272,99909,172,99754,172,99932,272,99728,172,99940,172,99701,172,99998,100,99635,100,100007,100,99619,100,100051,100,99616,100,100066,100,99596,200,100093,100,99564,100,100094,100,99559,100
2019-06-28 09:56:00.000000000,99896,198,99864,298,99909,195,99754,195,99932,295,99728,195,99940,100,99701,100,99998,100,99635,100,100007,100,99619,100,100051,100,99616,100,100066,100,99596,200,100093,100,99564,100,100094,100,99559,100
2019-06-28 09:56:10.000000000,99896,172,99864,272,99909,172,99754,172,99932,272,99728,172,99940,172,99701,172,99998,100,99635,100,100007,100,99619,100,100051,100,99616,100,100066,100,99596,200,100093,100,99564,100,100094,100,99559,100
2019-06-28 09:56:14.355967011,99896,172,99864,272,99909,172,99754,172,99932,272,99728,172,99940,172,99701,172,99998,100,99619,100,100007,100,99616,100,100051,100,99596,200,100066,100,99564,100,100093,100,99559,100,100094,100,99540,100
2019-06-28 09:56:20.000000000,99896,172,99864,272,99909,172,99754,172,99932,272,99728,172,99940,172,99701,172,99998,100,99619,100,100007,100,99616,100,100051,100,99596,200,100066,100,99564,100,100093,100,99559,100,100094,100,99540,100
2019-06-28 09:56:30.000000000,99896,388,99864,488,99909,100,99754,100,99932,200,99728,100,99940,100,99701,100,99998,100,99619,100,100007,100,99616,100,100051,100,99596,200,100066,100,99564,100,100093,100,99559,100,100094,100,99540,100
2019-06-28 09:56:40.000000000,99896,244,99864,344,99909,244,99754,244,99932,200,99728,100,99940,100,99701,100,99998,100,99619,100,100007,100,99616,100,100051,100,99596,200,100066,100,99564,100,100093,100,99559,100,100094,100,99540,100
2019-06-28 09:56:50.000000000,99896,388,99864,488,99909,100,99754,100,99932,200,99728,100,99940,100,99701,100,99998,100,99619,100,100007,100,99616,100,100051,100,99596,200,100066,100,99564,100,100093,100,99559,100,100094,100,99540,100
2019-06-28 09:56:52.666641747,99896,388,99864,488,99909,100,99817,100,99932,200,99754,100,99940,100,99728,100,99998,100,99701,100,100007,100,99619,100,100051,100,99616,100,100066,100,99596,200,100093,100,99564,100,100094,100,99559,100
2019-06-28 09:57:00.000000000,99896,158,99864,258,99909,158,99817,158,99932,258,99754,158,99940,158,99728,158,99998,158,99701,158,100007,100,99619,100,100051,100,99616,100,100066,100,99596,200,100093,100,99564,100,100094,100,99559,100
2019-06-28 09:57:06.245112498,99896,158,99864,158,99909,158,99817,158,99932,258,99754,158,99940,158,99728,158,99998,58,99701,158,100007,100,99619,100,100051,100,99616,100,100066,100,99596,200,100093,100,99564,100,100094,100,99559,100
2019-06-28 09:57:10.000000000,99896,198,99864,198,99909,195,99817,195,99932,295,99754,195,99940,100,99728,100,100007,100,99701,100,100051,100,99619,100,100066,100,99616,100,100093,100,99596,200,100094,100,99564,100,100108,100,99559,100
2019-06-28 09:57:20.000000000,99896,244,99864,244,99909,244,99817,244,99932,200,99754,100,99940,100,99728,100,100007,100,99701,100,100051,100,99619,100,100066,100,99616,100,100093,100,99596,200,100094,100,99564,100,100108,100,99559,100
2019-06-28 09:57:30.000000000,99896,244,99864,244,99909,244,99817,244,99932,200,99754,100,99940,100,99728,100,100007,100,99701,100,100051,100,99619,100,100066,100,99616,100,100093,100,99596,200,100094,100,99564,100,100108,100,99559,100
2019-06-28 09:57:40.000000000,99896,198,99864,198,99909,195,99817,195,99932,295,99754,195,99940,100,99728,100,100007,100,99701,100,100051,100,99619,100,100066,100,99616,100,100093,100,99596,200,100094,100,99564,100,100108,100,99559,100
2019-06-28 09:57:40.888907061,99896,198,99864,98,99909,195,99817,195,99932,295,99754,195,99940,100,99728,100,100007,100,99701,100,100051,100,99619,100,100066,100,99616,100,100093,100,99596,200,100094,100,99564,100,100108,100,99559,100
2019-06-28 09:57:50.000000000,99896,244,99817,244,99909,244,99754,244,99932,200,99728,100,99940,100,99701,100,100007,100,99619,100,100051,100,99616,100,100066,100,99596,200,100093,100,99564,100,100094,100,99559,100,100108,100,99540,100
2019-06-28 09:58:00.000000000,99896,158,99817,158,99909,158,99754,158,99932,258,99728,158,99940,158,99701,158,100007,158,99619,158,100051,100,99616,100,100066,100,99596,200,100093,100,99564,100,100094,100,99559,100,100108,100,99540,100
2019-06-28 09:58:04.858107052,99864,100,99817,158,99896,158,99754,158,99909,158,99728,158,99932,258,99701,158,99940,158,99619,158,100007,158,99616,100,100051,100,99596,200,100066,100,99564,100,100093,100,99559,100,100094,100,99540,100
2019-06-28 09:58:10.000000000,99864,198,99817,198,99896,195,99754,195,99909,195,99728,195,99932,200,99701,100,99940,100,99619,100,100007,100,99616,100,100051,100,99596,200,100066,100,99564,100,100093,100,99559,100,100094,100,99540,100
2019-06-28 09:58:20.000000000,99864,158,99817,158,99896,158,99754,158,99909,158,99728,158,99932,258,99701,158,99940,158,99619,158,100007,100,99616,100,100051,100,99596,200,100066,100,99564,100,100093,100,99559,100,100094,100,99540,100
2019-06-28 09:58:30.000000000,99864,244,99817,244,99896,244,99754,244,99909,100,99728,100,99932,200,99701,100,99940,100,99619,100,100007,100,99616,100,100051,100,99596,200,100066,100,99564,100,100093,100,99559,100,100094,100,99540,100
2019-06-28 09:58:39.511686720,99864,244,99817,244,99896,244,99754,244,99909,100,99728,100,99932,200,99701,100,99940,100,99619,100,100007,100,99616,100,100051,100,99596,200,100066,100,99564,100,100093,100,99559,100,100094,100,99540,100
2019-06-28 09:58:40.000000000,99864,158,99817,158,99896,158,99754,158,99909,158,99728,158,99932,258,99701,158,99940,158,99619,158,100007,100,99616,100,100051,100,99596,200,100066,100,99564,100,100093,100,99559,100,100094,100,99540,100
2019-06-28 09:58:50.000000000,99864,244,99817,244,99896,244,99754,244,99909,100,99728,100,99932,200,99701,100,99940,100,99619,100,100007,100,99616,100,100051,100,99596,200,100066,100,99564,100,100093,100,99559,100,100094,100,99540,100
2019-06-28 09:59:00.000000000,99864,198,99817,198,99896,195,99754,195,99909,195,99728,195,99932,200,99701,100,99940,100,99619,100,100007,100,99616,100,100051,100,99596,200,100066,100,99564,100,100093,100,99559,100,100094,100,99540,100
2019-06-28 09:59:10.000000000,99864,388,99817,388,99896,100,99754,100,99909,100,99728,100,99932,200,99701,100,99940,100,99619,100,100007,100,99616,100,100051,100,99596,200,100066,100,99564,100,100093,100,99559,100,100094,100,99540,100
2019-06-28 09:59:16.201407618,99864,388,99817,288,99896,100,99754,100,99909,100,99728,100,99932,200,99701,100,99940,100,99619,100,100007,100,99616,100,100051,100,99596,200,100066,100,99564,100,100093,100,99559,100,100094,100,99540,100
2019-06-28 09:59:20.000000000,99864,158,99754,158,99896,158,99728,158,99909,158,99701,158,99932,258,99619,158,99940,158,99616,158,100007,100,99596,200,100051,100,99564,100,100066,100,99559,100,100093,100,99540,100,100094,100,99522,100
2019-06-28 09:59:30.000000000,99864,388,99754,388,99896,100,99728,100,99909,100,99701,100,99932,200,99619,100,99940,100,99616,100,100007,100,99596,200,100051,100,99564,100,100066,100,99559,100,100093,100,99540,100,100094,100,99522,100
2019-06-28 09:59:40.000000000,99864,158,99754,158,99896,158,99728,158,99909,158,99701,158,99932,258,99619,158,99940,158,99616,158,100007,100,99596,200,100051,100,99564,100,100066,100,99559,100,100093,100,99540,100,100094,100,99522,100
2019-06-28 09:59:50.000000000,99864,244,99754,244,99896,244,99728,244,99909,100,99701,100,99932,200,99619,100,99940,100,99616,100,100007,100,99596,200,100051,100,99564,100,100066,100,99559,100,100093,100,99540,100,100094,100,99522,100
2019-06-28 09:59:52.924950321,99864,244,99754,144,99896,244,99728,244,99909,100,99701,100,99932,200,99619,100,99940,100,99616,100,100007,100,99596,200,100051,100,99564,100,100066,100,99559,100,100093,100,99540,100,100094,100,99522,100
2019-06-28 10:00:00.000000000,99864,198,99728,198,99896,195,99701,195,99909,195,99619,195,99932,200,99616,100,99940,100,99596,200,100007,100,99564,100,100051,100,99559,100,100066,100,99540,100,100093,100,99522,100,100094,100,99499,100
2019-06-28 10:00:10.000000000,99864,388,99728,388,99896,100,99701,100,99909,100,99619,100,99932,200,99616,100,99940,100,99596,200,100007,100,99564,100,100051,100,99559,100,100066,100,99540,100,100093,100,99522,100,100094,100,99499,100
2019-06-28 10:00:10.139396957,99864,388,99728,388,99896,100,99701,100,99909,100,99619,100,99932,200,99616,100,99940,100,99596,200,100007,100,99564,100,100051,100,99559,100,100066,100,99540,100,100093,100,99522,100,100094,100,99499,100
2019-06-28 10:00:17.341975228,99864,388,99728,288,99896,100,99701,100,99909,100,99619,100,99932,200,99616,100,99940,100,99596,200,100007,100,99564,100,100051,100,99559,100,100066,100,99540,100,100093,100,99522,100,100094,100,99499,100
2019-06-28 10:00:20.000000000,99864,388,99701,388,99896,100,99619,100,99909,100,99616,100,99932,200,99596,200,99940,100,99564,100,100007,100,99559,100,100051,100,99540,100,100066,100,99522,100,100093,100,99499,100,100094,100,99480,100
2019-06-28 10:00:30.000000000,99864,388,99701,388,99896,100,99619,100,99909,100,99616,100,99932,200,99596,200,99940,100,99564,100,100007,100,99559,100,100051,100,99540,100,100066,100,99522,100,100093,100,99499,100,100094,100,99480,100
2019-06-28 10:00:40.000000000,99864,388,99701,388,99896,100,99619,100,99909,100,99616,100,99932,200,99596,200,99940,100,99564,100,100007,100,99559,100,100051,100,99540,100,100066,100,99522,100,100093,100,99499,100,100094,100,99480,100
2019-06-28 10:00:48.627479289,99864,388,99701,388,99896,100,99619,100,99909,100,99616,100,99932,200,99596,200,99940,100,99564,100,100007,100,99559,100,100051,100,99540,100,100066,100,99522,100,100093,100,99499,100,100094,100,99480,100
2019-06-28 10:00:50.000000000,99864,172,99701,172,99896,172,99619,172,99909,172,99616,172,99932,272,99596,272,99940,100,99564,100,100007,100,99559,100,100051,100,99540,100,100066,100,99522,100,100093,100,99499,100,100094,100,99480,100
2019-06-28 10:00:50.835740332,99701,28,99619,172,99864,172,99616,172,99896,172,99596,272,99909,172,99564,100,99932,272,99559,100,99940,100,99540,100,100007,100,99522,100,100051,100,99499,100,100066,100,99480,100,100093,100,99417,100
2019-06-28 10:00:56.136693116,99701,28,99619,172,99864,172,99616,172,99896,172,99596,272,99909,172,99564,100,99932,272,99559,100,99940,100,99540,100,100007,100,99522,100,100051,100,99510,100,100066,100,99499,100,100093,100,99480,100
2019-06-28 10:00:59.985871215,99701,28,99619,72,99864,172,99616,172,99896,172,99596,272,99909,172,99564,100,99932,272,99559,100,99940,100,99540,100,100007,100,99522,100,100051,100,99510,100,100066,100,99499,100,100093,100,99480,100
2019-06-28 10:01:00.000000000,99701,126,99616,198,99864,195,99596,295,99896,195,99564,195,99909,100,99559,100,99932,200,99540,100,99940,100,99522,100,100007,100,99510,100,100051,100,99499,100,100066,100,99480,100,100093,100,99409,100
2019-06-28 10:01:03.901139444,99701,126,99616,98,99864,195,99596,295,99896,195,99564,195,99909,100,99559,100,99932,200,99540,100,100007,100,99522,100,100051,100,99510,100,100066,100,99499,100,100093,100,99480,100,100094,100,99409,100
2019-06-28 10:01:09.890133056,99616,2,99596,295,99701,126,99564,195,99864,195,99559,100,99896,195,99540,100,99909,100,99522,100,99932,200,99510,100,100007,100,99499,100,100051,100,99480,100,100093,100,99409,100,100094,100,99317,100
2019-06-28 10:01:10.000000000,99616,60,99596,258,99701,86,99564,158,99864,158,99559,158,99896,158,99540,158,99909,158,99522,158,99932,200,99510,100,100007,100,99499,100,100051,100,99480,100,100093,100,99409,100,100094,100,99317,100
2019-06-28 10:01:15.546386089,99616,60,99596,158,99701,86,99564,158,99864,158,99559,158,99896,158,99540,158,99909,158,99522,158,99932,200,99510,100,100007,100,99499,100,100093,100,99480,100,100094,100,99409,100,100108,100,99317,100
2019-06-28 10:01:16.717649884,99616,60,99596,58,99701,86,99564,158,99864,158,99559,158,99896,158,99540,158,99909,158,99522,158,99932,200,99510,100,100007,100,99499,100,100093,100,99480,100,100094,100,99409,100,100108,100,99317,100
2019-06-28 10:01:20.000000000,99616,74,99564,172,99701,100,99559,172,99864,172,99540,172,99896,172,99522,172,99909,100,99510,100,99932,200,99499,100,100007,100,99480,100,100093,100,99409,100,100094,100,99317,100,100108,100,99165,100
2019-06-28 10:01:21.364639522,99606,100,99564,172,99616,74,99559,172,99701,100,99540,172,99864,172,99522,172,99896,172,99510,100,99909,100,99499,100,99932,200,99480,100,100007,100,99409,100,100093,100,99317,100,100094,100,99165,100
2019-06-28 10:01:30.000000000,99606,388,99564,388,99616,2,99559,100,99701,28,99540,100,99864,100,99522,100,99896,100,99510,100,99909,100,99499,100,99932,200,99480,100,100007,100,99409,100,100093,100,99317,100,100094,100,99165,100
2019-06-28 10:01:36.169980486,99606,388,99597,100,99616,2,99564,388,99701,28,99559,100,99864,100,99540,100,99896,100,99522,100,99909,100,99510,100,99932,200,99499,100,100007,100,99480,100,100093,100,99409,100,100094,100,99317,100
2019-06-28 10:01:36.327353944,99606,388,99597,200,99616,2,99564,388,99701,28,99559,100,99864,100,99540,100,99896,100,99522,100,99909,100,99510,100,99932,200,99499,100,100007,100,99480,100,100093,100,99409,100,100094,100,99317,100
2019-06-28 10:01:40.000000000,99606,172,99597,272,99616,74,99564,172,99701,100,99559,172,99864,172,99540,172,99896,100,99522,100,99909,100,99510,100,99932,200,99499,100,100007,100,99480,100,100093,100,99409,100,100094,100,99317,100
2019-06-28 10:01:41.035684444,99606,72,99597,272,99616,74,99564,172,99701,100,99559,172,99864,172,99540,172,99896,100,99522,100,99909,100,99510,100,99932,200,99499,100,100007,100,99480,100,100093,100,99409,100,100094,100,99317,100
2019-06-28 10:01:43.313222039,99606,72,99597,272,99616,74,99564,172,99701,100,99559,172,99864,172,99540,172,99896,100,99522,100,99909,100,99510,100,99932,200,99499,100,100007,100,99480,100,100093,100,99409,100,100094,100,99361,100
2019-06-28 10:01:43.614704628,99606,72,99597,172,99616,74,99564,172,99701,100,99559,172,99864,172,99540,172,99896,100,99522,100,99909,100,99510,100,99932,200,99499,100,100007,100,99480,100,100093,100,99409,100,100094,100,99361,100
2019-06-28 10:01:50.000000000,99616,290,99597,388,99701,28,99564,100,99864,100,99559,100,99896,100,99540,100,99909,100,99522,100,99932,200,99510,100,100007,100,99499,100,100093,100,99480,100,100094,100,99409,100,100108,100,99361,100
2019-06-28 10:01:52.330734060,99616,288,99597,388,99701,28,99564,100,99864,100,99559,100,99896,100,99540,100,99909,100,99522,100,99932,200,99510,100,100007,100,99499,100,100093,100,99480,100,100094,100,99409,100,100108,100,99406,100
2019-06-28 10:01:56.813653075,99616,288,99597,388,99701,28,99564,100,99864,100,99559,100,99896,100,99540,100,99909,100,99522,100,99932,200,99510,100,100007,100,99480,100,100093,100,99425,100,100094,100,99409,100,100108,100,99406,100
2019-06-28 10:02:00.000000000,99701,172,99597,244,99864,244,99564,244,99896,100,99559,100,99909,100,99540,100,99932,200,99522,100,100007,100,99510,100,100093,100,99480,100,100094,100,99425,100,100108,100,99409,100,100288,100,99406,100
2019-06-28 10:02:00.460937650,99701,172,99597,244,99864,244,99564,244,99896,100,99559,100,99909,100,99540,100,99932,200,99537,100,100007,100,99522,100,100093,100,99510,100,100094,100,99480,100,100108,100,99425,100,100288,100,99409,100
2019-06-28 10:02:06.353210598,99701,172,99597,244,99864,244,99564,244,99896,100,99559,100,99909,100,99540,100,99932,200,99537,100,100007,100,99522,100,100093,100,99510,100,100094,100,99480,100,100108,100,99425,100,100288,100,99409,100
2019-06-28 10:02:08.660452161,99701,172,99597,244,99864,244,99564,244,99896,100,99559,100,99909,100,99540,100,99932,200,99537,100,100007,100,99522,100,100093,100,99510,100,100094,100,99480,100,100108,100,99425,100,100288,100,99409,100
2019-06-28 10:02:10.000000000,99701,172,99597,244,99864,244,99564,244,99896,100,99559,100,99909,100,99540,100,99932,200,99537,100,100007,100,99522,100,100093,100,99510,100,100094,100,99480,100,100108,100,99425,100,100288,100,99409,100
2019-06-28 10:02:20.000000000,99701,86,99597,158,99864,158,99564,158,99896,158,99559,158,99909,158,99540,158,99932,258,99537,158,100007,100,99522,100,100093,100,99510,100,100094,100,99480,100,100108,100,99425,100,100288,100,99409,100
2019-06-28 10:02:20.804581918,99864,158,99701,14,99896,158,99597,158,99909,158,99564,158,99932,258,99559,158,100007,100,99540,158,100093,100,99537,158,100094,100,99522,100,100108,100,99510,100,100288,100,99480,100,100775,100,99425,100
2019-06-28 10:02:21.951576913,99745,100,99597,158,99864,158,99564,158,99896,158,99559,158,99909,158,99540,158,99932,258,99537,158,100007,100,99522,100,100093,100,99510,100,100094,100,99480,100,100108,100,99425,100,100288,100,99409,100
2019-06-28 10:02:26.774033096,99864,158,99597,158,99896,158,99564,158,99909,158,99559,158,99932,258,99540,158,100007,100,99537,158,100093,100,99522,100,100094,100,99510,100,100108,100,99480,100,100288,100,99425,100,100775,100,99409,100
2019-06-28 10:02:30.000000000,99864,198,99597,198,99896,195,99564,195,99909,195,99559,195,99932,200,99540,100,100007,100,99537,100,100093,100,99522,100,100094,100,99510,100,100108,100,99480,100,100288,100,99425,100,100775,100,99409,100
2019-06-28 10:02:40.000000000,99864,158,99597,158,99896,158,99564,158,99909,158,99559,158,99932,258,99540,158,100007,158,99537,158,100093,100,99522,100,100094,100,99510,100,100108,100,99480,100,100288,100,99425,100,100775,100,99409,100
2019-06-28 10:02:50.000000000,99864,198,99597,198,99896,195,99564,195,99909,195,99559,195,99932,200,99540,100,100007,100,99537,100,100093,100,99522,100,100094,100,99510,100,100108,100,99480,100,100288,100,99425,100,100775,100,99409,100
2019-06-28 10:02:59.179862299,99864,198,99597,198,99896,195,99564,195,99909,195,99559,195,99932,200,99540,100,100007,100,99537,100,100093,100,99522,100,100094,100,99510,100,100108,100,99480,100,100288,100,99425,100,100775,100,99409,100
2019-06-28 10:03:00.000000000,99864,244,99597,244,99896,244,99564,244,99909,100,99559,100,99932,200,99540,100,100007,100,99537,100,100093,100,99522,100,100094,100,99510,100,100108,100,99480,100,100288,100,99425,100,100775,100,99409,100
2019-06-28 10:03:10.000000000,99864,158,99597,158,99896,158,99564,158,99909,158,99559,158,99932,258,99540,158,100007,158,99537,158,100093,100,99522,100,100094,100,99510,100,100108,100,99480,100,100288,100,99425,100,100775,100,99409,100
2019-06-28 10:03:20.000000000,99864,388,99597,388,99896,100,99564,100,99909,100,99559,100,99932,200,99540,100,100007,100,99537,100,100093,100,99522,100,100094,100,99510,100,100108,100,99480,100,100288,100,99425,100,100775,100,99409,100
2019-06-28 10:03:26.735020487,99864,388,99597,388,99896,100,99564,100,99909,100,99559,100,99932,200,99540,100,100007,100,99537,100,100093,100,99522,100,100094,100,99510,100,100108,100,99480,100,100288,100,99425,100,100775,100,99409,100
2019-06-28 10:03:30.000000000,99864,198,99597,198,99896,195,99564,195,99909,195,99559,195,99932,200,99540,100,100007,100,99537,100,100093,100,99522,100,100094,100,99510,100,100108,100,99480,100,100288,100,99425,100,100775,100,99409,100
2019-06-28 10:03:31.725193914,99864,198,99597,198,99896,195,99564,195,99909,195,99559,195,99932,200,99540,100,100007,100,99537,100,100093,100,99522,100,100094,100,99510,100,100108,100,99480,100,100288,100,99425,100,100775,100,99409,100
2019-06-28 10:03:39.630256792,99864,198,99597,198,99896,195,99564,195,99909,195,99559,195,99932,200,99540,100,100007,100,99537,100,100093,100,99522,100,100094,100,99510,100,100108,100,99425,100,100288,100,99409,100,100775,100,99361,100
2019-06-28 10:03:40.000000000,99864,158,99597,158,99896,158,99564,158,99909,158,99559,158,99932,258,99540,158,100007,158,99537,158,100093,100,99522,100,100094,100,99510,100,100108,100,99425,100,100288,100,99409,100,100775,100,99361,100
2019-06-28 10:03:50.000000000,99864,172,99597,172,99896,172,99564,172,99909,172,99559,172,99932,272,99540,172,100007,100,99537,100,100093,100,99522,100,100094,100,99510,100,100108,100,99425,100,100288,100,99409,100,100775,100,99361,100
2019-06-28 10:03:51.595531075,99864,172,99597,172,99896,172,99564,172,99909,172,99559,172,99932,272,99540,172,100007,100,99537,100,100093,100,99522,100,100094,100,99510,100,100108,100,99425,100,100288,100,99409,100,100775,100,99361,100
2019-06-28 10:04:00.000000000,99864,388,99597,388,99896,100,99564,100,99909,100,99559,100,99932,200,99540,100,100007,100,99537,100,100093,100,99522,100,100094,100,99510,100,100108,100,99425,100,100288,100,99409,100,100775,100,99361,100
2019-06-28 10:04:01.735071249,99864,388,99597,288,99896,100,99564,100,99909,100,99559,100,99932,200,99540,100,100007,100,99537,100,100093,100,99522,100,100094,100,99510,100,100108,100,99425,100,100288,100,99409,100,100775,100,99361,100
2019-06-28 10:04:10.000000000,99864,388,99564,388,99896,100,99559,100,99909,100,99540,100,99932,200,99537,100,100007,100,99522,100,100093,100,99510,100,100094,100,99425,100,100108,100,99409,100,100288,100,99361,100,100775,100,99345,100
2019-06-28 10:04:11.480383569,99864,388,99564,388,99896,100,99559,100,99932,200,99540,100,100007,100,99537,100,100093,100,99522,100,100094,100,99510,100,100108,100,99425,100,100288,100,99409,100,100775,100,99361,100,,,99345,100
2019-06-28 10:04:13.736697629,99745,100,99564,388,99864,388,99559,100,99896,100,99540,100,99932,200,99537,100,100007,100,99522,100,100093,100,99510,100,100094,100,99425,100,100108,100,99409,100,100288,100,99361,100,100775,100,99345,100
2019-06-28 10:04:15.880284723,99745,100,99564,388,99864,388,99559,100,99896,100,99540,100,99932,200,99537,100,100007,100,99522,100,100093,100,99510,100,100094,100,99425,100,100108,100,99409,100,100288,100,99361,100,100775,100,99345,100
2019-06-28 10:04:20.000000000,99745,198,99564,198,99864,195,99559,195,99896,195,99540,195,99932,200,99537,100,100007,100,99522,100,100093,100,99510,100,100094,100,99425,100,100108,100,99409,100,100288,100,99361,100,100775,100,99345,100
2019-06-28 10:04:22.497932602,99745,198,99564,98,99864,195,99559,195,99896,195,99540,195,99932,200,99537,100,100007,100,99522,100,100093,100,99510,100,100094,100,99425,100,100108,100,99409,100,100288,100,99361,100,100775,100,99345,100
2019-06-28 10:04:30.000000000,99745,244,99559,244,99864,244,99540,244,99896,100,99537,100,99932,200,99522,100,100007,100,99510,100,100093,100,99425,100,100094,100,99409,100,100108,100,99361,100,100288,100,99345,100,100775,100,99324,100
2019-06-28 10:04:33.246980238,99745,244,99559,144,99864,244,99540,244,99896,100,99537,100,99932,200,99522,100,100007,100,99510,100,100093,100,99425,100,100094,100,99409,100,100108,100,99361,100,100288,100,99345,100,100775,100,99324,100
2019-06-28 10:04:39.241742113,99745,244,99559,44,99864,244,99540,244,99896,100,99537,100,99932,200,99522,100,100007,100,99510,100,100093,100,99425,100,100094,100,99409,100,100108,100,99361,100,100288,100,99345,100,100775,100,99324,100
2019-06-28 10:04:40.000000000,99745,198,99540,198,99864,195,99537,195,99896,195,99522,195,99932,200,99510,100,100007,100,99425,100,100093,100,99409,100,100094,100,99361,100,100108,100,99345,100,100288,100,99324,100,100775,100,99317,100
2019-06-28 10:04:42.783242356,99745,198,99540,98,99864,195,99537,195,99896,195,99522,195,99932,200,99510,100,100007,100,99425,100,100093,100,99409,100,100094,100,99378,100,100108,100,99361,100,100288,100,99345,100,100775,100,99324,100
2019-06-28 10:04:50.000000000,99745,172,99537,172,99864,172,99522,172,99896,172,99510,172,99932,272,99425,172,100007,100,99409,100,100093,100,99378,100,100094,100,99361,100,100108,100,99345,100,100288,100,99324,100,100775,100,99317,100
2019-06-28 10:05:00.000000000,99745,198,99537,198,99864,195,99522,195,99896,195,99510,195,99932,200,99425,100,100007,100,99409,100,100093,100,99378,100,100094,100,99361,100,100108,100,99345,100,100288,100,99324,100,100775,100,99317,100
2019-06-28 10:05:01.650042504,99745,198,99537,98,99864,195,99522,195,99896,195,99510,195,99932,200,99425,100,100007,100,99409,100,100093,100,99378,100,100094,100,99361,100,100108,100,99345,100,100288,100,99324,100,100775,100,99317,100
2019-06-28 10:05:10.000000000,99745,244,99522,244,99864,244,99510,244,99896,100,99425,100,99932,200,99409,100,100007,100,99378,100,100093,100,99361,100,100094,100,99345,100,100108,100,99324,100,100288,100,99317,100,100775,100,99233,100
2019-06-28 10:05:11.259989199,99745,244,99522,244,99864,244,99510,244,99896,100,99425,100,99932,200,99409,100,100007,100,99378,100,100093,100,99361,100,100094,100,99345,100,100288,100,99324,100,100775,100,99317,100,,,99233,100
2019-06-28 10:05:18.784660884,99745,244,99522,244,99864,244,99513,100,99896,100,99510,244,99932,200,99425,100,100007,100,99409,100,100093,100,99378,100,100094,100,99361,100,100775,100,99345,100,,,99324,100,,,99317,100
2019-06-28 10:05:20.000000000,99745,172,99522,172,99864,172,99513,172,99896,172,99510,172,99932,272,99425,172,100007,100,99409,100,100093,100,99378,100,100094,100,99361,100,100775,100,99345,100,,,99324,100,,,99317,100
2019-06-28 10:05:30.000000000,99745,244,99522,244,99864,244,99513,244,99896,100,99510,100,99932,200,99425,100,100007,100,99409,100,100093,100,99378,100,100094,100,99361,100,100775,100,99345,100,,,99324,100,,,99317,100
2019-06-28 10:05:36.895928851,99745,244,99541,100,99864,244,99522,244,99896,100,99513,244,99932,200,99510,100,100007,100,99425,100,100093,100,99409,100,100094,100,99378,100,100775,100,99361,100,,,99345,100,,,99324,100
2019-06-28 10:05:39.061535390,99745,244,99541,200,99864,244,99522,244,99896,100,99513,244,99932,200,99510,100,100007,100,99425,100,100093,100,99409,100,100094,100,99378,100,100775,100,99361,100,,,99345,100,,,99324,100
2019-06-28 10:05:40.000000000,99745,158,99541,258,99864,158,99522,158,99896,158,99513,158,99932,258,99510,158,100007,158,99425,158,100093,100,99409,100,100094,100,99378,100,100775,100,99361,100,,,99345,100,,,99324,100
2019-06-28 10:05:42.082422406,99745,158,99541,158,99864,158,99522,158,99896,158,99513,158,99932,258,99510,158,100007,158,99425,158,100093,100,99409,100,100094,100,99378,100,100775,100,99361,100,,,99345,100,,,99324,100
2019-06-28 10:05:50.000000000,99745,388,99541,388,99864,100,99522,100,99896,100,99513,100,99932,200,99510,100,100007,100,99425,100,100093,100,99409,100,100094,100,99378,100,100775,100,99361,100,,,99345,100,,,99324,100
2019-06-28 10:05:52.820187836,99645,100,99541,388,99745,388,99522,100,99864,100,99513,100,99896,100,99510,100,99932,200,99425,100,100007,100,99409,100,100093,100,99361,100,100094,100,99345,100,100775,100,99324,100,,,99317,100
2019-06-28 10:05:56.396726503,99645,100,99541,388,99745,388,99522,100,99864,100,99513,100,99896,100,99510,100,99932,200,99509,100,100007,100,99425,100,100093,100,99409,100,100094,100,99361,100,100775,100,99324,100,,,99317,100
2019-06-28 10:06:00.000000000,99645,172,99541,172,99745,172,99522,172,99864,172,99513,172,99896,172,99510,172,99932,200,99509,100,100007,100,99425,100,100093,100,99409,100,100094,100,99361,100,100775,100,99324,100,,,99317,100
2019-06-28 10:06:10.000000000,99645,198,99541,198,99745,195,99522,195,99864,195,99513,195,99896,100,99510,100,99932,200,99509,100,100007,100,99425,100,100093,100,99409,100,100094,100,99361,100,100775,100,99324,100,,,99317,100
2019-06-28 10:06:20.000000000,99645,172,99541,172,99745,172,99522,172,99864,172,99513,172,99896,172,99510,172,99932,200,99509,100,100007,100,99425,100,100093,100,99409,100,100094,100,99361,100,100775,100,99324,100,,,99317,100
2019-06-28 10:06:30.000000000,99645,198,99541,198,99745,195,99522,195,99864,195,99513,195,99896,100,99510,100,99932,200,99509,100,100007,100,99425,100,100093,100,99409,100,100094,100,99361,100,100775,100,99324,100,,,99317,100
2019-06-28 10:06:31.932666001,99624,100,99541,198,99645,198,99522,195,99745,195,99513,195,99864,195,99510,100,99896,100,99509,100,99932,200,99425,100,100007,100,99409,100,100093,100,99361,100,100094,100,99324,100,100775,100,99317,100
2019-06-28 10:06:40.000000000,99624,172,99541,172,99645,172,99522,172,99745,172,99513,172,99864,172,99510,172,99896,100,99509,100,99932,200,99425,100,100007,100,99409,100,100093,100,99361,100,100094,100,99324,100,100775,100,99317,100
2019-06-28 10:06:41.207448579,99624,172,99541,172,99645,172,99522,172,99687,100,99513,172,99745,172,99510,172,99864,172,99509,100,99896,100,99425,100,99932,200,99409,100,100007,100,99361,100,100093,100,99324,100,100094,100,99317,100
2019-06-28 10:06:50.000000000,99624,172,99541,172,99645,172,99522,172,99687,172,99513,172,99745,172,99510,172,99864,100,99509,100,99896,100,99425,100,99932,200,99409,100,100007,100,99361,100,100093,100,99324,100,100094,100,99317,100
2019-06-28 10:07:00.000000000,99624,388,99541,388,99645,100,99522,100,99687,100,99513,100,99745,100,99510,100,99864,100,99509,100,99896,100,99425,100,99932,200,99409,100,100007,100,99361,100,100093,100,99324,100,100094,100,99317,100
2019-06-28 10:07:06.634614289,99624,388,99542,100,99645,100,99541,388,99687,100,99522,100,99745,100,99513,100,99864,100,99510,100,99896,100,99509,100,99932,200,99425,100,100007,100,99409,100,100093,100,99361,100,100094,100,99324,100
2019-06-28 10:07:07.973670605,99624,388,99542,100,99645,100,99541,388,99659,100,99522,100,99687,100,99513,100,99745,100,99510,100,99864,100,99509,100,99896,100,99425,100,99932,200,99409,100,100007,100,99361,100,100094,100,99324,100
2019-06-28 10:07:10.000000000,99624,198,99542,198,99645,195,99541,195,99659,195,99522,195,99687,100,99513,100,99745,100,99510,100,99864,100,99509,100,99896,100,99425,100,99932,200,99409,100,100007,100,99361,100,100094,100,99324,100
2019-06-28 10:07:20.000000000,99624,158,99542,158,99645,158,99541,158,99659,158,99522,158,99687,158,99513,158,99745,158,99510,158,99864,100,99509,100,99896,100,99425,100,99932,200,99409,100,100007,100,99361,100,100094,100,99324,100
2019-06-28 10:07:26.447879654,99624,158,99542,158,99645,158,99541,158,99659,158,99522,158,99687,158,99513,158,99745,158,99510,158,99864,100,99509,100,99872,100,99425,100,99896,100,99409,100,99932,200,99361,100,100007,100,99324,100
2019-06-28 10:07:30.000000000,99624,198,99542,198,99645,195,99541,195,99659,195,99522,195,99687,100,99513,100,99745,100,99510,100,99864,100,99509,100,99872,100,99425,100,99896,100,99409,100,99932,200,99361,100,100007,100,99324,100
2019-06-28 10:07:34.665478630,99624,98,99542,198,99645,195,99541,195,99659,195,99522,195,99687,100,99513,100,99745,100,99510,100,99864,100,99425,100,99872,100,99409,100,99896,100,99361,100,99932,200,99324,100,100007,100,99317,100
2019-06-28 10:07:40.000000000,99645,158,99542,158,99659,158,99541,158,99687,158,99522,158,99745,158,99513,158,99864,158,99510,158,99872,100,99425,100,99896,100,99409,100,99932,200,99361,100,100007,100,99324,100,100094,100,99317,100
2019-06-28 10:07:50.000000000,99645,158,99542,158,99659,158,99541,158,99687,158,99522,158,99745,158,99513,158,99864,158,99510,158,99872,100,99425,100,99896,100,99409,100,99932,200,99361,100,100007,100,99324,100,100094,100,99317,100
