,ask_price_1,ask_size_1,bid_price_1,bid_size_1,ask_price_2,ask_size_2,bid_price_2,bid_size_2,ask_price_3,ask_size_3,bid_price_3,bid_size_3,ask_price_4,ask_size_4,bid_price_4,bid_size_4,ask_price_5,ask_size_5,bid_price_5,bid_size_5,ask_price_6,ask_size_6,bid_price_6,bid_size_6,ask_price_7,ask_size_7,bid_price_7,bid_size_7,ask_price_8,ask_size_8,bid_price_8,bid_size_8,ask_price_9,ask_size_9,bid_price_9,bid_size_9,ask_price_10,ask_size_10,bid_price_10,bid_size_10
2019-06-28 09:30:00.000000006,,,99972,100,,,,,,,,,,,,,,,,,,,,,,,,,,,,,,,,,,,,
2019-06-28 09:30:00.000000007,100096,100,99972,100,,,99927,100,,,,,,,,,,,,,,,,,,,,,,,,,,,,,,,,
2019-06-28 09:30:00.000000011,100096,100,99972,100,100166,100,99927,100,,,99920,100,,,,,,,,,,,,,,,,,,,,,,,,,,,,
2019-06-28 09:30:00.000000012,100096,100,99972,100,100166,100,99961,100,,,99927,100,,,99920,100,,,,,,,,,,,,,,,,,,,,,,,,
2019-06-28 09:30:00.000000013,100030,100,99972,100,100096,100,99961,100,100166,100,99927,100,,,99920,100,,,,,,,,,,,,,,,,,,,,,,,,
2019-06-28 09:30:00.000000017,100030,100,99972,100,100041,100,99961,100,100096,100,99927,100,100166,100,99920,100,,,,,,,,,,,,,,,,,,,,,,,,
2019-06-28 09:30:00.000000018,100030,100,99972,100,100041,200,99961,100,100096,100,99927,100,100166,100,99920,100,,,,,,,,,,,,,,,,,,,,,,,,
2019-06-28 09:30:00.000000021,100018,100,99972,100,100030,100,99961,100,100041,200,99927,100,100096,100,99920,100,100166,100,,,,,,,,,,,,,,,,,,,,,,
2019-06-28 09:30:00.000000023,100018,100,99972,100,100030,100,99961,100,100041,200,99927,100,100058,100,99920,100,100096,100,,,100166,100,,,,,,,,,,,,,,,,,,
2019-06-28 09:30:00.000000024,100018,100,100004,100,100030,100,99979,100,100041,200,99972,100,100058,100,99961,100,100096,100,99927,100,100166,100,99920,100,,,,,,,,,,,,,,,,
2019-06-28 09:30:00.000000026,100018,100,100004,100,100030,100,99979,100,100035,100,99972,100,100041,200,99961,100,100058,100,99927,100,100096,100,99920,100,100166,100,,,,,,,,,,,,,,
2019-06-28 09:30:00.000000027,100018,100,100004,100,100029,100,99979,100,100030,100,99972,100,100035,100,99961,100,100041,200,99927,100,100058,100,99920,100,100096,100,,,100166,100,,,,,,,,,,
2019-06-28 09:30:00.000000028,100018,100,99979,100,100029,100,99972,100,100030,100,99961,100,100035,100,99927,100,100041,200,99920,100,100058,100,,,100096,100,,,100166,100,,,,,,,,,,
2019-06-28 09:30:00.000000029,100029,100,99979,100,100030,100,99972,100,100035,100,99961,100,100041,200,99927,100,100058,100,99920,100,100067,100,,,100079,100,,,100096,100,,,100166,100,,,,,,
2019-06-28 09:30:00.000000030,100018,100,99979,100,100029,100,99972,100,100030,100,99961,100,100035,100,99927,100,100041,200,99920,100,100058,100,99894,100,100067,100,,,100079,100,,,100096,100,,,100166,100,,
2019-06-28 09:30:00.000000031,100018,100,100004,100,100029,100,99984,100,100030,100,99979,100,100035,100,99972,100,100041,200,99961,100,100058,100,99927,100,100067,100,99920,100,100079,100,99909,100,100096,100,99894,100,100166,100,,
2019-06-28 09:30:00.000000032,100018,100,100004,100,100029,100,99984,100,100030,100,99979,100,100035,100,99972,100,100041,200,99961,100,100058,100,99927,100,100067,100,99920,100,100079,100,99909,100,100088,100,99894,100,100096,100,,
2019-06-28 09:30:00.000000035,100018,100,100004,100,100029,100,99984,100,100030,100,99979,100,100034,100,99972,100,100035,100,99961,100,100041,200,99927,100,100058,100,99920,100,100067,100,99909,100,100079,100,99894,100,100088,100,,
2019-06-28 09:30:00.000000040,100018,200,100004,200,100029,100,99984,100,100030,100,99979,100,100034,100,99972,100,100035,100,99961,100,100041,200,99927,100,100058,100,99920,100,100067,100,99909,100,100079,100,99894,100,100088,100,,
2019-06-28 09:30:00.000000046,100018,200,100004,200,100029,100,99984,100,100030,100,99979,100,100034,100,99972,100,100035,100,99961,100,100041,200,99937,100,100058,100,99927,100,100067,100,99920,100,100079,100,99909,100,100088,100,99894,100
2019-06-28 09:30:00.000000049,100018,300,100004,200,100029,100,99984,100,100030,100,99979,100,100034,100,99972,100,100035,100,99961,100,100041,200,99937,100,100058,100,99927,100,100067,100,99920,100,100079,100,99909,100,100088,100,99894,100
2019-06-28 09:30:00.000000051,100005,100,100004,200,100018,300,99984,100,100029,100,99979,100,100030,100,99972,100,100034,100,99961,100,100035,100,99937,100,100041,200,99927,100,100058,100,99920,100,100067,100,99909,100,100079,100,99894,100
2019-06-28 09:30:00.000000052,100005,100,100004,200,100018,300,99984,100,100029,100,99979,100,100030,100,99972,100,100034,100,99961,100,100035,100,99937,100,100041,200,99927,100,100058,100,99920,100,100067,100,99909,100,100079,100,99894,100
2019-06-28 09:30:00.000000054,100005,100,100004,200,100018,300,99984,100,100029,100,99979,100,100030,100,99972,100,100034,100,99961,100,100035,100,99937,100,100041,200,99927,100,100058,100,99920,100,100067,100,99909,100,100079,100,99894,100
2019-06-28 09:30:00.000000055,100005,100,100004,300,100018,300,99984,100,100029,100,99979,100,100030,100,99972,100,100034,100,99961,100,100035,100,99937,100,100041,200,99927,100,100058,100,99920,100,100067,100,99909,100,100079,100,99894,100
2019-06-28 09:30:00.000000056,100005,100,100004,200,100018,300,99984,100,100029,100,99979,100,100030,100,99972,100,100034,100,99961,100,100035,100,99937,100,100041,200,99927,100,100058,100,99920,100,100067,100,99909,100,100079,100,99894,100
2019-06-28 09:30:00.000000057,100018,300,100004,200,100029,100,99984,100,100030,100,99979,100,100034,100,99972,100,100035,100,99961,100,100041,200,99937,100,100058,100,99927,100,100067,100,99920,100,100079,100,99909,100,100088,100,99894,100
2019-06-28 09:30:00.000000059,100005,100,100004,200,100018,300,99984,100,100029,100,99979,100,100030,100,99972,100,100034,100,99961,100,100035,100,99937,100,100041,200,99927,100,100058,100,99921,100,100067,100,99920,100,100079,100,99909,100
2019-06-28 09:30:00.000000061,100005,100,100004,200,100018,300,99984,100,100029,100,99979,100,100030,100,99972,100,100034,100,99961,100,100035,100,99937,100,100041,200,99927,100,100058,100,99921,100,100067,100,99920,100,100079,100,99909,100
2019-06-28 09:30:00.000000063,100005,100,100004,200,100018,300,99984,100,100029,100,99979,100,100030,100,99972,100,100034,100,99961,100,100035,100,99937,100,100041,200,99927,100,100058,200,99921,100,100067,100,99920,100,100079,100,99909,100
2019-06-28 09:30:00.000000066,100005,100,100004,200,100018,300,99984,100,100029,100,99979,100,100030,100,99972,100,100034,100,99961,100,100035,100,99937,100,100041,200,99927,100,100058,200,99921,100,100067,100,99920,100,100079,100,99909,100
2019-06-28 09:30:00.000000068,100005,100,100004,200,100018,300,99984,100,100029,100,99979,100,100030,100,99972,100,100034,100,99961,100,100035,100,99937,100,100041,200,99927,100,100058,200,99921,100,100067,100,99920,100,100079,100,99909,100
2019-06-28 09:30:00.000000071,100005,100,100004,200,100018,300,99984,100,100029,100,99979,100,100030,100,99972,100,100034,100,99961,100,100035,100,99956,100,100041,200,99937,100,100058,200,99927,100,100067,100,99921,100,100079,100,99920,100
2019-06-28 09:30:00.000000073,100005,100,100004,100,100018,300,99984,100,100029,100,99979,100,100030,100,99972,100,100034,100,99961,100,100035,100,99956,100,100041,200,99937,100,100058,200,99927,100,100067,100,99921,100,100079,100,99920,100
2019-06-28 09:30:00.000000077,100005,100,100004,100,100018,300,99984,100,100029,100,99979,100,100030,100,99972,100,100034,100,99961,100,100035,100,99956,100,100041,200,99937,100,100058,200,99927,100,100067,100,99921,100,100079,100,99920,100
2019-06-28 09:30:00.000000080,100005,100,100004,100,100018,300,99984,100,100029,100,99979,100,100030,100,99972,100,100034,100,99961,100,100035,100,99956,100,100041,200,99937,100,100058,200,99927,100,100067,100,99921,100,100079,100,99920,100
2019-06-28 09:30:00.000000081,100005,100,99984,100,100018,300,99979,100,100029,100,99972,100,100030,100,99961,100,100034,100,99956,100,100035,100,99937,100,100041,200,99927,100,100058,200,99921,100,100067,100,99920,100,100079,100,99909,100
2019-06-28 09:30:00.000000082,100005,100,99984,100,100018,300,99979,100,100029,100,99972,100,100030,100,99961,100,100034,100,99956,100,100035,100,99937,100,100041,200,99927,100,100058,200,99921,100,100067,100,99920,100,100079,100,99909,100
2019-06-28 09:30:00.000000083,100005,100,99984,100,100018,300,99979,100,100029,100,99972,100,100030,100,99961,100,100034,100,99956,100,100035,100,99937,100,100041,200,99927,100,100058,200,99921,100,100067,100,99920,100,100079,100,99909,100
2019-06-28 09:30:00.000000085,100005,100,99984,100,100018,300,99979,100,100027,100,99972,100,100029,100,99961,100,100030,100,99956,100,100034,100,99937,100,100035,100,99932,100,100041,200,99927,100,100058,200,99921,100,100067,100,99920,100
2019-06-28 09:30:00.000000087,100005,100,99984,100,100018,300,99979,100,100027,100,99972,100,100029,100,99961,100,100030,100,99956,100,100034,100,99937,100,100035,100,99932,100,100041,200,99927,100,100058,200,99921,100,100067,100,99920,100
2019-06-28 09:30:00.000000088,100018,300,99984,100,100027,100,99979,100,100029,100,99972,100,100030,100,99961,100,100034,100,99956,100,100035,100,99937,100,100041,200,99932,100,100058,200,99927,100,100067,100,99921,100,100079,100,99920,100
2019-06-28 09:30:00.000000091,100018,300,99984,100,100027,100,99979,100,100029,100,99972,100,100030,100,99962,100,100034,100,99961,100,100035,100,99956,100,100041,200,99937,100,100058,200,99932,100,100067,100,99927,100,100079,100,99921,100
2019-06-28 09:30:00.000000095,100018,300,99984,100,100027,100,99979,100,100029,100,99972,100,100030,100,99962,100,100034,100,99961,100,100035,100,99960,100,100041,200,99956,100,100058,200,99937,100,100067,100,99932,100,100079,100,99927,100
2019-06-28 09:30:00.000000097,100018,300,99984,200,100027,100,99979,100,100029,100,99972,100,100030,100,99962,100,100034,100,99961,100,100035,100,99960,100,100041,200,99956,100,100058,200,99945,100,100067,100,99937,100,100079,100,99932,100
2019-06-28 09:30:00.000000099,100018,200,99984,200,100027,100,99979,100,100029,100,99972,100,100030,100,99962,100,100034,100,99961,100,100035,100,99960,100,100041,200,99956,100,100058,200,99945,100,100067,100,99937,100,100079,100,99932,100
2019-06-28 09:30:00.823919744,100018,100,99984,200,100027,100,99979,100,100029,100,99972,100,100030,100,99962,100,100034,100,99961,100,100035,100,99960,100,100041,200,99956,100,100058,200,99945,100,100067,100,99937,100,100079,100,99932,100
2019-06-28 09:30:03.339440637,100018,100,99984,100,100027,100,99979,100,100029,100,99972,100,100030,100,99962,100,100034,100,99961,100,100035,100,99960,100,100041,200,99956,100,100058,200,99945,100,100067,100,99937,100,100079,100,99932,100
2019-06-28 09:30:08.977469200,100018,100,99984,100,100027,100,99979,100,100029,100,99972,100,100030,100,99962,100,100034,100,99961,100,100035,100,99960,100,100041,200,99956,100,100058,200,99945,100,100067,100,99937,100,100079,100,99932,100
2019-06-28 09:30:10.000000000,100018,508,99984,508,100027,100,99979,100,100029,100,99972,100,100030,100,99962,100,100034,100,99961,100,100035,100,99960,100,100041,200,99956,100,100058,200,99945,100,100067,100,99937,100,100079,100,99932,100
2019-06-28 09:30:20.000000000,100018,202,99984,202,100027,202,99979,202,100029,202,99972,202,100030,202,99962,202,100034,100,99961,100,100035,100,99960,100,100041,200,99956,100,100058,200,99945,100,100067,100,99937,100,100079,100,99932,100
2019-06-28 09:30:21.714913490,100018,302,99984,202,100027,202,99979,202,100029,202,99972,202,100030,202,99962,202,100034,100,99961,100,100035,100,99960,100,100041,200,99956,100,100058,100,99945,100,100067,100,99937,100,100079,100,99932,100
2019-06-28 09:30:23.749986260,100018,302,99984,202,100027,202,99979,202,100029,202,99972,202,100030,202,99962,202,100034,100,99961,100,100035,100,99960,100,100041,200,99956,100,100058,100,99945,100,100067,100,99937,100,100079,100,99932,100
2019-06-28 09:30:30.000000000,100018,339,99984,239,100027,235,99979,235,100029,235,99972,235,100030,100,99962,100,100034,100,99961,100,100035,100,99960,100,100041,200,99956,100,100058,100,99945,100,100067,100,99937,100,100079,100,99932,100
2019-06-28 09:30:40.000000000,100018,608,99984,508,100027,100,99979,100,100029,100,99972,100,100030,100,99962,100,100034,100,99961,100,100035,100,99960,100,100041,200,99956,100,100058,100,99945,100,100067,100,99937,100,100079,100,99932,100
2019-06-28 09:30:47.974038730,100018,608,99984,508,100027,100,99979,100,100029,100,99972,100,100030,100,99962,100,100034,100,99961,100,100035,100,99960,100,100041,200,99956,100,100058,100,99945,100,100067,100,99937,100,100079,100,99932,100
2019-06-28 09:30:49.318179329,100018,608,99984,508,100027,100,99979,100,100029,100,99972,100,100030,100,99962,100,100034,100,99961,100,100035,100,99960,100,100041,200,99945,100,100058,100,99937,100,100067,100,99932,100,100079,100,99927,100
2019-06-28 09:30:50.000000000,100018,282,99984,182,100027,182,99979,182,100029,182,99972,182,100030,182,99962,182,100034,182,99961,182,100035,100,99960,100,100041,200,99945,100,100058,100,99937,100,100067,100,99932,100,100079,100,99927,100
2019-06-28 09:31:00.000000000,100018,302,99984,202,100027,202,99979,202,100029,202,99972,202,100030,202,99962,202,100034,100,99961,100,100035,100,99960,100,100041,200,99945,100,100058,100,99937,100,100067,100,99932,100,100079,100,99927,100
2019-06-28 09:31:00.715196220,100018,302,99984,102,100027,202,99979,202,100029,202,99972,202,100030,202,99962,202,100035,100,99961,100,100041,200,99960,100,100058,100,99945,100,100067,100,99937,100,100079,100,99932,100,100087,100,99927,100
2019-06-28 09:31:04.979207579,100018,302,99984,102,100027,202,99979,202,100029,202,99972,202,100030,202,99962,202,100035,100,99961,100,100041,200,99960,100,100058,100,99945,100,100067,100,99937,100,100079,100,99932,100,100087,100,99927,100
2019-06-28 09:31:10.000000000,100018,608,99979,508,100027,100,99972,100,100029,100,99962,100,100030,100,99961,100,100035,100,99960,100,100041,200,99945,100,100058,100,99937,100,100067,100,99932,100,100079,100,99927,100,100087,100,99921,100
2019-06-28 09:31:13.223095645,100018,608,99979,508,100027,100,99972,100,100029,100,99962,100,100030,100,99961,100,100035,100,99960,100,100041,200,99945,100,100058,100,99937,100,100067,100,99932,100,100079,100,99927,100,100087,100,99921,100
2019-06-28 09:31:20.000000000,100018,339,99979,239,100027,235,99972,235,100029,235,99962,235,100030,100,99961,100,100035,100,99960,100,100041,200,99945,100,100058,100,99937,100,100067,100,99932,100,100079,100,99927,100,100087,100,99921,100
2019-06-28 09:31:30.000000000,100018,608,99979,508,100027,100,99972,100,100029,100,99962,100,100030,100,99961,100,100035,100,99960,100,100041,200,99945,100,100058,100,99937,100,100067,100,99932,100,100079,100,99927,100,100087,100,99921,100
2019-06-28 09:31:40.000000000,100018,608,99979,508,100027,100,99972,100,100029,100,99962,100,100030,100,99961,100,100035,100,99960,100,100041,200,99945,100,100058,100,99937,100,100067,100,99932,100,100079,100,99927,100,100087,100,99921,100
2019-06-28 09:31:44.841489274,100018,608,99979,408,100027,100,99972,100,100029,100,99962,100,100030,100,99961,100,100035,100,99960,100,100041,200,99945,100,100058,100,99937,100,100079,100,99932,100,100087,100,99927,100,100088,100,99921,100
2019-06-28 09:31:47.507734835,100018,608,99979,408,100027,100,99972,100,100029,100,99962,100,100030,100,99961,100,100035,100,99960,100,100041,200,99945,100,100079,100,99937,100,100087,100,99932,100,100088,100,99927,100,100093,100,99921,100
2019-06-28 09:31:49.713112087,100018,608,99979,408,100027,100,99972,100,100029,100,99962,100,100030,100,99961,100,100035,100,99960,100,100041,200,99945,100,100079,100,99937,100,100087,100,99932,100,100088,100,99927,100,100093,100,99921,100
2019-06-28 09:31:50.000000000,100018,282,99972,182,100027,182,99962,182,100029,182,99961,182,100030,182,99960,182,100035,182,99945,182,100041,200,99937,100,100079,100,99932,100,100087,100,99927,100,100088,100,99921,100,100093,100,99920,100
2019-06-28 09:32:00.000000000,100018,302,99972,202,100027,202,99962,202,100029,202,99961,202,100030,202,99960,202,100035,100,99945,100,100041,200,99937,100,100079,100,99932,100,100087,100,99927,100,100088,100,99921,100,100093,100,99920,100
2019-06-28 09:32:01.667949548,100018,302,99972,202,100027,202,99969,100,100029,202,99962,202,100030,202,99961,202,100035,100,99960,202,100041,200,99945,100,100079,100,99937,100,100087,100,99932,100,100088,100,99927,100,100093,100,99921,100
2019-06-28 09:32:10.000000000,100018,302,99972,202,100027,202,99969,202,100029,202,99962,202,100030,202,99961,202,100035,100,99960,100,100041,200,99945,100,100079,100,99937,100,100087,100,99932,100,100088,100,99927,100,100093,100,99921,100
2019-06-28 09:32:11.164781248,99976,100,99972,202,100018,302,99969,202,100027,202,99962,202,100029,202,99961,202,100030,202,99960,100,100035,100,99945,100,100041,200,99937,100,100079,100,99932,100,100087,100,99927,100,100088,100,99921,100
2019-06-28 09:32:20.000000000,99976,508,99972,508,100018,200,99969,100,100027,100,99962,100,100029,100,99961,100,100030,100,99960,100,100035,100,99945,100,100041,200,99937,100,100079,100,99932,100,100087,100,99927,100,100088,100,99921,100
2019-06-28 09:32:30.000000000,99976,239,99972,239,100018,335,99969,235,100027,235,99962,235,100029,100,99961,100,100030,100,99960,100,100035,100,99945,100,100041,200,99937,100,100079,100,99932,100,100087,100,99927,100,100088,100,99921,100
2019-06-28 09:32:40.000000000,99976,508,99972,508,100018,200,99969,100,100027,100,99962,100,100029,100,99961,100,100030,100,99960,100,100035,100,99945,100,100041,200,99937,100,100079,100,99932,100,100087,100,99927,100,100088,100,99921,100
2019-06-28 09:32:44.910864789,99976,508,99972,408,100018,200,99969,100,100027,100,99962,100,100029,100,99961,100,100030,100,99960,100,100035,100,99945,100,100041,200,99937,100,100079,100,99932,100,100087,100,99927,100,100088,100,99921,100
2019-06-28 09:32:50.000000000,99976,239,99969,239,100018,335,99962,235,100027,235,99961,235,100029,100,99960,100,100030,100,99945,100,100035,100,99937,100,100041,200,99932,100,100079,100,99927,100,100087,100,99921,100,100088,100,99900,100
2019-06-28 09:32:53.319564135,99976,239,99969,239,100018,335,99962,235,100027,235,99961,235,100029,100,99960,100,100030,100,99945,100,100035,100,99937,100,100041,200,99932,100,100079,100,99927,100,100087,100,99921,100,100088,100,99900,100
2019-06-28 09:32:57.821498983,99976,239,99969,239,100018,335,99962,235,100027,235,99961,235,100029,100,99960,100,100035,100,99945,100,100041,200,99937,100,100079,100,99932,100,100087,100,99927,100,100088,100,99921,100,100093,100,99900,100
2019-06-28 09:33:00.000000000,99976,508,99969,508,100018,200,99962,100,100027,100,99961,100,100029,100,99960,100,100035,100,99945,100,100041,200,99937,100,100079,100,99932,100,100087,100,99927,100,100088,100,99921,100,100093,100,99900,100
2019-06-28 09:33:02.514447806,99976,508,99969,508,100018,200,99962,100,100027,100,99960,100,100029,100,99945,100,100035,100,99937,100,100041,200,99932,100,100079,100,99927,100,100087,100,99921,100,100088,100,99900,100,100093,100,99894,100
2019-06-28 09:33:10.000000000,99976,239,99969,239,100018,335,99962,235,100027,235,99960,235,100029,100,99945,100,100035,100,99937,100,100041,200,99932,100,100079,100,99927,100,100087,100,99921,100,100088,100,99900,100,100093,100,99894,100
2019-06-28 09:33:20.000000000,99976,202,99969,202,100018,302,99962,202,100027,202,99960,202,100029,202,99945,202,100035,100,99937,100,100041,200,99932,100,100079,100,99927,100,100087,100,99921,100,100088,100,99900,100,100093,100,99894,100
2019-06-28 09:33:24.780198261,99976,202,99969,202,100018,302,99962,202,100027,202,99960,202,100029,202,99945,202,100035,100,99937,100,100041,200,99932,100,100079,100,99927,100,100087,100,99921,100,100088,100,99900,100,100093,100,99894,100
2019-06-28 09:33:29.583568817,99976,202,99969,202,100018,302,99962,202,100027,202,99960,202,100029,202,99945,202,100035,100,99937,100,100041,200,99932,100,100079,100,99927,100,100087,100,99921,100,100088,100,99900,100,100095,100,99894,100
2019-06-28 09:33:30.000000000,99976,202,99969,202,100018,302,99962,202,100027,202,99960,202,100029,202,99945,202,100035,100,99937,100,100041,200,99932,100,100079,100,99927,100,100087,100,99921,100,100088,100,99900,100,100095,100,99894,100
2019-06-28 09:33:34.831336981,99976,202,99969,202,100018,302,99962,202,100027,202,99960,202,100029,202,99945,202,100035,100,99937,100,100041,200,99932,100,100079,100,99927,100,100087,100,99921,100,100088,100,99900,100,100095,100,99894,100
2019-06-28 09:33:40.000000000,99976,239,99969,239,100018,335,99962,235,100027,235,99960,235,100029,100,99945,100,100035,100,99937,100,100041,200,99932,100,100079,100,99927,100,100087,100,99921,100,100088,100,99900,100,100095,100,99894,100
2019-06-28 09:33:43.336694132,99976,239,99969,239,100018,335,99962,235,100027,235,99960,235,100029,100,99945,100,100035,100,99937,100,100041,200,99932,100,100079,100,99927,100,100087,100,99921,100,100088,100,99900,200,100095,100,99894,100
2019-06-28 09:33:44.999393825,99975,100,99969,239,99976,239,99962,235,100018,335,99960,235,100027,235,99945,100,100029,100,99937,100,100035,100,99932,100,100041,200,99927,100,100079,100,99921,100,100087,100,99900,200,100088,100,99894,100
2019-06-28 09:33:50.000000000,99975,182,99969,182,99976,182,99962,182,100018,282,99960,182,100027,182,99945,182,100029,182,99937,182,100035,100,99932,100,100041,200,99927,100,100079,100,99921,100,100087,100,99900,200,100088,100,99894,100
2019-06-28 09:34:00.000000000,99975,508,99969,508,99976,100,99962,100,100018,200,99960,100,100027,100,99945,100,100029,100,99937,100,100035,100,99932,100,100041,200,99927,100,100079,100,99921,100,100087,100,99900,200,100088,100,99894,100
2019-06-28 09:34:10.000000000,99975,239,99969,239,99976,235,99962,235,100018,335,99960,235,100027,100,99945,100,100029,100,99937,100,100035,100,99932,100,100041,200,99927,100,100079,100,99921,100,100087,100,99900,200,100088,100,99894,100
2019-06-28 09:34:20.000000000,99975,202,99969,202,99976,202,99962,202,100018,302,99960,202,100027,202,99945,202,100029,100,99937,100,100035,100,99932,100,100041,200,99927,100,100079,100,99921,100,100087,100,99900,200,100088,100,99894,100
2019-06-28 09:34:23.300306096,99975,202,99969,202,99976,202,99962,202,100018,302,99960,202,100027,202,99945,202,100029,100,99937,100,100035,100,99932,100,100041,200,99927,100,100079,100,99900,200,100087,100,99894,100,100088,100,99893,100
2019-06-28 09:34:30.000000000,99975,239,99969,239,99976,235,99962,235,100018,335,99960,235,100027,100,99945,100,100029,100,99937,100,100035,100,99932,100,100041,200,99927,100,100079,100,99900,200,100087,100,99894,100,100088,100,99893,100
2019-06-28 09:34:40.000000000,99975,239,99969,239,99976,235,99962,235,100018,335,99960,235,100027,100,99945,100,100029,100,99937,100,100035,100,99932,100,100041,200,99927,100,100079,100,99900,200,100087,100,99894,100,100088,100,99893,100
2019-06-28 09:34:50.000000000,99975,182,99969,182,99976,182,99962,182,100018,282,99960,182,100027,182,99945,182,100029,182,99937,182,100035,100,99932,100,100041,200,99927,100,100079,100,99900,200,100087,100,99894,100,100088,100,99893,100
2019-06-28 09:34:53.180085556,99975,182,99969,82,99976,182,99962,182,100018,282,99960,182,100027,182,99945,182,100029,182,99937,182,100035,100,99932,100,100041,200,99927,100,100079,100,99900,200,100087,100,99894,100,100088,100,99893,100
2019-06-28 09:35:00.000000000,99975,304,99962,304,99976,304,99960,304,100018,200,99945,100,100027,100,99937,100,100029,100,99932,100,100035,100,99927,100,100041,200,99900,200,100079,100,99894,100,100087,100,99893,100,100088,100,99873,100
2019-06-28 09:35:10.000000000,99975,508,99962,508,99976,100,99960,100,100018,200,99945,100,100027,100,99937,100,100029,100,99932,100,100035,100,99927,100,100041,200,99900,200,100079,100,99894,100,100087,100,99893,100,100088,100,99873,100
2019-06-28 09:35:10.322794290,99975,508,99962,508,99976,100,99960,100,100018,200,99945,100,100027,100,99937,100,100029,100,99932,100,100035,100,99927,100,100041,200,99900,100,100079,100,99894,100,100087,100,99893,100,100088,100,99873,100
2019-06-28 09:35:13.173337112,99975,508,99962,408,99976,100,99960,100,100018,200,99945,100,100027,100,99937,100,100029,100,99932,100,100035,100,99927,100,100041,200,99900,100,100079,100,99894,100,100087,100,99893,100,100088,100,99873,100
2019-06-28 09:35:19.638007211,99975,508,99962,308,99976,100,99960,100,100018,200,99945,100,100027,100,99937,100,100029,100,99932,100,100035,100,99927,100,100041,200,99900,100,100079,100,99894,100,100087,100,99893,100,100102,100,99873,100
2019-06-28 09:35:20.000000000,99975,304,99960,304,99976,304,99945,304,100018,200,99937,100,100027,100,99932,100,100029,100,99927,100,100035,100,99900,100,100041,200,99894,100,100079,100,99893,100,100087,100,99873,100,100102,100,99807,100
2019-06-28 09:35:29.360251775,99975,304,99960,304,99976,304,99945,304,100018,200,99937,100,100029,100,99932,100,100035,100,99927,100,100041,200,99900,100,100079,100,99894,100,100087,100,99893,100,100102,100,99873,100,100124,100,99807,100
2019-06-28 09:35:30.000000000,99975,304,99960,304,99976,304,99945,304,100018,200,99937,100,100029,100,99932,100,100035,100,99927,100,100041,200,99900,100,100079,100,99894,100,100087,100,99893,100,100102,100,99873,100,100124,100,99807,100
2019-06-28 09:35:40.000000000,99975,239,99960,239,99976,235,99945,235,100018,335,99937,235,100029,100,99932,100,100035,100,99927,100,100041,200,99900,100,100079,100,99894,100,100087,100,99893,100,100102,100,99873,100,100124,100,99807,100
2019-06-28 09:35:43.064858106,99975,239,99960,139,99976,235,99945,235,100018,335,99937,235,100029,100,99932,100,100035,100,99927,100,100041,200,99900,100,100079,100,99894,100,100087,100,99893,100,100102,100,99873,100,100124,100,99807,100
2019-06-28 09:35:45.949885406,99975,239,99960,139,99976,235,99945,235,100018,335,99937,235,100029,100,99932,100,100035,100,99927,100,100041,200,99900,100,100079,100,99894,100,100087,100,99893,100,100102,100,99873,100,100124,100,99807,100
2019-06-28 09:35:50.000000000,99975,508,99945,508,99976,100,99937,100,100018,200,99932,100,100029,100,99927,100,100035,100,99900,100,100041,200,99894,100,100079,100,99893,100,100087,100,99873,100,100102,100,99807,100,100124,100,99804,100
2019-06-28 09:36:00.000000000,99975,304,99945,304,99976,304,99937,304,100018,200,99932,100,100029,100,99927,100,100035,100,99900,100,100041,200,99894,100,100079,100,99893,100,100087,100,99873,100,100102,100,99807,100,100124,100,99804,100
2019-06-28 09:36:10.000000000,99975,182,99945,182,99976,182,99937,182,100018,282,99932,182,100029,182,99927,182,100035,182,99900,182,100041,200,99894,100,100079,100,99893,100,100087,100,99873,100,100102,100,99807,100,100124,100,99804,100
2019-06-28 09:36:10.399752822,99975,182,99945,182,99976,182,99937,182,100018,282,99932,182,100029,182,99927,182,100035,182,99900,182,100041,200,99894,100,100079,100,99893,100,100087,100,99873,100,100102,100,99807,100,100124,100,99804,100
2019-06-28 09:36:17.431643761,99975,182,99945,182,99976,182,99937,182,100018,282,99932,182,100029,182,99927,182,100035,182,99900,182,100041,200,99894,100,100079,100,99893,100,100087,100,99873,100,100102,100,99807,100,100124,100,99804,100
2019-06-28 09:36:20.000000000,99975,508,99945,508,99976,100,99937,100,100018,200,99932,100,100029,100,99927,100,100035,100,99900,100,100041,200,99894,100,100079,100,99893,100,100087,100,99873,100,100102,100,99807,100,100124,100,99804,100
2019-06-28 09:36:30.000000000,99975,182,99945,182,99976,182,99937,182,100018,282,99932,182,100029,182,99927,182,100035,182,99900,182,100041,200,99894,100,100079,100,99893,100,100087,100,99873,100,100102,100,99807,100,100124,100,99804,100
2019-06-28 09:36:30.507585184,99975,182,99945,182,99976,182,99937,182,100018,282,99932,182,100029,182,99927,182,100035,182,99900,182,100041,200,99894,100,100087,100,99893,100,100102,100,99873,100,100124,100,99807,100,100133,100,99804,100
2019-06-28 09:36:40.000000000,99975,239,99945,239,99976,235,99937,235,100018,335,99932,235,100029,100,99927,100,100035,100,99900,100,100041,200,99894,100,100087,100,99893,100,100102,100,99873,100,100124,100,99807,100,100133,100,99804,100
2019-06-28 09:36:50.000000000,99975,202,99945,202,99976,202,99937,202,100018,302,99932,202,100029,202,99927,202,100035,100,99900,100,100041,200,99894,100,100087,100,99893,100,100102,100,99873,100,100124,100,99807,100,100133,100,99804,100
2019-06-28 09:36:57.310309610,99962,100,99945,202,99975,202,99937,202,99976,202,99932,202,100018,202,99927,202,100029,202,99900,100,100035,100,99894,100,100041,200,99893,100,100087,100,99873,100,100102,100,99807,100,100124,100,99804,100
2019-06-28 09:36:59.349643279,99962,200,99945,202,99975,102,99937,202,99976,202,99932,202,100018,202,99927,202,100029,202,99900,100,100035,100,99894,100,100041,200,99893,100,100087,100,99873,100,100102,100,99807,100,100124,100,99804,100
2019-06-28 09:37:00.000000000,99962,404,99945,304,99976,304,99937,304,100018,100,99932,100,100029,100,99927,100,100035,100,99900,100,100041,200,99894,100,100087,100,99893,100,100102,100,99873,100,100124,100,99807,100,100133,100,99804,100
2019-06-28 09:37:08.531306443,99962,404,99945,204,99976,304,99937,304,100018,100,99932,100,100029,100,99927,100,100035,100,99900,100,100041,200,99894,100,100087,100,99893,100,100102,100,99873,100,100124,100,99807,100,100133,100,99790,100
2019-06-28 09:37:10.000000000,99962,404,99937,304,99976,304,99932,304,100018,100,99927,100,100029,100,99900,100,100035,100,99894,100,100041,200,99893,100,100087,100,99873,100,100102,100,99807,100,100124,100,99790,100,100133,100,99764,100
2019-06-28 09:37:12.107294556,99962,404,99937,204,99976,304,99932,304,100018,100,99927,100,100029,100,99900,100,100035,100,99894,100,100041,200,99893,100,100087,100,99873,100,100102,100,99807,100,100124,100,99790,100,100133,100,99764,100
2019-06-28 09:37:18.377509122,99962,404,99937,104,99976,304,99932,304,100018,100,99927,100,100029,100,99900,100,100035,100,99894,100,100041,200,99893,100,100087,100,99873,100,100102,100,99807,100,100124,100,99764,100,100133,100,99754,100
2019-06-28 09:37:20.000000000,99962,339,99932,239,99976,235,99927,235,100018,235,99900,235,100029,100,99894,100,100035,100,99893,100,100041,200,99873,100,100087,100,99807,100,100102,100,99764,100,100124,100,99754,100,100133,100,99702,100
2019-06-28 09:37:21.361772405,99962,339,99932,139,99976,235,99927,235,100018,235,99900,235,100029,100,99894,100,100035,100,99893,100,100041,200,99873,100,100087,100,99807,100,100102,100,99764,100,100124,100,99754,100,100133,100,99702,100
2019-06-28 09:37:30.000000000,99962,404,99927,304,99976,304,99900,304,100018,100,99894,100,100029,100,99893,100,100035,100,99873,100,100041,200,99807,100,100087,100,99764,100,100102,100,99754,100,100124,100,99702,100,100133,100,99666,100
2019-06-28 09:37:34.432132645,99937,100,99927,304,99962,404,99900,304,99976,304,99894,100,100018,100,99893,100,100029,100,99873,100,100035,100,99807,100,100041,200,99764,100,100087,100,99754,100,100102,100,99702,100,100124,100,99666,100
2019-06-28 09:37:40.000000000,99937,508,99927,508,99962,200,99900,100,99976,100,99894,100,100018,100,99893,100,100029,100,99873,100,100035,100,99807,100,100041,200,99764,100,100087,100,99754,100,100102,100,99702,100,100124,100,99666,100
2019-06-28 09:37:50.000000000,99937,304,99927,304,99962,404,99900,304,99976,100,99894,100,100018,100,99893,100,100029,100,99873,100,100035,100,99807,100,100041,200,99764,100,100087,100,99754,100,100102,100,99702,100,100124,100,99666,100
2019-06-28 09:38:00.000000000,99937,202,99927,202,99962,302,99900,202,99976,202,99894,202,100018,202,99893,202,100029,100,99873,100,100035,100,99807,100,100041,200,99764,100,100087,100,99754,100,100102,100,99702,100,100124,100,99666,100
2019-06-28 09:38:10.000000000,99937,239,99927,239,99962,335,99900,235,99976,235,99894,235,100018,100,99893,100,100029,100,99873,100,100035,100,99807,100,100041,200,99764,100,100087,100,99754,100,100102,100,99702,100,100124,100,99666,100
2019-06-28 09:38:20.000000000,99937,508,99927,508,99962,200,99900,100,99976,100,99894,100,100018,100,99893,100,100029,100,99873,100,100035,100,99807,100,100041,200,99764,100,100087,100,99754,100,100102,100,99702,100,100124,100,99666,100
2019-06-28 09:38:30.000000000,99937,304,99927,304,99962,404,99900,304,99976,100,99894,100,100018,100,99893,100,100029,100,99873,100,100035,100,99807,100,100041,200,99764,100,100087,100,99754,100,100102,100,99702,100,100124,100,99666,100
2019-06-28 09:38:40.000000000,99937,304,99927,304,99962,404,99900,304,99976,100,99894,100,100018,100,99893,100,100029,100,99873,100,100035,100,99807,100,100041,200,99764,100,100087,100,99754,100,100102,100,99702,100,100124,100,99666,100
2019-06-28 09:38:50.000000000,99937,202,99927,202,99962,302,99900,202,99976,202,99894,202,100018,202,99893,202,100029,100,99873,100,100035,100,99807,100,100041,200,99764,100,100087,100,99754,100,100102,100,99702,100,100124,100,99666,100
2019-06-28 09:39:00.000000000,99937,304,99927,304,99962,404,99900,304,99976,100,99894,100,100018,100,99893,100,100029,100,99873,100,100035,100,99807,100,100041,200,99764,100,100087,100,99754,100,100102,100,99702,100,100124,100,99666,100
2019-06-28 09:39:03.159194687,99937,304,99927,304,99962,404,99900,304,99976,100,99894,100,100018,100,99893,100,100029,100,99873,100,100035,100,99807,100,100041,200,99764,100,100087,100,99754,100,100102,100,99702,100,100124,100,99666,100
2019-06-28 09:39:03.353000847,99937,304,99927,304,99962,404,99900,304,99976,100,99894,100,100018,100,99893,100,100029,100,99873,100,100035,100,99807,100,100041,200,99764,100,100087,100,99754,100,100102,100,99702,100,100124,100,99666,100
2019-06-28 09:39:10.000000000,99937,202,99927,202,99962,302,99900,202,99976,202,99894,202,100018,202,99893,202,100029,100,99873,100,100035,100,99807,100,100041,200,99764,100,100087,100,99754,100,100102,100,99702,100,100124,100,99666,100
2019-06-28 09:39:16.806771269,99937,202,99927,102,99962,302,99900,202,99976,202,99894,202,100018,202,99893,202,100029,100,99873,100,100035,100,99807,100,100041,200,99764,100,100087,100,99754,100,100102,100,99702,100,100124,100,99666,100
2019-06-28 09:39:20.000000000,99937,508,99900,508,99962,200,99894,100,99976,100,99893,100,100018,100,99873,100,100029,100,99807,100,100035,100,99764,100,100041,200,99754,100,100087,100,99702,100,100102,100,99666,100,100124,100,99641,100
2019-06-28 09:39:30.000000000,99937,182,99900,182,99962,282,99894,182,99976,182,99893,182,100018,182,99873,182,100029,182,99807,182,100035,100,99764,100,100041,200,99754,100,100087,100,99702,100,100102,100,99666,100,100124,100,99641,100
2019-06-28 09:39:30.229988874,99937,182,99900,82,99962,282,99894,182,99976,182,99893,82,100018,182,99873,182,100029,182,99807,182,100035,100,99764,100,100041,200,99754,100,100087,100,99702,100,100102,100,99666,100,100124,100,99641,100
2019-06-28 09:39:35.772662396,99937,82,99900,82,99962,282,99894,182,99976,182,99893,82,100018,182,99873,182,100029,182,99807,182,100035,100,99764,100,100041,200,99754,100,100087,100,99702,100,100102,100,99666,100,100124,100,99641,100
2019-06-28 09:39:40.000000000,99962,608,99894,508,99976,100,99873,100,100018,100,99807,100,100029,100,99764,100,100035,100,99754,100,100041,200,99702,100,100087,100,99666,100,100102,100,99641,100,100124,100,99588,100,100133,100,99495,100
2019-06-28 09:39:50.000000000,99962,282,99894,182,99976,182,99873,182,100018,182,99807,182,100029,182,99764,182,100035,182,99754,182,100041,200,99702,100,100087,100,99666,100,100102,100,99641,100,100124,100,99588,100,100133,100,99495,100
2019-06-28 09:40:00.000000000,99962,302,99894,202,99976,202,99873,202,100018,202,99807,202,100029,202,99764,202,100035,100,99754,100,100041,200,99702,100,100087,100,99666,100,100102,100,99641,100,100124,100,99588,100,100133,100,99495,100
2019-06-28 09:40:10.000000000,99962,302,99894,202,99976,202,99873,202,100018,202,99807,202,100029,202,99764,202,100035,100,99754,100,100041,200,99702,100,100087,100,99666,100,100102,100,99641,100,100124,100,99588,100,100133,100,99495,100
2019-06-28 09:40:20.000000000,99962,404,99894,304,99976,304,99873,304,100018,100,99807,100,100029,100,99764,100,100035,100,99754,100,100041,200,99702,100,100087,100,99666,100,100102,100,99641,100,100124,100,99588,100,100133,100,99495,100
2019-06-28 09:40:20.053352939,99927,100,99894,304,99962,404,99873,304,99976,304,99807,100,100018,100,99764,100,100029,100,99754,100,100035,100,99702,100,100041,200,99666,100,100087,100,99641,100,100102,100,99588,100,100124,100,99495,100
2019-06-28 09:40:22.983801620,99927,100,99894,204,99962,404,99873,304,99976,304,99807,100,100018,100,99764,100,100029,100,99754,100,100035,100,99702,100,100041,200,99666,100,100087,100,99641,100,100102,100,99588,100,100124,100,99495,100
2019-06-28 09:40:30.000000000,99927,202,99873,202,99962,302,99807,202,99976,202,99764,202,100018,202,99754,202,100029,100,99702,100,100035,100,99666,100,100041,200,99641,100,100087,100,99588,100,100102,100,99495,100,100124,100,99286,100
2019-06-28 09:40:40.000000000,99927,508,99873,508,99962,200,99807,100,99976,100,99764,100,100018,100,99754,100,100029,100,99702,100,100035,100,99666,100,100041,200,99641,100,100087,100,99588,100,100102,100,99495,100,100124,100,99286,100
2019-06-28 09:40:47.636298864,99927,508,99873,508,99962,200,99807,100,99976,100,99764,100,100018,100,99754,100,100029,100,99702,100,100035,100,99666,100,100041,100,99641,100,100087,100,99588,100,100102,100,99495,100,100124,100,99286,100
2019-06-28 09:40:48.445526585,99927,508,99873,408,99962,200,99807,100,99976,100,99764,100,100018,100,99754,100,100029,100,99702,100,100035,100,99666,100,100041,100,99641,100,100087,100,99588,100,100102,100,99495,100,100124,100,99286,100
2019-06-28 09:40:50.000000000,99927,202,99807,202,99962,302,99764,202,99976,202,99754,202,100018,202,99702,202,100029,100,99666,100,100035,100,99641,100,100041,100,99588,100,100087,100,99495,100,100102,100,99286,100,100124,100,99082,100
2019-06-28 09:40:52.822093151,99927,202,99807,202,99962,202,99764,202,99976,202,99754,202,100018,202,99702,202,100029,100,99666,100,100035,100,99641,100,100041,100,99588,100,100087,100,99495,100,100102,100,99286,100,100124,100,99082,100
2019-06-28 09:40:56.117255225,99927,202,99807,202,99962,202,99764,202,99976,202,99754,202,100018,202,99702,202,100029,100,99666,100,100035,100,99641,100,100041,100,99588,100,100087,100,99286,100,100102,100,99082,100,100124,100,98997,100
2019-06-28 09:40:56.219082132,99927,202,99807,102,99962,202,99764,202,99976,102,99754,202,100018,202,99702,202,100029,100,99666,100,100035,100,99641,100,100041,100,99588,100,100087,100,99286,100,100102,100,99082,100,100124,100,98997,100
2019-06-28 09:41:00.000000000,99927,239,99764,239,99962,235,99754,235,100018,235,99702,235,100029,100,99666,100,100035,100,99641,100,100041,100,99588,100,100087,100,99286,100,100102,100,99082,100,100124,100,98997,100,100133,100,98991,100
2019-06-28 09:41:10.000000000,99927,304,99764,304,99962,304,99754,304,100018,100,99702,100,100029,100,99666,100,100035,100,99641,100,100041,100,99588,100,100087,100,99286,100,100102,100,99082,100,100124,100,98997,100,100133,100,98991,100
2019-06-28 09:41:10.324739020,99873,100,99764,304,99927,304,99754,304,99962,304,99702,100,100018,100,99666,100,100029,100,99641,100,100035,100,99588,100,100041,100,99286,100,100087,100,99082,100,100102,100,98997,100,100124,100,98991,100
2019-06-28 09:41:14.097034329,99873,100,99764,204,99927,304,99754,304,99962,304,99702,100,100018,100,99666,100,100029,100,99641,100,100035,100,99588,100,100041,100,99286,100,100087,100,99082,100,100102,100,98997,100,100124,100,98977,100
2019-06-28 09:41:20.000000000,99873,182,99754,182,99927,182,99702,182,99962,182,99666,182,100018,182,99641,182,100029,182,99588,182,100035,100,99286,100,100041,100,99082,100,100087,100,98997,100,100102,100,98977,100,100124,100,98924,100
2019-06-28 09:41:24.733141481,99807,100,99754,182,99873,182,99702,182,99927,182,99666,182,99962,182,99641,182,100018,182,99588,182,100029,182,99286,100,100035,100,99082,100,100041,100,98997,100,100087,100,98977,100,100102,100,98924,100
2019-06-28 09:41:30.000000000,99807,239,99754,239,99873,235,99702,235,99927,235,99666,235,99962,100,99641,100,100018,100,99588,100,100029,100,99286,100,100035,100,99082,100,100041,100,98997,100,100087,100,98977,100,100102,100,98924,100
2019-06-28 09:41:40.000000000,99807,182,99754,182,99873,182,99702,182,99927,182,99666,182,99962,182,99641,182,100018,182,99588,182,100029,100,99286,100,100035,100,99082,100,100041,100,98997,100,100087,100,98977,100,100102,100,98924,100
2019-06-28 09:41:42.823980991,99807,182,99754,182,99873,182,99702,182,99927,182,99666,182,99962,182,99641,82,100018,182,99588,182,100029,100,99286,100,100035,100,99082,100,100041,100,98997,100,100087,100,98977,100,100102,100,98924,100
2019-06-28 09:41:50.000000000,99807,304,99754,304,99873,304,99702,304,99927,100,99666,100,99962,100,99588,100,100018,100,99286,100,100029,100,99082,100,100035,100,98997,100,100041,100,98977,100,100087,100,98924,100,100102,100,98660,100
2019-06-28 09:42:00.000000000,99807,304,99754,304,99873,304,99702,304,99927,100,99666,100,99962,100,99588,100,100018,100,99286,100,100029,100,99082,100,100035,100,98997,100,100041,100,98977,100,100087,100,98924,100,100102,100,98660,100
2019-06-28 09:42:06.496643137,99807,304,99754,304,99873,304,99702,304,99927,100,99666,100,99962,100,99588,100,100018,100,99286,100,100029,100,99233,100,100035,100,99082,100,100041,100,98997,100,100087,100,98977,100,100102,100,98924,100
2019-06-28 09:42:10.000000000,99807,202,99754,202,99873,202,99702,202,99927,202,99666,202,99962,202,99588,202,100018,100,99286,100,100029,100,99233,100,100035,100,99082,100,100041,100,98997,100,100087,100,98977,100,100102,100,98924,100
2019-06-28 09:42:20.000000000,99807,202,99754,202,99873,202,99702,202,99927,202,99666,202,99962,202,99588,202,100018,100,99286,100,100029,100,99233,100,100035,100,99082,100,100041,100,98997,100,100087,100,98977,100,100102,100,98924,100
2019-06-28 09:42:27.608825161,99807,202,99754,202,99873,202,99702,202,99927,202,99666,202,99962,202,99588,202,100018,100,99286,100,100029,100,99233,100,100035,100,99082,100,100041,100,99076,100,100087,100,98997,100,100102,100,98977,100
2019-06-28 09:42:30.000000000,99807,304,99754,304,99873,304,99702,304,99927,100,99666,100,99962,100,99588,100,100018,100,99286,100,100029,100,99233,100,100035,100,99082,100,100041,100,99076,100,100087,100,98997,100,100102,100,98977,100
2019-06-28 09:42:31.827390716,99807,304,99754,304,99873,304,99702,304,99927,100,99666,100,99962,100,99588,100,100018,100,99286,100,100029,100,99233,100,100035,100,99194,100,100041,100,99082,100,100087,100,99076,100,100102,100,98997,100
2019-06-28 09:42:40.000000000,99807,304,99754,304,99873,304,99702,304,99927,100,99666,100,99962,100,99588,100,100018,100,99286,100,100029,100,99233,100,100035,100,99194,100,100041,100,99082,100,100087,100,99076,100,100102,100,98997,100
2019-06-28 09:42:46.639241435,99807,404,99754,304,99873,304,99702,304,99927,100,99666,100,99962,100,99588,100,100018,100,99286,100,100029,100,99233,100,100035,100,99194,100,100041,100,99082,100,100087,100,99076,100,100102,100,98997,100
2019-06-28 09:42:50.000000000,99807,608,99754,508,99873,100,99702,100,99927,100,99666,100,99962,100,99588,100,100018,100,99286,100,100029,100,99233,100,100035,100,99194,100,100041,100,99082,100,100087,100,99076,100,100102,100,98997,100
2019-06-28 09:43:00.000000000,99807,282,99754,182,99873,182,99702,182,99927,182,99666,182,99962,182,99588,182,100018,182,99286,182,100029,100,99233,100,100035,100,99194,100,100041,100,99082,100,100087,100,99076,100,100102,100,98997,100
2019-06-28 09:43:10.000000000,99807,282,99754,182,99873,182,99702,182,99927,182,99666,182,99962,182,99588,182,100018,182,99286,182,100029,100,99233,100,100035,100,99194,100,100041,100,99082,100,100087,100,99076,100,100102,100,98997,100
2019-06-28 09:43:18.421914376,99807,282,99754,182,99873,182,99702,182,99927,182,99666,182,99962,182,99588,182,100018,182,99351,100,100029,100,99286,182,100035,100,99233,100,100041,100,99194,100,100087,100,99082,100,100102,100,99076,100
2019-06-28 09:43:20.000000000,99807,282,99754,182,99873,182,99702,182,99927,182,99666,182,99962,182,99588,182,100018,182,99351,182,100029,100,99286,100,100035,100,99233,100,100041,100,99194,100,100087,100,99082,100,100102,100,99076,100
2019-06-28 09:43:25.220677882,99807,382,99754,182,99873,182,99702,182,99927,182,99666,182,99962,182,99588,182,100018,182,99351,182,100029,100,99286,100,100035,100,99233,100,100041,100,99194,100,100087,100,99082,100,100102,100,99076,100
2019-06-28 09:43:30.000000000,99807,439,99754,239,99873,235,99702,235,99927,235,99666,235,99962,100,99588,100,100018,100,99351,100,100029,100,99286,100,100035,100,99233,100,100041,100,99194,100,100087,100,99082,100,100102,100,99076,100
2019-06-28 09:43:30.405396439,99807,539,99754,239,99873,235,99702,235,99927,235,99666,235,99962,100,99588,100,100018,100,99351,100,100029,100,99286,100,100035,100,99233,100,100041,100,99194,100,100087,100,99082,100,100102,100,99076,100
2019-06-28 09:43:36.424203715,99807,539,99754,239,99873,235,99702,235,99927,235,99666,235,99962,100,99588,100,100018,100,99351,100,100029,100,99286,100,100035,100,99233,100,100041,100,99194,100,100087,100,99082,100,100102,100,99076,100
2019-06-28 09:43:40.000000000,99807,539,99754,239,99873,235,99702,235,99927,235,99666,235,99962,100,99588,100,100018,100,99351,100,100029,100,99286,100,100035,100,99233,100,100041,100,99194,100,100087,100,99082,100,100102,100,99076,100
2019-06-28 09:43:50.000000000,99807,539,99754,239,99873,235,99702,235,99927,235,99666,235,99962,100,99588,100,100018,100,99351,100,100029,100,99286,100,100035,100,99233,100,100041,100,99194,100,100087,100,99082,100,100102,100,99076,100
2019-06-28 09:43:50.712129691,99807,539,99754,139,99873,235,99702,235,99927,235,99666,235,99962,100,99588,100,100018,100,99351,100,100029,100,99286,100,100035,100,99233,100,100041,100,99194,100,100087,100,99082,100,100124,100,99076,100
2019-06-28 09:44:00.000000000,99807,502,99702,202,99873,202,99666,202,99927,202,99588,202,99962,202,99351,202,100018,100,99286,100,100029,100,99233,100,100035,100,99194,100,100041,100,99082,100,100087,100,99076,100,100124,100,98997,100
2019-06-28 09:44:02.198224125,99807,502,99702,202,99873,102,99666,202,99927,202,99588,202,99962,202,99351,202,100018,100,99286,100,100029,100,99233,100,100035,100,99194,100,100041,100,99082,100,100087,100,99076,100,100124,100,98997,100
2019-06-28 09:44:03.395926397,99764,100,99702,202,99807,502,99666,202,99873,102,99588,202,99927,202,99351,202,99962,202,99286,100,100029,100,99233,100,100035,100,99194,100,100041,100,99082,100,100087,100,99076,100,100124,100,98997,100
2019-06-28 09:44:10.000000000,99764,239,99702,239,99807,535,99666,235,99927,235,99588,235,99962,100,99351,100,100029,100,99286,100,100035,100,99233,100,100041,100,99194,100,100087,100,99082,100,100124,100,99076,100,100166,100,98997,100
2019-06-28 09:44:11.506963458,99764,239,99702,139,99807,535,99666,235,99927,235,99588,235,99962,100,99351,100,100029,100,99286,100,100035,100,99233,100,100041,100,99194,100,100124,100,99082,100,100166,100,99076,100,100530,100,98997,100
2019-06-28 09:44:20.000000000,99764,202,99666,202,99807,502,99588,202,99927,202,99351,202,99962,202,99286,202,100029,100,99233,100,100035,100,99194,100,100041,100,99082,100,100124,100,99076,100,100166,100,98997,100,100530,100,98977,100
2019-06-28 09:44:30.000000000,99764,239,99666,239,99807,535,99588,235,99927,235,99351,235,99962,100,99286,100,100029,100,99233,100,100035,100,99194,100,100041,100,99082,100,100124,100,99076,100,100166,100,98997,100,100530,100,98977,100
2019-06-28 09:44:40.000000000,99764,202,99666,202,99807,502,99588,202,99927,202,99351,202,99962,202,99286,202,100029,100,99233,100,100035,100,99194,100,100041,100,99082,100,100124,100,99076,100,100166,100,98997,100,100530,100,98977,100
2019-06-28 09:44:50.000000000,99764,182,99666,182,99807,482,99588,182,99927,182,99351,182,99962,182,99286,182,100029,182,99233,182,100035,100,99194,100,100041,100,99082,100,100124,100,99076,100,100166,100,98997,100,100530,100,98977,100
2019-06-28 09:45:00.000000000,99764,508,99666,508,99807,400,99588,100,99927,100,99351,100,99962,100,99286,100,100029,100,99233,100,100035,100,99194,100,100041,100,99082,100,100124,100,99076,100,100166,100,98997,100,100530,100,98977,100
2019-06-28 09:45:10.000000000,99764,508,99666,508,99807,400,99588,100,99927,100,99351,100,99962,100,99286,100,100029,100,99233,100,100035,100,99194,100,100041,100,99082,100,100124,100,99076,100,100166,100,98997,100,100530,100,98977,100
2019-06-28 09:45:20.000000000,99764,239,99666,239,99807,535,99588,235,99927,235,99351,235,99962,100,99286,100,100029,100,99233,100,100035,100,99194,100,100041,100,99082,100,100124,100,99076,100,100166,100,98997,100,100530,100,98977,100
2019-06-28 09:45:25.303627399,99764,239,99666,239,99807,535,99588,235,99843,100,99351,235,99927,235,99286,100,99962,100,99233,100,100029,100,99194,100,100035,100,99076,100,100041,100,98997,100,100124,100,98977,100,100166,100,98924,100
2019-06-28 09:45:30.000000000,99764,202,99666,202,99807,502,99588,202,99843,202,99351,202,99927,202,99286,202,99962,100,99233,100,100029,100,99194,100,100035,100,99076,100,100041,100,98997,100,100124,100,98977,100,100166,100,98924,100
2019-06-28 09:45:40.000000000,99764,239,99666,239,99807,535,99588,235,99843,235,99351,235,99927,100,99286,100,99962,100,99233,100,100029,100,99194,100,100035,100,99076,100,100041,100,98997,100,100124,100,98977,100,100166,100,98924,100
2019-06-28 09:45:50.000000000,99764,508,99666,508,99807,400,99588,100,99843,100,99351,100,99927,100,99286,100,99962,100,99233,100,100029,100,99194,100,100035,100,99076,100,100041,100,98997,100,100124,100,98977,100,100166,100,98924,100
2019-06-28 09:45:50.532487611,99764,408,99666,508,99807,400,99588,100,99843,100,99351,100,99927,100,99286,100,99962,100,99233,100,100029,100,99194,100,100035,100,99076,100,100041,100,98997,100,100124,100,98977,100,100166,100,98924,100
2019-06-28 09:45:54.643864608,99741,100,99666,508,99764,408,99588,100,99807,400,99351,100,99843,100,99286,100,99927,100,99233,100,99962,100,99194,100,100029,100,99076,100,100035,100,98997,100,100041,100,98977,100,100124,100,98924,100
2019-06-28 09:45:57.707416989,99741,100,99666,508,99764,408,99588,100,99807,400,99351,100,99843,100,99286,100,99874,100,99233,100,99927,100,99194,100,99962,100,99076,100,100029,100,98997,100,100035,100,98977,100,100041,100,98924,100
2019-06-28 09:46:00.000000000,99741,239,99666,239,99807,535,99588,235,99843,235,99351,235,99874,100,99286,100,99927,100,99233,100,99962,100,99194,100,100029,100,99076,100,100035,100,98997,100,100041,100,98977,100,100124,100,98924,100
2019-06-28 09:46:10.000000000,99741,508,99666,508,99807,400,99588,100,99843,100,99351,100,99874,100,99286,100,99927,100,99233,100,99962,100,99194,100,100029,100,99076,100,100035,100,98997,100,100041,100,98977,100,100124,100,98924,100
2019-06-28 09:46:16.276019056,99741,508,99666,508,99807,400,99588,100,99843,100,99436,100,99874,100,99351,100,99927,100,99286,100,99962,100,99233,100,100029,100,99194,100,100035,100,99076,100,100041,100,98997,100,100124,100,98977,100
2019-06-28 09:46:20.000000000,99741,239,99666,239,99807,535,99588,235,99843,235,99436,235,99874,100,99351,100,99927,100,99286,100,99962,100,99233,100,100029,100,99194,100,100035,100,99076,100,100041,100,98997,100,100124,100,98977,100
2019-06-28 09:46:30.000000000,99741,508,99666,508,99807,400,99588,100,99843,100,99436,100,99874,100,99351,100,99927,100,99286,100,99962,100,99233,100,100029,100,99194,100,100035,100,99076,100,100041,100,98997,100,100124,100,98977,100
2019-06-28 09:46:40.000000000,99741,182,99666,182,99807,482,99588,182,99843,182,99436,182,99874,182,99351,182,99927,182,99286,182,99962,100,99233,100,100029,100,99194,100,100035,100,99076,100,100041,100,98997,100,100124,100,98977,100
2019-06-28 09:46:50.000000000,99741,239,99666,239,99807,535,99588,235,99843,235,99436,235,99874,100,99351,100,99927,100,99286,100,99962,100,99233,100,100029,100,99194,100,100035,100,99076,100,100041,100,98997,100,100124,100,98977,100
2019-06-28 09:47:00.000000000,99741,202,99666,202,99807,502,99588,202,99843,202,99436,202,99874,202,99351,202,99927,100,99286,100,99962,100,99233,100,100029,100,99194,100,100035,100,99076,100,100041,100,98997,100,100124,100,98977,100
2019-06-28 09:47:09.925960571,99741,102,99666,202,99807,502,99588,202,99843,202,99436,202,99874,202,99351,202,99927,100,99286,100,99962,100,99233,100,100029,100,99194,100,100035,100,99076,100,100041,100,98997,100,100124,100,98977,100
2019-06-28 09:47:10.000000000,99807,808,99666,508,99843,100,99588,100,99874,100,99436,100,99927,100,99351,100,99962,100,99286,100,100029,100,99233,100,100035,100,99194,100,100041,100,99076,100,100124,100,98997,100,100166,100,98977,100
2019-06-28 09:47:10.712209636,99807,808,99666,508,99843,100,99588,100,99874,100,99436,100,99927,100,99351,100,99962,100,99286,100,100029,100,99194,100,100035,100,99076,100,100041,100,98997,100,100095,100,98977,100,100124,100,98924,100
2019-06-28 09:47:15.200800854,99807,708,99666,508,99843,100,99588,100,99874,100,99436,100,99927,100,99351,100,99962,100,99286,100,100029,100,99194,100,100035,100,99076,100,100041,100,98997,100,100095,100,98977,100,100124,100,98924,100
2019-06-28 09:47:20.000000000,99807,439,99666,239,99843,235,99588,235,99874,235,99436,235,99927,100,99351,100,99962,100,99286,100,100029,100,99194,100,100035,100,99076,100,100041,100,98997,100,100095,100,98977,100,100124,100,98924,100
2019-06-28 09:47:21.810870359,99806,100,99666,239,99807,439,99588,235,99843,235,99436,235,99874,235,99351,100,99927,100,99286,100,99962,100,99194,100,100029,100,99076,100,100035,100,98997,100,100041,100,98977,100,100095,100,98924,100
2019-06-28 09:47:30.000000000,99806,239,99666,239,99807,435,99588,235,99843,235,99436,235,99874,100,99351,100,99927,100,99286,100,99962,100,99194,100,100029,100,99076,100,100035,100,98997,100,100041,100,98977,100,100095,100,98924,100
2019-06-28 09:47:32.182632671,99806,139,99666,239,99807,435,99588,235,99843,235,99436,235,99874,100,99351,100,99927,100,99286,100,99962,100,99194,100,100029,100,99076,100,100035,100,98997,100,100041,100,98977,100,100095,100,98924,100
2019-06-28 09:47:40.000000000,99807,382,99666,182,99843,182,99588,182,99874,182,99436,182,99927,182,99351,182,99962,182,99286,182,100029,100,99194,100,100035,100,99076,100,100041,100,98997,100,100095,100,98977,100,100124,100,98924,100
2019-06-28 09:47:50.000000000,99807,439,99666,239,99843,235,99588,235,99874,235,99436,235,99927,100,99351,100,99962,100,99286,100,100029,100,99194,100,100035,100,99076,100,100041,100,98997,100,100095,100,98977,100,100124,100,98924,100
2019-06-28 09:47:51.843655344,99805,100,99666,239,99807,439,99588,235,99843,235,99436,235,99874,235,99351,100,99927,100,99286,100,99962,100,99194,100,100029,100,99076,100,100035,100,98997,100,100041,100,98977,100,100095,100,98924,100
2019-06-28 09:48:00.000000000,99805,202,99666,202,99807,402,99588,202,99843,202,99436,202,99874,202,99351,202,99927,100,99286,100,99962,100,99194,100,100029,100,99076,100,100035,100,98997,100,100041,100,98977,100,100095,100,98924,100
2019-06-28 09:48:01.934669168,99805,202,99666,202,99807,302,99588,202,99843,202,99436,202,99874,202,99351,202,99927,100,99286,100,99962,100,99194,100,100029,100,99076,100,100035,100,98997,100,100041,100,98977,100,100095,100,98924,100
2019-06-28 09:48:08.210831845,99805,202,99666,202,99807,302,99588,202,99843,202,99436,202,99874,202,99351,202,99901,100,99286,100,99927,100,99194,100,99962,100,99076,100,100029,100,98997,100,100035,100,98977,100,100041,100,98924,100
2019-06-28 09:48:10.000000000,99805,202,99666,202,99807,302,99588,202,99843,202,99436,202,99874,202,99351,202,99901,100,99286,100,99927,100,99194,100,99962,100,99076,100,100029,100,98997,100,100035,100,98977,100,100041,100,98924,100
2019-06-28 09:48:20.000000000,99805,202,99666,202,99807,302,99588,202,99843,202,99436,202,99874,202,99351,202,99901,100,99286,100,99927,100,99194,100,99962,100,99076,100,100029,100,98997,100,100035,100,98977,100,100041,100,98924,100
2019-06-28 09:48:30.000000000,99805,182,99666,182,99807,282,99588,182,99843,182,99436,182,99874,182,99351,182,99901,182,99286,182,99927,100,99194,100,99962,100,99076,100,100029,100,98997,100,100035,100,98977,100,100041,100,98924,100
2019-06-28 09:48:34.654989512,99805,182,99666,182,99807,282,99660,100,99843,182,99588,182,99874,182,99436,182,99901,182,99351,182,99927,100,99286,182,99962,100,99194,100,100029,100,99076,100,100035,100,98997,100,100041,100,98977,100
2019-06-28 09:48:40.000000000,99805,239,99666,239,99807,335,99660,235,99843,235,99588,235,99874,100,99436,100,99901,100,99351,100,99927,100,99286,100,99962,100,99194,100,100029,100,99076,100,100035,100,98997,100,100041,100,98977,100
2019-06-28 09:48:50.000000000,99805,508,99666,508,99807,200,99660,100,99843,100,99588,100,99874,100,99436,100,99901,100,99351,100,99927,100,99286,100,99962,100,99194,100,100029,100,99076,100,100035,100,98997,100,100041,100,98977,100
2019-06-28 09:49:00.000000000,99805,202,99666,202,99807,302,99660,202,99843,202,99588,202,99874,202,99436,202,99901,100,99351,100,99927,100,99286,100,99962,100,99194,100,100029,100,99076,100,100035,100,98997,100,100041,100,98977,100
2019-06-28 09:49:01.539804120,99805,202,99666,202,99807,302,99660,202,99833,100,99588,202,99843,202,99436,202,99874,202,99351,100,99901,100,99286,100,99927,100,99194,100,99962,100,99076,100,100029,100,98997,100,100035,100,98977,100
2019-06-28 09:49:10.000000000,99805,508,99666,508,99807,200,99660,100,99833,100,99588,100,99843,100,99436,100,99874,100,99351,100,99901,100,99286,100,99927,100,99194,100,99962,100,99076,100,100029,100,98997,100,100035,100,98977,100
2019-06-28 09:49:13.406358259,99805,508,99666,508,99807,200,99660,100,99833,100,99588,100,99843,100,99436,100,99874,100,99351,100,99901,100,99286,100,99927,100,99194,100,99962,100,99076,100,100029,100,98997,100,100035,100,98977,100
2019-06-28 09:49:20.000000000,99805,202,99666,202,99807,302,99660,202,99833,202,99588,202,99843,202,99436,202,99874,100,99351,100,99901,100,99286,100,99927,100,99194,100,99962,100,99076,100,100029,100,98997,100,100035,100,98977,100
2019-06-28 09:49:30.000000000,99805,202,99666,202,99807,302,99660,202,99833,202,99588,202,99843,202,99436,202,99874,100,99351,100,99901,100,99286,100,99927,100,99194,100,99962,100,99076,100,100029,100,98997,100,100035,100,98977,100
2019-06-28 09:49:40.000000000,99805,304,99666,304,99807,404,99660,304,99833,100,99588,100,99843,100,99436,100,99874,100,99351,100,99901,100,99286,100,99927,100,99194,100,99962,100,99076,100,100029,100,98997,100,100035,100,98977,100
2019-06-28 09:49:50.000000000,99805,182,99666,182,99807,282,99660,182,99833,182,99588,182,99843,182,99436,182,99874,182,99351,182,99901,100,99286,100,99927,100,99194,100,99962,100,99076,100,100029,100,98997,100,100035,100,98977,100
2019-06-28 09:49:51.347895555,99805,182,99666,82,99807,282,99660,182,99833,182,99588,182,99843,182,99436,182,99874,182,99351,182,99901,100,99286,100,99927,100,99194,100,99962,100,99076,100,100029,100,98997,100,100035,100,98977,100
2019-06-28 09:50:00.000000000,99805,508,99660,508,99807,200,99588,100,99833,100,99436,100,99843,100,99351,100,99874,100,99286,100,99901,100,99194,100,99927,100,99076,100,99962,100,98997,100,100029,100,98977,100,100035,100,98924,100
2019-06-28 09:50:04.019455526,99805,508,99745,100,99807,200,99660,508,99833,100,99588,100,99843,100,99436,100,99874,100,99351,100,99901,100,99286,100,99927,100,99194,100,99962,100,99076,100,100029,100,98997,100,100035,100,98977,100
2019-06-28 09:50:10.000000000,99805,202,99745,202,99807,302,99660,202,99833,202,99588,202,99843,202,99436,202,99874,100,99351,100,99901,100,99286,100,99927,100,99194,100,99962,100,99076,100,100029,100,98997,100,100035,100,98977,100
2019-06-28 09:50:15.085178651,99805,202,99745,202,99807,302,99660,202,99833,202,99588,202,99843,202,99436,202,99874,100,99351,100,99901,100,99286,100,99927,100,99194,100,99962,100,99076,100,100006,100,98997,100,100029,100,98977,100
2019-06-28 09:50:20.000000000,99805,304,99745,304,99807,404,99660,304,99833,100,99588,100,99843,100,99436,100,99874,100,99351,100,99901,100,99286,100,99927,100,99194,100,99962,100,99076,100,100006,100,98997,100,100029,100,98977,100
2019-06-28 09:50:26.301133764,99805,204,99745,304,99807,404,99660,304,99833,100,99588,100,99843,100,99436,100,99874,100,99351,100,99901,100,99286,100,99927,100,99194,100,99962,100,99076,100,100006,100,98997,100,100029,100,98977,100
2019-06-28 09:50:30.000000000,99807,339,99745,239,99833,235,99660,235,99843,235,99588,235,99874,100,99436,100,99901,100,99351,100,99927,100,99286,100,99962,100,99194,100,100006,100,99076,100,100029,100,98997,100,100035,100,98977,100
2019-06-28 09:50:35.800272223,99807,339,99745,239,99809,100,99660,235,99833,235,99588,235,99843,235,99436,100,99874,100,99351,100,99901,100,99286,100,99927,100,99194,100,99962,100,99076,100,100006,100,98997,100,100029,100,98977,100
2019-06-28 09:50:40.000000000,99807,404,99745,304,99809,304,99660,304,99833,100,99588,100,99843,100,99436,100,99874,100,99351,100,99901,100,99286,100,99927,100,99194,100,99962,100,99076,100,100006,100,98997,100,100029,100,98977,100
2019-06-28 09:50:47.859173528,99807,404,99746,100,99809,304,99745,304,99833,100,99660,304,99843,100,99588,100,99874,100,99436,100,99901,100,99351,100,99927,100,99286,100,99962,100,99194,100,100006,100,99076,100,100029,100,98997,100
2019-06-28 09:50:50.000000000,99807,282,99746,182,99809,182,99745,182,99833,182,99660,182,99843,182,99588,182,99874,182,99436,182,99901,100,99351,100,99927,100,99286,100,99962,100,99194,100,100006,100,99076,100,100029,100,98997,100
2019-06-28 09:51:00.000000000,99807,339,99746,239,99809,235,99745,235,99833,235,99660,235,99843,100,99588,100,99874,100,99436,100,99901,100,99351,100,99927,100,99286,100,99962,100,99194,100,100006,100,99076,100,100029,100,98997,100
2019-06-28 09:51:00.278055322,99807,339,99746,139,99809,235,99745,235,99833,235,99660,235,99843,100,99588,100,99874,100,99436,100,99901,100,99351,100,99927,100,99286,100,99962,100,99194,100,100006,100,99076,100,100029,100,98997,100
2019-06-28 09:51:10.000000000,99807,404,99745,304,99809,304,99660,304,99833,100,99588,100,99843,100,99436,100,99874,100,99351,100,99901,100,99286,100,99927,100,99194,100,99962,100,99076,100,100006,100,98997,100,100029,100,98977,100
2019-06-28 09:51:10.090925329,99807,404,99745,304,99809,304,99660,304,99833,100,99588,100,99843,100,99570,100,99874,100,99436,100,99901,100,99351,100,99927,100,99286,100,99962,100,99194,100,100006,100,99076,100,100029,100,98997,100
2019-06-28 09:51:17.579113303,99807,404,99745,204,99809,304,99660,304,99833,100,99588,100,99843,100,99570,100,99874,100,99436,100,99901,100,99351,100,99927,100,99286,100,99962,100,99194,100,100006,100,99076,100,100029,100,98977,100
2019-06-28 09:51:20.000000000,99807,282,99660,182,99809,182,99588,182,99833,182,99570,182,99843,182,99436,182,99874,182,99351,182,99901,100,99286,100,99927,100,99194,100,99962,100,99076,100,100006,100,98977,100,100029,100,98924,100
2019-06-28 09:51:28.697030383,99746,100,99660,182,99807,282,99588,182,99809,182,99570,182,99833,182,99436,182,99843,182,99351,182,99874,182,99286,100,99901,100,99194,100,99927,100,99076,100,99962,100,98977,100,100006,100,98924,100
2019-06-28 09:51:30.000000000,99746,202,99660,202,99807,302,99588,202,99809,202,99570,202,99833,202,99436,202,99843,100,99351,100,99874,100,99286,100,99901,100,99194,100,99927,100,99076,100,99962,100,98977,100,100006,100,98924,100
2019-06-28 09:51:40.000000000,99746,304,99660,304,99807,404,99588,304,99809,100,99570,100,99833,100,99436,100,99843,100,99351,100,99874,100,99286,100,99901,100,99194,100,99927,100,99076,100,99962,100,98977,100,100006,100,98924,100
2019-06-28 09:51:44.382510593,99746,304,99660,304,99807,404,99588,204,99809,100,99570,100,99833,100,99436,100,99843,100,99399,100,99874,100,99351,100,99901,100,99286,100,99927,100,99194,100,99962,100,99076,100,100006,100,98977,100
2019-06-28 09:51:50.000000000,99746,508,99660,508,99807,200,99570,100,99809,100,99436,100,99833,100,99399,100,99843,100,99351,100,99874,100,99286,100,99901,100,99194,100,99927,100,99076,100,99962,100,98977,100,100006,100,98924,100
2019-06-28 09:51:53.622323824,99746,508,99660,508,99807,200,99570,100,99809,100,99436,100,99833,100,99399,200,99843,100,99351,100,99874,100,99286,100,99927,100,99194,100,99962,100,99076,100,100006,100,98977,100,100029,100,98924,100
2019-06-28 09:51:53.980656221,99746,508,99660,408,99807,200,99570,100,99809,100,99436,100,99833,100,99399,200,99843,100,99351,100,99874,100,99286,100,99927,100,99194,100,99962,100,99076,100,100006,100,98977,100,100029,100,98924,100
2019-06-28 09:52:00.000000000,99746,239,99570,239,99807,335,99436,235,99809,235,99399,335,99833,100,99351,100,99843,100,99286,100,99874,100,99194,100,99927,100,99076,100,99962,100,98977,100,100006,100,98924,100,100029,100,98660,100
2019-06-28 09:52:10.000000000,99746,182,99570,182,99807,282,99436,182,99809,182,99399,282,99833,182,99351,182,99843,182,99286,182,99874,100,99194,100,99927,100,99076,100,99962,100,98977,100,100006,100,98924,100,100029,100,98660,100
2019-06-28 09:52:13.896675643,99745,100,99570,182,99746,182,99436,182,99807,282,99399,282,99809,182,99351,182,99833,182,99286,182,99843,182,99194,100,99874,100,99076,100,99927,100,98977,100,99962,100,98924,100,100006,100,98660,100
2019-06-28 09:52:20.000000000,99745,304,99570,304,99746,304,99436,304,99807,200,99399,200,99809,100,99351,100,99833,100,99286,100,99843,100,99194,100,99874,100,99076,100,99927,100,98977,100,99962,100,98924,100,100006,100,98660,100
2019-06-28 09:52:27.925568908,99745,304,99646,100,99746,304,99570,304,99807,200,99436,304,99809,100,99399,200,99833,100,99351,100,99843,100,99286,100,99874,100,99194,100,99927,100,99076,100,99962,100,98977,100,100006,100,98924,100
2019-06-28 09:52:30.000000000,99745,202,99646,202,99746,202,99570,202,99807,302,99436,202,99809,202,99399,302,99833,100,99351,100,99843,100,99286,100,99874,100,99194,100,99927,100,99076,100,99962,100,98977,100,100006,100,98924,100
2019-06-28 09:52:40.000000000,99745,508,99646,508,99746,100,99570,100,99807,200,99436,100,99809,100,99399,200,99833,100,99351,100,99843,100,99286,100,99874,100,99194,100,99927,100,99076,100,99962,100,98977,100,100006,100,98924,100
2019-06-28 09:52:50.000000000,99745,508,99646,508,99746,100,99570,100,99807,200,99436,100,99809,100,99399,200,99833,100,99351,100,99843,100,99286,100,99874,100,99194,100,99927,100,99076,100,99962,100,98977,100,100006,100,98924,100
2019-06-28 09:52:59.156231431,99745,508,99646,308,99746,100,99570,100,99807,200,99436,100,99809,100,99399,200,99833,100,99351,100,99843,100,99286,100,99874,100,99194,100,99927,100,99076,100,99962,100,98977,100,100006,100,98924,100
2019-06-28 09:53:00.000000000,99745,182,99570,182,99746,182,99436,182,99807,282,99399,282,99809,182,99351,182,99833,182,99286,182,99843,100,99194,100,99874,100,99076,100,99927,100,98977,100,99962,100,98924,100,100006,100,98660,100
2019-06-28 09:53:10.000000000,99745,304,99570,304,99746,304,99436,304,99807,200,99399,200,99809,100,99351,100,99833,100,99286,100,99843,100,99194,100,99874,100,99076,100,99927,100,98977,100,99962,100,98924,100,100006,100,98660,100
2019-06-28 09:53:20.000000000,99745,202,99570,202,99746,202,99436,202,99807,302,99399,302,99809,202,99351,202,99833,100,99286,100,99843,100,99194,100,99874,100,99076,100,99927,100,98977,100,99962,100,98924,100,100006,100,98660,100
2019-06-28 09:53:30.000000000,99745,508,99570,508,99746,100,99436,100,99807,200,99399,200,99809,100,99351,100,99833,100,99286,100,99843,100,99194,100,99874,100,99076,100,99927,100,98977,100,99962,100,98924,100,100006,100,98660,100
2019-06-28 09:53:38.035421076,99745,508,99570,408,99746,100,99436,100,99807,200,99399,200,99809,100,99351,100,99833,100,99286,100,99843,100,99194,100,99874,100,99076,100,99927,100,98977,100,99962,100,98924,100,100006,100,98660,100
2019-06-28 09:53:40.000000000,99745,239,99436,239,99746,235,99399,335,99807,335,99351,235,99809,100,99286,100,99833,100,99194,100,99843,100,99076,100,99874,100,98977,100,99927,100,98924,100,99962,100,98660,100,100006,100,,
2019-06-28 09:53:47.245975797,99604,100,99436,239,99745,239,99399,335,99746,235,99351,135,99807,335,99286,100,99809,100,99194,100,99833,100,99076,100,99843,100,98977,100,99874,100,98924,100,99927,100,98660,100,99962,100,,
2019-06-28 09:53:50.000000000,99604,508,99436,508,99745,100,99399,200,99746,100,99286,100,99807,200,99194,100,99809,100,99076,100,99833,100,98977,100,99843,100,98924,100,99874,100,98660,100,99927,100,,,99962,100,,
2019-06-28 09:53:54.597756891,99534,100,99436,508,99604,508,99399,200,99745,100,99286,100,99746,100,99194,100,99807,200,99076,100,99809,100,98977,100,99833,100,98924,100,99843,100,98660,100,99874,100,,,99927,100,,
2019-06-28 09:54:00.000000000,99534,508,99436,508,99604,100,99399,200,99745,100,99286,100,99746,100,99194,100,99807,200,99076,100,99809,100,98977,100,99833,100,98924,100,99843,100,98660,100,99874,100,,,99927,100,,
2019-06-28 09:54:01.675698177,99534,508,99436,508,99604,100,99399,200,99734,100,99286,100,99745,100,99194,100,99746,100,99076,100,99807,200,98977,100,99809,100,98924,100,99833,100,98660,100,99843,100,,,99874,100,,
2019-06-28 09:54:06.979300248,99534,508,99436,508,99604,100,99431,100,99734,100,99399,200,99745,100,99286,100,99746,100,99194,100,99807,200,99076,100,99809,100,98977,100,99833,100,98924,100,99843,100,98660,100,99874,100,,
2019-06-28 09:54:10.000000000,99534,182,99436,182,99604,182,99431,182,99734,182,99399,282,99745,182,99286,182,99746,182,99194,182,99807,200,99076,100,99809,100,98977,100,99833,100,98924,100,99843,100,98660,100,99874,100,,
2019-06-28 09:54:13.446268199,99534,182,99436,182,99604,182,99431,182,99646,100,99399,282,99734,182,99286,182,99745,182,99194,182,99746,182,99076,100,99807,200,98977,100,99809,100,98924,100,99833,100,98660,100,99843,100,,
2019-06-28 09:54:20.000000000,99534,239,99436,239,99604,235,99431,235,99646,235,99399,335,99734,100,99286,100,99745,100,99194,100,99746,100,99076,100,99807,200,98977,100,99809,100,98924,100,99833,100,98660,100,99843,100,,
2019-06-28 09:54:20.803558097,99534,239,99436,239,99604,235,99431,235,99646,235,99399,335,99734,100,99363,100,99745,100,99286,100,99746,100,99194,100,99807,200,99076,100,99809,100,98977,100,99833,100,98924,100,99843,100,98660,100
2019-06-28 09:54:23.695995573,99534,239,99436,239,99604,235,99431,235,99646,235,99399,335,99734,100,99363,100,99745,100,99286,100,99746,100,99194,100,99807,200,99076,100,99809,100,98977,100,99833,100,98924,100,99843,100,98660,100
2019-06-28 09:54:30.000000000,99534,182,99436,182,99604,182,99431,182,99646,182,99399,282,99734,182,99363,182,99745,182,99286,182,99746,100,99194,100,99807,200,99076,100,99809,100,98977,100,99833,100,98924,100,99843,100,98660,100
2019-06-28 09:54:40.000000000,99534,239,99436,239,99604,235,99431,235,99646,235,99399,335,99734,100,99363,100,99745,100,99286,100,99746,100,99194,100,99807,200,99076,100,99809,100,98977,100,99833,100,98924,100,99843,100,98660,100
2019-06-28 09:54:46.010686510,99534,239,99436,239,99604,235,99431,235,99646,235,99416,100,99734,100,99399,335,99745,100,99363,100,99746,100,99286,100,99807,200,99194,100,99809,100,99076,100,99833,100,98977,100,99843,100,98924,100
2019-06-28 09:54:50.000000000,99534,304,99436,304,99604,304,99431,304,99646,100,99416,100,99734,100,99399,200,99745,100,99363,100,99746,100,99286,100,99807,200,99194,100,99809,100,99076,100,99833,100,98977,100,99843,100,98924,100
2019-06-28 09:55:00.000000000,99534,182,99436,182,99604,182,99431,182,99646,182,99416,182,99734,182,99399,282,99745,182,99363,182,99746,100,99286,100,99807,200,99194,100,99809,100,99076,100,99833,100,98977,100,99843,100,98924,100
2019-06-28 09:55:02.737199669,99534,182,99436,182,99604,182,99431,182,99646,182,99416,182,99734,182,99399,282,99745,182,99363,182,99746,100,99286,100,99807,200,99194,100,99809,100,99076,100,99833,100,98977,100,99843,100,98924,100
2019-06-28 09:55:07.272099627,99534,82,99436,182,99604,182,99431,182,99646,182,99416,182,99734,182,99399,282,99745,182,99363,182,99746,100,99286,100,99807,200,99194,100,99809,100,99076,100,99833,100,98977,100,99843,100,98924,100
2019-06-28 09:55:10.000000000,99604,508,99436,508,99646,100,99431,100,99734,100,99416,100,99745,100,99399,200,99746,100,99363,100,99807,200,99286,100,99809,100,99194,100,99833,100,99076,100,99843,100,98977,100,100006,100,98924,100
2019-06-28 09:55:10.996461783,99604,508,99571,100,99646,100,99436,508,99734,100,99431,100,99745,100,99416,100,99807,200,99399,200,99809,100,99363,100,99833,100,99286,100,99843,100,99194,100,100006,100,99076,100,100042,100,98977,100
2019-06-28 09:55:20.000000000,99604,239,99571,239,99646,235,99436,235,99734,235,99431,235,99745,100,99416,100,99807,200,99399,200,99809,100,99363,100,99833,100,99286,100,99843,100,99194,100,100006,100,99076,100,100042,100,98977,100
2019-06-28 09:55:30.000000000,99604,182,99571,182,99646,182,99436,182,99734,182,99431,182,99745,182,99416,182,99807,282,99399,282,99809,100,99363,100,99833,100,99286,100,99843,100,99194,100,100006,100,99076,100,100042,100,98977,100
2019-06-28 09:55:32.143545502,99604,182,99571,82,99646,182,99436,82,99734,182,99431,182,99745,182,99416,182,99807,282,99399,282,99809,100,99363,100,99833,100,99286,100,99843,100,99194,100,100006,100,99076,100,100042,100,98977,100
2019-06-28 09:55:40.000000000,99604,239,99431,239,99646,235,99416,235,99734,235,99399,335,99745,100,99363,100,99807,200,99286,100,99809,100,99194,100,99833,100,99076,100,99843,100,98977,100,100006,100,98924,100,100042,100,98660,100
2019-06-28 09:55:42.677845783,99604,239,99431,139,99646,235,99416,235,99734,235,99399,335,99745,100,99363,100,99807,200,99286,100,99809,100,99194,100,99833,100,99076,100,99843,100,98977,100,100006,100,98924,100,100042,100,98660,100
2019-06-28 09:55:50.000000000,99604,202,99416,202,99646,202,99399,302,99734,202,99363,202,99745,202,99286,202,99807,200,99194,100,99809,100,99076,100,99833,100,98977,100,99843,100,98924,100,100006,100,98660,100,100042,100,,
2019-06-28 09:55:59.298587399,99604,202,99416,202,99646,202,99399,302,99727,100,99363,202,99734,202,99286,202,99745,202,99194,100,99807,200,99076,100,99809,100,98977,100,99833,100,98924,100,99843,100,98660,100,100006,100,,
2019-06-28 09:56:00.000000000,99604,182,99416,182,99646,182,99399,282,99727,182,99363,182,99734,182,99286,182,99745,182,99194,182,99807,200,99076,100,99809,100,98977,100,99833,100,98924,100,99843,100,98660,100,100006,100,,
2019-06-28 09:56:10.000000000,99604,304,99416,304,99646,304,99399,404,99727,100,99363,100,99734,100,99286,100,99745,100,99194,100,99807,200,99076,100,99809,100,98977,100,99833,100,98924,100,99843,100,98660,100,100006,100,,
2019-06-28 09:56:18.328093953,99604,304,99416,304,99646,304,99399,404,99727,100,99363,100,99734,100,99286,100,99745,100,99194,100,99777,100,99076,100,99807,200,98977,100,99809,100,98924,100,99843,100,98660,100,100006,100,,
2019-06-28 09:56:20.000000000,99604,202,99416,202,99646,202,99399,302,99727,202,99363,202,99734,202,99286,202,99745,100,99194,100,99777,100,99076,100,99807,200,98977,100,99809,100,98924,100,99843,100,98660,100,100006,100,,
2019-06-28 09:56:20.174720728,99604,202,99416,202,99611,100,99399,302,99646,202,99363,202,99727,202,99286,202,99734,202,99194,100,99745,100,99076,100,99807,200,98977,100,99809,100,98924,100,99843,100,98660,100,100006,100,,
2019-06-28 09:56:30.000000000,99604,304,99416,304,99611,304,99399,404,99646,100,99363,100,99727,100,99286,100,99734,100,99194,100,99745,100,99076,100,99807,200,98977,100,99809,100,98924,100,99843,100,98660,100,100006,100,,
2019-06-28 09:56:40.000000000,99604,202,99416,202,99611,202,99399,302,99646,202,99363,202,99727,202,99286,202,99734,100,99194,100,99745,100,99076,100,99807,200,98977,100,99809,100,98924,100,99843,100,98660,100,100006,100,,
2019-06-28 09:56:46.043362296,99530,100,99416,202,99604,202,99399,302,99611,202,99363,202,99646,202,99286,202,99727,202,99194,100,99734,100,99076,100,99745,100,98977,100,99807,200,98924,100,99809,100,98660,100,99843,100,,
2019-06-28 09:56:49.317725532,99530,100,99437,100,99604,202,99416,202,99611,202,99399,302,99646,202,99363,202,99727,202,99286,202,99734,100,99194,100,99745,100,99076,100,99807,200,98977,100,99809,100,98924,100,99843,100,98660,100
2019-06-28 09:56:50.000000000,99530,304,99437,304,99604,304,99416,304,99611,100,99399,200,99646,100,99363,100,99727,100,99286,100,99734,100,99194,100,99745,100,99076,100,99807,200,98977,100,99809,100,98924,100,99843,100,98660,100
2019-06-28 09:57:00.000000000,99530,182,99437,182,99604,182,99416,182,99611,182,99399,282,99646,182,99363,182,99727,182,99286,182,99734,100,99194,100,99745,100,99076,100,99807,200,98977,100,99809,100,98924,100,99843,100,98660,100
2019-06-28 09:57:10.000000000,99530,202,99437,202,99604,202,99416,202,99611,202,99399,302,99646,202,99363,202,99727,100,99286,100,99734,100,99194,100,99745,100,99076,100,99807,200,98977,100,99809,100,98924,100,99843,100,98660,100
2019-06-28 09:57:19.407329817,99530,102,99437,202,99604,202,99416,202,99611,202,99399,302,99646,102,99363,202,99727,100,99286,100,99734,100,99194,100,99745,100,99076,100,99807,200,98977,100,99809,100,98924,100,99843,100,98660,100
2019-06-28 09:57:20.000000000,99604,239,99437,239,99611,235,99416,235,99727,235,99399,335,99734,100,99363,100,99745,100,99286,100,99807,200,99194,100,99809,100,99076,100,99843,100,98977,100,100006,100,98924,100,100042,100,98660,100
2019-06-28 09:57:30.000000000,99604,182,99437,182,99611,182,99416,182,99727,182,99399,282,99734,182,99363,182,99745,182,99286,182,99807,200,99194,100,99809,100,99076,100,99843,100,98977,100,100006,100,98924,100,100042,100,98660,100
2019-06-28 09:57:37.054590384,99604,182,99584,100,99611,182,99437,182,99727,182,99416,182,99734,182,99399,282,99745,182,99363,182,99807,200,99286,82,99809,100,99194,100,99843,100,99076,100,100006,100,98977,100,100042,100,98924,100
2019-06-28 09:57:40.000000000,99604,239,99584,239,99611,235,99437,235,99727,235,99416,235,99734,100,99399,200,99745,100,99363,100,99807,200,99194,100,99809,100,99076,100,99843,100,98977,100,100006,100,98924,100,100042,100,98660,100
2019-06-28 09:57:41.998142113,99604,239,99584,239,99611,235,99438,100,99727,235,99437,235,99734,100,99416,235,99745,100,99399,200,99807,200,99363,100,99809,100,99194,100,99843,100,99076,100,100006,100,98977,100,100042,100,98924,100
2019-06-28 09:57:50.000000000,99604,508,99584,508,99611,100,99438,100,99727,100,99437,100,99734,100,99416,100,99745,100,99399,200,99807,200,99363,100,99809,100,99194,100,99843,100,99076,100,100006,100,98977,100,100042,100,98924,100
2019-06-28 09:57:53.067963908,99604,508,99603,100,99611,100,99584,508,99727,100,99438,100,99734,100,99437,100,99745,100,99416,100,99807,200,99399,200,99809,100,99363,100,99843,100,99194,100,100006,100,99076,100,100042,100,98977,100
2019-06-28 09:58:00.000000000,99604,202,99603,202,99611,202,99584,202,99727,202,99438,202,99734,202,99437,202,99745,100,99416,100,99807,200,99399,200,99809,100,99363,100,99843,100,99194,100,100006,100,99076,100,100042,100,98977,100
2019-06-28 09:58:08.481248958,99604,202,99603,202,99611,202,99584,202,99727,202,99438,302,99734,202,99437,202,99745,100,99416,100,99807,200,99399,200,99809,100,99363,100,99843,100,99194,100,100006,100,99076,100,100042,100,98977,100
2019-06-28 09:58:10.000000000,99604,202,99603,202,99611,202,99584,202,99727,202,99438,302,99734,202,99437,202,99745,100,99416,100,99807,200,99399,200,99809,100,99363,100,99843,100,99194,100,100006,100,99076,100,100042,100,98977,100
2019-06-28 09:58:20.000000000,99604,202,99603,202,99611,202,99584,202,99727,202,99438,302,99734,202,99437,202,99745,100,99416,100,99807,200,99399,200,99809,100,99363,100,99843,100,99194,100,100006,100,99076,100,100042,100,98977,100
2019-06-28 09:58:26.827147460,99604,202,99603,202,99611,202,99584,202,99727,202,99438,302,99734,202,99437,202,99745,100,99416,100,99807,200,99399,200,99809,100,99363,100,99837,100,99194,100,99843,100,99076,100,100042,100,98977,100
2019-06-28 09:58:30.000000000,99604,182,99603,182,99611,182,99584,182,99727,182,99438,282,99734,182,99437,182,99745,182,99416,182,99807,200,99399,200,99809,100,99363,100,99837,100,99194,100,99843,100,99076,100,100042,100,98977,100
2019-06-28 09:58:31.497348078,99604,182,99603,182,99611,182,99584,82,99672,100,99438,282,99727,182,99437,182,99734,182,99416,182,99745,182,99399,200,99807,200,99363,100,99809,100,99194,100,99837,100,99076,100,99843,100,98977,100
2019-06-28 09:58:40.000000000,99604,182,99603,182,99611,182,99438,282,99672,182,99437,182,99727,182,99416,182,99734,182,99399,282,99745,100,99363,100,99807,200,99194,100,99809,100,99076,100,99837,100,98977,100,99843,100,98924,100
2019-06-28 09:58:50.000000000,99604,202,99603,202,99611,202,99438,302,99672,202,99437,202,99727,202,99416,202,99734,100,99399,200,99745,100,99363,100,99807,200,99194,100,99809,100,99076,100,99837,100,98977,100,99843,100,98924,100
2019-06-28 09:59:00.000000000,99604,508,99603,508,99611,100,99438,200,99672,100,99437,100,99727,100,99416,100,99734,100,99399,200,99745,100,99363,100,99807,200,99194,100,99809,100,99076,100,99837,100,98977,100,99843,100,98924,100
2019-06-28 09:59:10.000000000,99604,304,99603,304,99611,304,99438,404,99672,100,99437,100,99727,100,99416,100,99734,100,99399,200,99745,100,99363,100,99807,200,99194,100,99809,100,99076,100,99837,100,98977,100,99843,100,98924,100
2019-06-28 09:59:20.000000000,99604,304,99603,304,99611,304,99438,404,99672,100,99437,100,99727,100,99416,100,99734,100,99399,200,99745,100,99363,100,99807,200,99194,100,99809,100,99076,100,99837,100,98977,100,99843,100,98924,100
2019-06-28 09:59:24.434349895,99604,204,99603,304,99611,304,99438,404,99672,100,99437,100,99727,100,99416,100,99734,100,99399,200,99745,100,99363,100,99807,200,99194,100,99809,100,99076,100,99837,100,98977,100,99843,100,98924,100
2019-06-28 09:59:30.000000000,99611,304,99603,304,99672,304,99438,404,99727,100,99437,100,99734,100,99416,100,99745,100,99399,200,99807,200,99363,100,99809,100,99194,100,99837,100,99076,100,99843,100,98977,100,100042,100,98924,100
2019-06-28 09:59:40.000000000,99611,239,99603,239,99672,235,99438,335,99727,235,99437,235,99734,100,99416,100,99745,100,99399,200,99807,200,99363,100,99809,100,99194,100,99837,100,99076,100,99843,100,98977,100,100042,100,98924,100
2019-06-28 09:59:50.000000000,99611,182,99603,182,99672,182,99438,282,99727,182,99437,182,99734,182,99416,182,99745,182,99399,282,99807,200,99363,100,99809,100,99194,100,99837,100,99076,100,99843,100,98977,100,100042,100,98924,100
2019-06-28 09:59:54.011431562,99611,182,99604,100,99672,182,99603,182,99727,182,99438,282,99734,182,99437,182,99745,182,99416,182,99807,200,99399,282,99809,100,99363,100,99837,100,99194,100,99843,100,99076,100,100042,100,98977,100
2019-06-28 09:59:56.543328240,99611,82,99604,100,99672,182,99603,182,99727,182,99438,282,99734,182,99437,182,99745,182,99416,182,99807,200,99399,282,99809,100,99363,100,99837,100,99194,100,99843,100,99076,100,100042,100,98977,100
2019-06-28 10:00:00.000000000,99672,304,99604,304,99727,304,99603,304,99734,100,99438,200,99745,100,99437,100,99807,200,99416,100,99809,100,99399,200,99837,100,99363,100,99843,100,99194,100,100042,100,99076,100,100124,100,98977,100
2019-06-28 10:00:10.000000000,99672,239,99604,239,99727,235,99603,235,99734,235,99438,335,99745,100,99437,100,99807,200,99416,100,99809,100,99399,200,99837,100,99363,100,99843,100,99194,100,100042,100,99076,100,100124,100,98977,100
2019-06-28 10:00:15.435596836,99672,239,99605,100,99727,235,99604,239,99734,235,99603,235,99745,100,99438,335,99807,200,99437,100,99809,100,99416,100,99837,100,99399,200,99843,100,99363,100,100042,100,99194,100,100124,100,99076,100
2019-06-28 10:00:20.000000000,99672,508,99605,508,99727,100,99604,100,99734,100,99603,100,99745,100,99438,200,99807,200,99437,100,99809,100,99416,100,99837,100,99399,200,99843,100,99363,100,100042,100,99194,100,100124,100,99076,100
2019-06-28 10:00:30.000000000,99672,304,99605,304,99727,304,99604,304,99734,100,99603,100,99745,100,99438,200,99807,200,99437,100,99809,100,99416,100,99837,100,99399,200,99843,100,99363,100,100042,100,99194,100,100124,100,99076,100
2019-06-28 10:00:40.000000000,99672,508,99605,508,99727,100,99604,100,99734,100,99603,100,99745,100,99438,200,99807,200,99437,100,99809,100,99416,100,99837,100,99399,200,99843,100,99363,100,100042,100,99194,100,100124,100,99076,100
2019-06-28 10:00:50.000000000,99672,508,99605,508,99727,100,99604,100,99734,100,99603,100,99745,100,99438,200,99807,200,99437,100,99809,100,99416,100,99837,100,99399,200,99843,100,99363,100,100042,100,99194,100,100124,100,99076,100
2019-06-28 10:01:00.000000000,99672,508,99605,508,99727,100,99604,100,99734,100,99603,100,99745,100,99438,200,99807,200,99437,100,99809,100,99416,100,99837,100,99399,200,99843,100,99363,100,100042,100,99194,100,100124,100,99076,100
2019-06-28 10:01:03.096949596,99672,508,99605,408,99727,100,99604,100,99734,100,99603,100,99807,200,99438,200,99809,100,99437,100,99837,100,99416,100,99843,100,99399,200,100042,100,99363,100,100124,100,99194,100,,,99076,100
2019-06-28 10:01:10.000000000,99672,202,99604,202,99727,202,99603,202,99734,202,99438,302,99807,302,99437,202,99809,100,99416,100,99837,100,99399,200,99843,100,99363,100,100042,100,99194,100,100124,100,99076,100,,,98977,100
2019-06-28 10:01:20.000000000,99672,304,99604,304,99727,304,99603,304,99734,100,99438,200,99807,200,99437,100,99809,100,99416,100,99837,100,99399,200,99843,100,99363,100,100042,100,99194,100,100124,100,99076,100,,,98977,100
2019-06-28 10:01:30.000000000,99672,202,99604,202,99727,202,99603,202,99734,202,99438,302,99807,302,99437,202,99809,100,99416,100,99837,100,99399,200,99843,100,99363,100,100042,100,99194,100,100124,100,99076,100,,,98977,100
2019-06-28 10:01:40.000000000,99672,508,99604,508,99727,100,99603,100,99734,100,99438,200,99807,200,99437,100,99809,100,99416,100,99837,100,99399,200,99843,100,99363,100,100042,100,99194,100,100124,100,99076,100,,,98977,100
2019-06-28 10:01:50.000000000,99672,239,99604,239,99727,235,99603,235,99734,235,99438,335,99807,200,99437,100,99809,100,99416,100,99837,100,99399,200,99843,100,99363,100,100042,100,99194,100,100124,100,99076,100,,,98977,100
2019-06-28 10:01:56.720727568,99672,239,99604,239,99727,235,99603,235,99734,235,99438,335,99807,200,99437,100,99809,100,99416,100,99837,100,99399,200,99843,100,99363,100,99990,100,99194,100,100042,100,99076,100,100124,100,98977,100
2019-06-28 10:02:00.000000000,99672,239,99604,239,99727,235,99603,235,99734,235,99438,335,99807,200,99437,100,99809,100,99416,100,99837,100,99399,200,99843,100,99363,100,99990,100,99194,100,100042,100,99076,100,100124,100,98977,100
2019-06-28 10:02:10.000000000,99672,239,99604,239,99727,235,99603,235,99734,235,99438,335,99807,200,99437,100,99809,100,99416,100,99837,100,99399,200,99843,100,99363,100,99990,100,99194,100,100042,100,99076,100,100124,100,98977,100
2019-06-28 10:02:20.000000000,99672,304,99604,304,99727,304,99603,304,99734,100,99438,200,99807,200,99437,100,99809,100,99416,100,99837,100,99399,200,99843,100,99363,100,99990,100,99194,100,100042,100,99076,100,100124,100,98977,100
2019-06-28 10:02:29.722430349,99672,304,99606,100,99727,304,99604,304,99734,100,99603,304,99807,200,99438,200,99809,100,99437,100,99837,100,99416,100,99843,100,99399,200,99990,100,99363,100,100042,100,99194,100,100124,100,99076,100
2019-06-28 10:02:30.000000000,99672,508,99606,508,99727,100,99604,100,99734,100,99603,100,99807,200,99438,200,99809,100,99437,100,99837,100,99416,100,99843,100,99399,200,99990,100,99363,100,100042,100,99194,100,100124,100,99076,100
2019-06-28 10:02:40.000000000,99672,508,99606,508,99727,100,99604,100,99734,100,99603,100,99807,200,99438,200,99809,100,99437,100,99837,100,99416,100,99843,100,99399,200,99990,100,99363,100,100042,100,99194,100,100124,100,99076,100
2019-06-28 10:02:43.927423510,99672,408,99606,508,99727,100,99604,100,99734,100,99603,100,99807,200,99438,200,99809,100,99437,100,99837,100,99416,100,99843,100,99399,200,99990,100,99363,100,100042,100,99194,100,100124,100,99076,100
2019-06-28 10:02:50.000000000,99727,304,99606,304,99734,304,99604,304,99807,200,99603,100,99809,100,99438,200,99837,100,99437,100,99843,100,99416,100,99990,100,99399,200,100042,100,99363,100,100124,100,99194,100,,,99076,100
2019-06-28 10:03:00.000000000,99727,182,99606,182,99734,182,99604,182,99807,282,99603,182,99809,182,99438,282,99837,182,99437,182,99843,100,99416,100,99990,100,99399,200,100042,100,99363,100,100124,100,99194,100,,,99076,100
2019-06-28 10:03:10.000000000,99727,239,99606,239,99734,235,99604,235,99807,335,99603,235,99809,100,99438,200,99837,100,99437,100,99843,100,99416,100,99990,100,99399,200,100042,100,99363,100,100124,100,99194,100,,,99076,100
2019-06-28 10:03:12.968565346,99727,239,99606,139,99734,235,99604,235,99807,335,99603,235,99809,100,99438,200,99837,100,99437,100,99843,100,99399,200,99990,100,99363,100,100042,100,99194,100,100124,100,99076,100,,,98977,100
2019-06-28 10:03:20.000000000,99727,202,99604,202,99734,202,99603,202,99807,302,99438,302,99809,202,99437,202,99837,100,99399,200,99843,100,99363,100,99990,100,99194,100,100042,100,99076,100,100124,100,98977,100,,,98924,100
2019-06-28 10:03:30.000000000,99727,182,99604,182,99734,182,99603,182,99807,282,99438,282,99809,182,99437,182,99837,182,99399,282,99843,100,99363,100,99990,100,99194,100,100042,100,99076,100,100124,100,98977,100,,,98924,100
2019-06-28 10:03:40.000000000,99727,239,99604,239,99734,235,99603,235,99807,335,99438,335,99809,100,99437,100,99837,100,99399,200,99843,100,99363,100,99990,100,99194,100,100042,100,99076,100,100124,100,98977,100,,,98924,100
2019-06-28 10:03:45.493383728,99727,139,99604,239,99734,235,99603,235,99807,335,99438,335,99809,100,99437,100,99837,100,99399,200,99843,100,99363,100,99990,100,99194,100,100042,100,99076,100,100124,100,98977,100,,,98924,100
2019-06-28 10:03:50.000000000,99734,304,99604,304,99807,404,99603,304,99809,100,99438,200,99837,100,99437,100,99843,100,99399,200,99990,100,99363,100,100042,100,99194,100,100124,100,99076,100,,,98977,100,,,98924,100
2019-06-28 10:03:56.685630932,99734,304,99604,304,99807,404,99603,304,99809,100,99596,100,99837,100,99438,200,99843,100,99437,100,99990,100,99399,200,100042,100,99363,100,100124,100,99194,100,,,99076,100,,,98977,100
2019-06-28 10:04:00.000000000,99734,304,99604,304,99807,404,99603,304,99809,100,99596,100,99837,100,99438,200,99843,100,99437,100,99990,100,99399,200,100042,100,99363,100,100124,100,99194,100,,,99076,100,,,98977,100
2019-06-28 10:04:10.000000000,99734,304,99604,304,99807,404,99603,304,99809,100,99596,100,99837,100,99438,200,99843,100,99437,100,99990,100,99399,200,100042,100,99363,100,100124,100,99194,100,,,99076,100,,,98977,100
2019-06-28 10:04:20.000000000,99734,239,99604,239,99807,335,99603,235,99809,235,99596,235,99837,100,99438,200,99843,100,99437,100,99990,100,99399,200,100042,100,99363,100,100124,100,99194,100,,,99076,100,,,98977,100
2019-06-28 10:04:30.000000000,99734,508,99604,508,99807,200,99603,100,99809,100,99596,100,99837,100,99438,200,99843,100,99437,100,99990,100,99399,200,100042,100,99363,100,100124,100,99194,100,,,99076,100,,,98977,100
2019-06-28 10:04:33.143552290,99734,508,99604,508,99807,200,99603,100,99809,100,99596,100,99837,100,99438,200,99843,100,99437,100,99990,100,99399,200,100042,100,99363,100,100124,100,99194,100,100410,100,99076,100,,,98977,100
2019-06-28 10:04:40.000000000,99734,182,99604,182,99807,282,99603,182,99809,182,99596,182,99837,182,99438,282,99843,182,99437,182,99990,100,99399,200,100042,100,99363,100,100124,100,99194,100,100410,100,99076,100,,,98977,100
2019-06-28 10:04:40.501511097,99734,82,99604,182,99807,282,99603,182,99809,182,99596,182,99837,182,99438,282,99843,182,99437,182,99990,100,99399,200,100042,100,99363,100,100124,100,99194,100,100410,100,99076,100,,,98977,100
2019-06-28 10:04:50.000000000,99807,339,99604,239,99809,235,99603,235,99837,235,99596,235,99843,100,99438,200,99990,100,99437,100,100042,100,99399,200,100124,100,99363,100,100410,100,99194,100,,,99076,100,,,98977,100
2019-06-28 10:05:00.000000000,99807,608,99604,508,99809,100,99603,100,99837,100,99596,100,99843,100,99438,200,99990,100,99437,100,100042,100,99399,200,100124,100,99363,100,100410,100,99194,100,,,99076,100,,,98977,100
2019-06-28 10:05:10.000000000,99807,404,99604,304,99809,304,99603,304,99837,100,99596,100,99843,100,99438,200,99990,100,99437,100,100042,100,99399,200,100124,100,99363,100,100410,100,99194,100,,,99076,100,,,98977,100
2019-06-28 10:05:10.360673528,99807,404,99604,304,99809,304,99603,304,99837,100,99596,100,99843,100,99438,200,99990,100,99437,100,100042,100,99399,200,100124,100,99363,100,100327,100,99194,100,100410,100,99076,100,,,98977,100
2019-06-28 10:05:11.777582543,99807,404,99604,304,99809,304,99603,304,99837,100,99596,100,99843,100,99438,200,99990,100,99437,100,100042,100,99399,200,100124,100,99363,100,100327,100,99194,100,100375,100,99076,100,100410,100,98977,100
2019-06-28 10:05:11.929169074,99807,304,99604,304,99809,304,99603,304,99837,100,99596,100,99843,100,99438,200,99990,100,99437,100,100042,100,99399,200,100124,100,99363,100,100327,100,99194,100,100375,100,99076,100,100410,100,98977,100
2019-06-28 10:05:20.000000000,99807,239,99604,239,99809,235,99603,235,99837,235,99596,235,99843,100,99438,200,99990,100,99437,100,100042,100,99399,200,100124,100,99363,100,100327,100,99194,100,100375,100,99076,100,100410,100,98977,100
2019-06-28 10:05:30.000000000,99807,508,99604,508,99809,100,99603,100,99837,100,99596,100,99843,100,99438,200,99990,100,99437,100,100042,100,99399,200,100124,100,99363,100,100327,100,99194,100,100375,100,99076,100,100410,100,98977,100
2019-06-28 10:05:30.217785626,99807,508,99734,100,99809,100,99604,508,99837,100,99603,100,99843,100,99596,100,99990,100,99438,200,100042,100,99437,100,100124,100,99399,200,100327,100,99363,100,100375,100,99194,100,100410,100,99076,100
2019-06-28 10:05:40.000000000,99807,202,99734,202,99809,202,99604,202,99837,202,99603,202,99843,202,99596,202,99990,100,99438,200,100042,100,99437,100,100124,100,99399,200,100327,100,99363,100,100375,100,99194,100,100410,100,99076,100
2019-06-28 10:05:45.150258888,99807,202,99734,302,99809,202,99604,202,99837,202,99603,202,99843,202,99596,202,99990,100,99438,200,100042,100,99437,100,100124,100,99399,200,100327,100,99363,100,100375,100,99194,100,100410,100,99076,100
2019-06-28 10:05:50.000000000,99807,182,99734,282,99809,182,99604,182,99837,182,99603,182,99843,182,99596,182,99990,182,99438,282,100042,100,99437,100,100124,100,99399,200,100327,100,99363,100,100375,100,99194,100,100410,100,99076,100
2019-06-28 10:05:50.508570187,99807,182,99734,382,99809,182,99604,182,99837,182,99603,182,99843,182,99596,182,99990,182,99438,282,100042,100,99437,100,100124,100,99399,200,100327,100,99363,100,100375,100,99194,100,100410,100,99076,100
2019-06-28 10:05:52.446913913,99807,82,99734,382,99809,182,99604,182,99837,182,99603,182,99843,182,99596,182,99990,182,99438,282,100042,100,99437,100,100124,100,99399,200,100327,100,99363,100,100375,100,99194,100,100410,100,99076,100
2019-06-28 10:06:00.000000000,99809,202,99734,402,99837,202,99604,202,99843,202,99603,202,99990,202,99596,202,100042,100,99438,200,100124,100,99437,100,100327,100,99399,200,100375,100,99363,100,100410,100,99194,100,,,99076,100
2019-06-28 10:06:01.797996278,99809,202,99807,100,99837,202,99734,402,99843,202,99604,202,99990,202,99603,202,100042,100,99596,202,100124,100,99438,200,100327,100,99437,100,100375,100,99399,200,100410,100,99363,100,,,99194,100
2019-06-28 10:06:10.000000000,99809,239,99807,239,99837,235,99734,435,99843,235,99604,235,99990,100,99603,100,100042,100,99596,100,100124,100,99438,200,100327,100,99437,100,100375,100,99399,200,100410,100,99363,100,,,99194,100
2019-06-28 10:06:20.000000000,99809,304,99807,304,99837,304,99734,504,99843,100,99604,100,99990,100,99603,100,100042,100,99596,100,100124,100,99438,200,100327,100,99437,100,100375,100,99399,200,100410,100,99363,100,,,99194,100
2019-06-28 10:06:30.000000000,99809,304,99807,304,99837,304,99734,504,99843,100,99604,100,99990,100,99603,100,100042,100,99596,100,100124,100,99438,200,100327,100,99437,100,100375,100,99399,200,100410,100,99363,100,,,99194,100
2019-06-28 10:06:32.667517162,99809,304,99807,304,99837,304,99734,504,99843,100,99604,100,99990,100,99603,100,100042,100,99596,100,100124,100,99438,200,100326,100,99437,100,100327,100,99399,200,100375,100,99363,100,100410,100,99194,100
2019-06-28 10:06:39.951022259,99809,304,99807,304,99837,304,99734,504,99843,100,99604,100,99990,100,99603,100,100042,100,99596,100,100124,100,99438,200,100326,100,99399,200,100327,100,99363,100,100375,100,99194,100,100410,100,99076,100
2019-06-28 10:06:40.000000000,99809,182,99807,182,99837,182,99734,382,99843,182,99604,182,99990,182,99603,182,100042,182,99596,182,100124,100,99438,200,100326,100,99399,200,100327,100,99363,100,100375,100,99194,100,100410,100,99076,100
2019-06-28 10:06:41.703027393,99809,182,99807,182,99837,182,99734,282,99843,182,99604,182,99990,182,99603,182,100042,182,99596,182,100124,100,99438,200,100326,100,99399,200,100327,100,99363,100,100375,100,99194,100,100410,100,99076,100
2019-06-28 10:06:48.288735239,99809,82,99807,182,99837,182,99734,282,99843,182,99604,182,99990,182,99603,182,100042,182,99596,182,100124,100,99438,200,100326,100,99399,200,100327,100,99363,100,100375,100,99194,100,100410,100,99076,100
2019-06-28 10:06:50.000000000,99837,202,99807,202,99843,202,99734,302,99990,202,99604,202,100042,202,99603,202,100124,100,99596,100,100326,100,99438,200,100327,100,99399,200,100375,100,99363,100,100410,100,99194,100,,,99076,100
2019-06-28 10:06:58.596384742,99837,102,99807,202,99843,202,99734,302,99990,202,99604,202,100042,202,99603,202,100124,100,99596,100,100326,100,99438,200,100327,100,99399,200,100375,100,99363,100,100410,100,99194,100,,,99076,100
2019-06-28 10:07:00.000000000,99843,202,99807,202,99990,202,99734,302,100042,202,99604,202,100124,202,99603,202,100326,100,99596,100,100327,100,99438,200,100375,100,99399,200,100410,100,99363,100,,,99194,100,,,99076,100
2019-06-28 10:07:10.000000000,99843,239,99807,239,99990,235,99734,335,100042,235,99604,235,100124,100,99603,100,100326,100,99596,100,100327,100,99438,200,100375,100,99399,200,100410,100,99363,100,,,99194,100,,,99076,100
2019-06-28 10:07:20.000000000,99843,202,99807,202,99990,202,99734,302,100042,202,99604,202,100124,202,99603,202,100326,100,99596,100,100327,100,99438,200,100375,100,99399,200,100410,100,99363,100,,,99194,100,,,99076,100
2019-06-28 10:07:30.000000000,99843,182,99807,182,99990,182,99734,282,100042,182,99604,182,100124,182,99603,182,100326,182,99596,182,100327,100,99438,200,100375,100,99399,200,100410,100,99363,100,,,99194,100,,,99076,100
2019-06-28 10:07:31.174466219,99843,82,99807,182,99990,182,99734,282,100042,182,99604,182,100124,182,99603,182,100326,182,99596,182,100327,100,99438,200,100375,100,99399,100,100410,100,99363,100,,,99194,100,,,99076,100
2019-06-28 10:07:40.000000000,99990,182,99807,182,100042,182,99734,282,100124,182,99604,182,100326,182,99603,182,100327,182,99596,182,100375,100,99438,200,100410,100,99399,100,,,99363,100,,,99194,100,,,99076,100
2019-06-28 10:07:40.659205366,99990,182,99833,100,100042,182,99807,182,100124,182,99734,282,100326,182,99604,182,100327,182,99603,182,100375,100,99596,182,100410,100,99438,200,,,99399,100,,,99363,100,,,99194,100
2019-06-28 10:07:50.000000000,99990,508,99833,508,100042,100,99807,100,100124,100,99734,200,100326,100,99604,100,100327,100,99603,100,100375,100,99596,100,100410,100,99438,200,,,99399,100,,,99363,100,,,99194,100
2019-06-28 10:08:00.000000000,99990,508,99833,508,100042,100,99807,100,100124,100,99734,200,100326,100,99604,100,100327,100,99603,100,100375,100,99596,100,100410,100,99438,200,,,99399,100,,,99363,100,,,99194,100
2019-06-28 10:08:05.850996821,99990,408,99833,508,100042,100,99807,100,100124,100,99734,200,100326,100,99604,100,100327,100,99603,100,100375,100,99596,100,100410,100,99438,200,,,99399,100,,,99363,100,,,99194,100
2019-06-28 10:08:10.000000000,100042,182,99833,182,100124,182,99807,182,100326,182,99734,282,100327,182,99604,182,100375,182,99603,182,100410,100,99596,100,,,99438,200,,,99399,100,,,99363,100,,,99194,100
