,ask_price_1,ask_size_1,bid_price_1,bid_size_1,ask_price_2,ask_size_2,bid_price_2,bid_size_2,ask_price_3,ask_size_3,bid_price_3,bid_size_3,ask_price_4,ask_size_4,bid_price_4,bid_size_4,ask_price_5,ask_size_5,bid_price_5,bid_size_5,ask_price_6,ask_size_6,bid_price_6,bid_size_6,ask_price_7,ask_size_7,bid_price_7,bid_size_7,ask_price_8,ask_size_8,bid_price_8,bid_size_8,ask_price_9,ask_size_9,bid_price_9,bid_size_9,ask_price_10,ask_size_10,bid_price_10,bid_size_10
2019-06-28 09:30:00.000000000,,,99891,100,,,,,,,,,,,,,,,,,,,,,,,,,,,,,,,,,,,,
2019-06-28 09:30:00.000000001,,,99891,100,,,99787,100,,,,,,,,,,,,,,,,,,,,,,,,,,,,,,,,
2019-06-28 09:30:00.000000002,100052,100,99891,100,,,99787,100,,,,,,,,,,,,,,,,,,,,,,,,,,,,,,,,
2019-06-28 09:30:00.000000004,100052,100,99891,100,100101,100,99787,100,,,,,,,,,,,,,,,,,,,,,,,,,,,,,,,,
2019-06-28 09:30:00.000000005,100020,100,99891,100,100052,100,99787,100,100101,100,,,,,,,,,,,,,,,,,,,,,,,,,,,,,,
2019-06-28 09:30:00.000000006,100052,100,99891,100,100101,100,99787,100,,,,,,,,,,,,,,,,,,,,,,,,,,,,,,,,
2019-06-28 09:30:00.000000007,100052,100,99897,100,100101,100,99891,100,,,99852,100,,,99787,100,,,,,,,,,,,,,,,,,,,,,,,,
2019-06-28 09:30:00.000000009,100052,100,99971,100,100101,100,99897,100,,,99891,100,,,99852,100,,,99787,100,,,,,,,,,,,,,,,,,,,,
2019-06-28 09:30:00.000000012,100052,100,99971,100,100101,100,99907,100,,,99897,100,,,99891,100,,,99852,100,,,99787,100,,,,,,,,,,,,,,,,
2019-06-28 09:30:00.000000013,100011,100,99971,100,100052,100,99907,100,100101,100,99897,100,,,99891,100,,,99852,100,,,99832,100,,,99787,100,,,,,,,,,,,,
2019-06-28 09:30:00.000000014,100011,100,99971,100,100052,100,99907,100,100089,100,99897,100,100101,100,99891,100,,,99852,100,,,99832,100,,,99787,100,,,,,,,,,,,,
2019-06-28 09:30:00.000000016,100011,100,99989,100,100034,100,99971,100,100052,100,99907,100,100089,100,99897,100,100101,100,99891,100,,,99852,100,,,99832,100,,,99787,100,,,,,,,,
2019-06-28 09:30:00.000000017,100011,100,99971,100,100034,100,99907,100,100052,100,99897,100,100089,100,99891,100,100101,100,99852,100,,,99832,100,,,99787,100,,,,,,,,,,,,
2019-06-28 09:30:00.000000023,99989,100,99971,100,100011,100,99907,100,100034,100,99897,100,100052,100,99891,100,100089,100,99852,100,100101,100,99832,100,100220,100,99787,100,,,,,,,,,,,,
2019-06-28 09:30:00.000000025,100011,100,99971,100,100034,100,99907,100,100052,100,99897,100,100089,100,99891,100,100101,100,99852,100,100220,100,99832,100,,,99787,100,,,,,,,,,,,,
2019-06-28 09:30:00.000000026,100011,100,99971,100,100034,100,99912,100,100052,100,99907,100,100089,100,99897,100,100101,100,99891,100,100220,100,99852,100,,,99832,100,,,99787,100,,,,,,,,
2019-06-28 09:30:00.000000028,100011,100,99995,100,100034,100,99971,100,100052,100,99912,100,100089,100,99907,100,100101,100,99897,100,100220,100,99891,100,,,99852,100,,,99832,100,,,99787,100,,,,
2019-06-28 09:30:00.000000038,100011,100,99995,100,100032,100,99971,100,100034,100,99912,100,100052,100,99907,100,100089,100,99897,100,100101,100,99891,100,100220,100,99888,100,,,99852,100,,,99832,100,,,99787,100
2019-06-28 09:30:00.000000040,100011,100,99995,100,100032,100,99971,100,100034,100,99912,100,100052,100,99907,100,100089,100,99897,100,100101,100,99891,100,100218,100,99888,100,100220,100,99852,100,,,99832,100,,,99787,100
2019-06-28 09:30:00.000000042,100032,100,99995,100,100034,100,99971,100,100052,100,99912,100,100089,100,99907,100,100101,100,99897,100,100218,100,99891,100,100220,100,99888,100,,,99852,100,,,99832,100,,,99787,100
2019-06-28 09:30:00.000000045,100011,100,99995,100,100032,100,99971,100,100034,100,99912,100,100052,100,99907,100,100089,100,99897,100,100101,100,99891,100,100218,100,99888,100,100220,100,99852,100,,,99832,100,,,99787,100
2019-06-28 09:30:00.000000046,100011,100,99995,100,100032,100,99971,100,100034,100,99912,100,100044,100,99907,100,100052,100,99897,100,100089,100,99891,100,100101,100,99888,100,100159,100,99852,100,100218,100,99832,100,100220,100,99787,100
2019-06-28 09:30:00.000000047,100011,200,99995,100,100032,100,99971,100,100034,100,99912,100,100044,100,99907,100,100052,100,99897,100,100089,100,99891,100,100101,100,99888,100,100159,100,99882,100,100218,100,99852,100,100220,100,99832,100
2019-06-28 09:30:00.000000052,100011,200,99995,100,100032,100,99971,100,100034,100,99936,100,100044,100,99912,100,100052,100,99907,100,100089,100,99897,100,100101,100,99891,100,100104,100,99888,100,100159,100,99882,100,100183,100,99852,100
2019-06-28 09:30:00.000000053,100011,300,99995,100,100032,100,99971,100,100034,100,99936,100,100044,100,99912,100,100052,100,99907,100,100089,100,99897,100,100101,100,99891,100,100104,100,99888,100,100159,100,99882,100,100183,100,99852,100
2019-06-28 09:30:00.000000056,100011,300,99995,100,100032,100,99971,100,100034,100,99936,100,100044,100,99912,100,100049,100,99907,100,100052,100,99897,100,100089,100,99891,100,100101,100,99888,100,100104,100,99882,100,100159,100,99852,100
2019-06-28 09:30:00.000000057,100011,300,99995,100,100032,100,99971,100,100034,100,99936,100,100044,100,99912,100,100049,100,99907,100,100052,100,99897,100,100089,100,99891,100,100101,100,99889,100,100104,100,99888,100,100159,100,99882,100
2019-06-28 09:30:00.000000058,100011,300,99995,100,100032,100,99971,100,100034,100,99936,100,100044,100,99912,100,100049,100,99907,100,100052,100,99897,100,100088,100,99891,100,100089,100,99889,100,100101,100,99888,100,100104,100,99882,100
2019-06-28 09:30:00.000000060,100011,300,99995,100,100032,100,99971,100,100034,100,99936,100,100044,100,99912,100,100049,100,99907,100,100052,100,99897,100,100085,100,99891,100,100088,100,99889,100,100089,100,99888,100,100101,100,99882,100
2019-06-28 09:30:00.000000061,100011,300,99995,100,100032,100,99971,100,100034,100,99936,100,100044,100,99912,100,100049,100,99907,100,100052,100,99897,100,100085,100,99891,100,100088,100,99889,100,100089,100,99888,100,100101,100,99882,100
2019-06-28 09:30:00.000000062,100011,300,99995,100,100032,100,99971,100,100034,100,99936,100,100044,100,99924,100,100049,100,99912,100,100052,100,99907,100,100085,100,99897,100,100088,100,99891,100,100089,100,99889,100,100101,100,99888,100
2019-06-28 09:30:00.000000065,100011,300,99995,100,100032,100,99971,100,100034,100,99936,100,100044,100,99924,100,100049,100,99912,100,100052,100,99907,100,100057,100,99897,100,100085,100,99891,100,100088,100,99889,100,100089,100,99888,100
2019-06-28 09:30:00.000000066,100011,300,99995,100,100032,100,99971,100,100034,100,99936,100,100044,100,99924,100,100049,100,99912,100,100052,100,99907,100,100057,100,99897,100,100085,100,99891,100,100088,100,99889,100,100089,100,99888,100
2019-06-28 09:30:00.000000068,100011,300,99995,100,100020,100,99971,100,100032,100,99936,100,100034,100,99924,100,100044,100,99912,100,100049,100,99907,100,100052,100,99897,100,100057,100,99891,100,100085,100,99889,100,100088,100,99888,100
2019-06-28 09:30:00.000000069,100011,300,99995,100,100020,100,99971,100,100032,100,99936,100,100034,100,99924,100,100044,100,99912,100,100049,100,99907,100,100052,100,99897,100,100057,100,99891,100,100085,100,99889,100,100088,100,99888,100
2019-06-28 09:30:00.000000070,100011,300,99995,100,100020,100,99971,100,100032,100,99936,100,100034,100,99924,100,100044,100,99920,100,100049,100,99912,100,100052,100,99907,100,100057,100,99897,100,100085,100,99891,100,100088,100,99889,100
2019-06-28 09:30:00.000000072,99998,100,99995,100,100011,300,99971,100,100020,100,99936,100,100032,100,99924,100,100034,100,99920,100,100044,100,99912,100,100049,100,99907,100,100052,100,99897,100,100057,100,99891,100,100085,100,99889,100
2019-06-28 09:30:00.000000074,99998,100,99995,100,100011,300,99971,100,100020,100,99936,100,100032,100,99935,100,100034,100,99924,100,100044,100,99920,100,100049,100,99912,100,100052,100,99907,100,100057,100,99897,100,100085,100,99891,100
2019-06-28 09:30:00.000000075,99998,100,99995,100,100011,500,99971,100,100020,100,99936,100,100032,100,99935,100,100034,100,99924,100,100044,100,99920,100,100049,100,99912,100,100052,100,99907,100,100057,100,99897,100,100085,100,99891,100
2019-06-28 09:30:00.000000081,99998,100,99995,100,100006,100,99971,100,100011,500,99936,100,100020,100,99935,100,100032,100,99924,100,100034,100,99920,100,100044,100,99912,100,100049,100,99907,100,100052,100,99897,100,100057,100,99891,100
2019-06-28 09:30:00.000000084,99998,100,99995,100,100006,100,99971,100,100011,500,99936,100,100020,100,99935,100,100032,100,99924,100,100034,100,99920,100,100044,100,99912,100,100046,100,99907,100,100049,100,99897,100,100052,100,99891,100
2019-06-28 09:30:00.000000086,99998,100,99995,100,100006,100,99971,100,100011,500,99936,100,100020,100,99935,100,100032,100,99924,100,100034,100,99920,100,100044,100,99912,100,100046,100,99907,100,100049,100,99897,100,100052,100,99891,100
2019-06-28 09:30:00.000000087,99998,100,99995,100,100006,100,99971,100,100011,600,99936,100,100020,100,99935,100,100032,100,99924,100,100034,100,99920,100,100044,100,99912,100,100046,100,99907,100,100049,100,99897,100,100052,100,99891,100
2019-06-28 09:30:00.000000089,99998,100,99995,100,100006,100,99971,100,100011,600,99936,100,100020,100,99935,100,100032,100,99924,100,100034,100,99920,100,100044,100,99912,100,100046,100,99907,100,100049,100,99897,100,100052,100,99892,100
2019-06-28 09:30:00.000000092,99998,100,99995,100,100006,100,99971,100,100011,600,99936,100,100020,100,99935,100,100032,100,99924,100,100034,100,99921,100,100044,100,99920,100,100046,100,99912,100,100049,100,99907,100,100052,100,99897,100
2019-06-28 09:30:00.000000093,99998,100,99971,100,100006,100,99936,100,100011,600,99935,100,100020,100,99924,100,100032,100,99921,100,100034,100,99920,100,100044,100,99912,100,100046,100,99907,100,100049,100,99897,100,100052,100,99892,100
2019-06-28 09:30:00.000000095,99998,100,99971,100,100006,100,99936,100,100011,600,99935,100,100020,100,99924,100,100032,100,99921,100,100034,100,99920,100,100044,100,99912,100,100046,100,99907,100,100049,100,99897,100,100052,100,99892,100
2019-06-28 09:30:00.000000096,99997,100,99971,100,99998,100,99936,100,100006,100,99935,100,100011,600,99924,100,100020,100,99921,100,100032,100,99920,100,100034,100,99912,100,100044,100,99907,100,100046,100,99897,100,100049,100,99892,100
2019-06-28 09:30:10.000000000,99997,156,99971,156,99998,156,99936,156,100006,156,99935,156,100011,656,99924,156,100020,156,99921,156,100032,100,99920,100,100034,100,99912,100,100044,100,99907,100,100046,100,99897,100,100049,100,99892,100
2019-06-28 09:30:10.806106352,99997,156,99971,156,99998,156,99936,156,100006,156,99935,156,100011,656,99924,156,100020,156,99921,156,100032,100,99920,100,100034,100,99912,100,100044,100,99907,100,100046,100,99897,100,100049,100,99892,100
2019-06-28 09:30:11.105988935,99997,156,99971,156,99998,156,99936,156,100006,156,99935,156,100011,656,99924,156,100020,156,99921,156,100032,100,99920,100,100034,100,99912,100,100044,100,99907,100,100046,100,99897,100,100049,100,99892,100
2019-06-28 09:30:20.000000000,99997,170,99971,170,99998,170,99936,170,100006,170,99935,170,100011,670,99924,170,100020,100,99921,100,100032,100,99920,100,100034,100,99912,100,100044,100,99907,100,100046,100,99897,100,100049,100,99892,100
2019-06-28 09:30:25.991181434,99997,170,99971,170,99998,170,99936,170,100006,170,99935,170,100011,670,99924,170,100020,100,99921,100,100032,100,99920,100,100034,100,99912,100,100044,100,99907,100,100046,100,99897,100,100049,100,99892,100
2019-06-28 09:30:29.412816198,99997,170,99971,170,99998,70,99936,170,100006,170,99935,170,100011,670,99924,170,100020,100,99921,100,100032,100,99920,100,100034,100,99912,100,100044,100,99907,100,100046,100,99897,100,100048,100,99892,100
2019-06-28 09:30:30.000000000,99997,380,99971,380,100006,100,99936,100,100011,600,99935,100,100020,100,99924,100,100032,100,99921,100,100034,100,99920,100,100044,100,99912,100,100046,100,99907,100,100048,100,99897,100,100049,100,99892,100
2019-06-28 09:30:37.365247616,99997,380,99971,380,100006,100,99936,100,100011,600,99935,100,100020,100,99924,100,100032,100,99921,100,100034,100,99920,100,100044,100,99912,100,100046,100,99907,100,100048,100,99897,100,100049,100,99892,100
2019-06-28 09:30:40.000000000,99997,195,99971,195,100006,192,99936,192,100011,692,99935,192,100020,100,99924,100,100032,100,99921,100,100034,100,99920,100,100044,100,99912,100,100046,100,99907,100,100048,100,99897,100,100049,100,99892,100
2019-06-28 09:30:44.812284300,99997,195,99971,195,100006,192,99936,192,100011,692,99935,192,100020,100,99924,100,100032,100,99921,100,100034,100,99920,100,100044,100,99912,100,100046,100,99907,100,100048,100,99897,100,100049,100,99892,100
2019-06-28 09:30:50.000000000,99997,380,99971,380,100006,100,99936,100,100011,600,99935,100,100020,100,99924,100,100032,100,99921,100,100034,100,99920,100,100044,100,99912,100,100046,100,99907,100,100048,100,99897,100,100049,100,99892,100
2019-06-28 09:31:00.000000000,99997,240,99971,240,100006,240,99936,240,100011,600,99935,100,100020,100,99924,100,100032,100,99921,100,100034,100,99920,100,100044,100,99912,100,100046,100,99907,100,100048,100,99897,100,100049,100,99892,100
2019-06-28 09:31:10.000000000,99997,380,99971,380,100006,100,99936,100,100011,600,99935,100,100020,100,99924,100,100032,100,99921,100,100034,100,99920,100,100044,100,99912,100,100046,100,99907,100,100048,100,99897,100,100049,100,99892,100
2019-06-28 09:31:20.000000000,99997,240,99971,240,100006,240,99936,240,100011,600,99935,100,100020,100,99924,100,100032,100,99921,100,100034,100,99920,100,100044,100,99912,100,100046,100,99907,100,100048,100,99897,100,100049,100,99892,100
2019-06-28 09:31:30.000000000,99997,156,99971,156,100006,156,99936,156,100011,656,99935,156,100020,156,99924,156,100032,156,99921,156,100034,100,99920,100,100044,100,99912,100,100046,100,99907,100,100048,100,99897,100,100049,100,99892,100
2019-06-28 09:31:31.096928391,99997,156,99971,56,100006,156,99936,156,100011,656,99935,156,100020,156,99924,156,100032,156,99921,156,100034,100,99920,100,100044,100,99912,100,100046,100,99907,100,100048,100,99897,100,100049,100,99892,100
2019-06-28 09:31:40.000000000,99997,195,99936,195,100006,192,99935,192,100011,692,99924,192,100020,100,99921,100,100032,100,99920,100,100034,100,99912,100,100044,100,99907,100,100046,100,99897,100,100048,100,99892,100,100049,100,99889,100
2019-06-28 09:31:50.000000000,99997,380,99936,380,100006,100,99935,100,100011,600,99924,100,100020,100,99921,100,100032,100,99920,100,100034,100,99912,100,100044,100,99907,100,100046,100,99897,100,100048,100,99892,100,100049,100,99889,100
2019-06-28 09:32:00.000000000,99997,240,99936,240,100006,240,99935,240,100011,600,99924,100,100020,100,99921,100,100032,100,99920,100,100034,100,99912,100,100044,100,99907,100,100046,100,99897,100,100048,100,99892,100,100049,100,99889,100
2019-06-28 09:32:10.000000000,99997,380,99936,380,100006,100,99935,100,100011,600,99924,100,100020,100,99921,100,100032,100,99920,100,100034,100,99912,100,100044,100,99907,100,100046,100,99897,100,100048,100,99892,100,100049,100,99889,100
2019-06-28 09:32:20.000000000,99997,170,99936,170,100006,170,99935,170,100011,670,99924,170,100020,170,99921,170,100032,100,99920,100,100034,100,99912,100,100044,100,99907,100,100046,100,99897,100,100048,100,99892,100,100049,100,99889,100
2019-06-28 09:32:30.000000000,99997,380,99936,380,100006,100,99935,100,100011,600,99924,100,100020,100,99921,100,100032,100,99920,100,100034,100,99912,100,100044,100,99907,100,100046,100,99897,100,100048,100,99892,100,100049,100,99889,100
2019-06-28 09:32:40.000000000,99997,195,99936,195,100006,192,99935,192,100011,692,99924,192,100020,100,99921,100,100032,100,99920,100,100034,100,99912,100,100044,100,99907,100,100046,100,99897,100,100048,100,99892,100,100049,100,99889,100
2019-06-28 09:32:50.000000000,99997,195,99936,195,100006,192,99935,192,100011,692,99924,192,100020,100,99921,100,100032,100,99920,100,100034,100,99912,100,100044,100,99907,100,100046,100,99897,100,100048,100,99892,100,100049,100,99889,100
2019-06-28 09:32:52.746123165,99997,195,99972,100,100006,192,99936,195,100011,692,99935,192,100020,100,99924,192,100032,100,99921,100,100034,100,99920,100,100044,100,99912,100,100046,100,99907,100,100048,100,99897,100,100049,100,99892,100
2019-06-28 09:32:57.012430487,99997,195,99972,100,100006,192,99936,195,100011,692,99935,192,100020,100,99924,192,100032,100,99921,100,100034,100,99920,100,100044,100,99912,100,100046,100,99907,100,100048,100,99897,100,100049,100,99892,100
2019-06-28 09:33:00.000000000,99997,156,99972,156,100006,156,99936,156,100011,656,99935,156,100020,156,99924,156,100032,156,99921,156,100034,100,99920,100,100044,100,99912,100,100046,100,99907,100,100048,100,99897,100,100049,100,99892,100
2019-06-28 09:33:03.180106787,99997,156,99972,156,100006,156,99936,156,100011,556,99935,156,100020,156,99924,156,100032,156,99921,156,100034,100,99920,100,100044,100,99912,100,100046,100,99907,100,100048,100,99897,100,100049,100,99892,100
2019-06-28 09:33:10.000000000,99997,195,99972,195,100006,192,99936,192,100011,592,99935,192,100020,100,99924,100,100032,100,99921,100,100034,100,99920,100,100044,100,99912,100,100046,100,99907,100,100048,100,99897,100,100049,100,99892,100
2019-06-28 09:33:20.000000000,99997,156,99972,156,100006,156,99936,156,100011,556,99935,156,100020,156,99924,156,100032,156,99921,156,100034,100,99920,100,100044,100,99912,100,100046,100,99907,100,100048,100,99897,100,100049,100,99892,100
2019-06-28 09:33:25.053051314,99997,156,99972,256,100006,156,99936,156,100011,556,99935,156,100020,156,99924,156,100032,156,99921,156,100034,100,99920,100,100044,100,99912,100,100046,100,99907,100,100048,100,99897,100,100049,100,99892,100
2019-06-28 09:33:30.000000000,99997,240,99972,340,100006,240,99936,240,100011,500,99935,100,100020,100,99924,100,100032,100,99921,100,100034,100,99920,100,100044,100,99912,100,100046,100,99907,100,100048,100,99897,100,100049,100,99892,100
2019-06-28 09:33:40.000000000,99997,380,99972,480,100006,100,99936,100,100011,500,99935,100,100020,100,99924,100,100032,100,99921,100,100034,100,99920,100,100044,100,99912,100,100046,100,99907,100,100048,100,99897,100,100049,100,99892,100
2019-06-28 09:33:50.000000000,99997,380,99972,480,100006,100,99936,100,100011,500,99935,100,100020,100,99924,100,100032,100,99921,100,100034,100,99920,100,100044,100,99912,100,100046,100,99907,100,100048,100,99897,100,100049,100,99892,100
2019-06-28 09:34:00.000000000,99997,170,99972,270,100006,170,99936,170,100011,570,99935,170,100020,170,99924,170,100032,100,99921,100,100034,100,99920,100,100044,100,99912,100,100046,100,99907,100,100048,100,99897,100,100049,100,99892,100
2019-06-28 09:34:10.000000000,99997,170,99972,270,100006,170,99936,170,100011,570,99935,170,100020,170,99924,170,100032,100,99921,100,100034,100,99920,100,100044,100,99912,100,100046,100,99907,100,100048,100,99897,100,100049,100,99892,100
2019-06-28 09:34:20.000000000,99997,195,99972,295,100006,192,99936,192,100011,592,99935,192,100020,100,99924,100,100032,100,99921,100,100034,100,99920,100,100044,100,99912,100,100046,100,99907,100,100048,100,99897,100,100049,100,99892,100
2019-06-28 09:34:30.000000000,99997,170,99972,270,100006,170,99936,170,100011,570,99935,170,100020,170,99924,170,100032,100,99921,100,100034,100,99920,100,100044,100,99912,100,100046,100,99907,100,100048,100,99897,100,100049,100,99892,100
2019-06-28 09:34:39.636312639,99997,170,99972,270,100006,170,99936,170,100011,470,99935,170,100020,170,99924,170,100032,100,99921,100,100034,100,99920,100,100044,100,99912,100,100046,100,99907,100,100048,100,99897,100,100049,100,99892,100
2019-06-28 09:34:40.000000000,99997,170,99972,270,100006,170,99936,170,100011,470,99935,170,100020,170,99924,170,100032,100,99921,100,100034,100,99920,100,100044,100,99912,100,100046,100,99907,100,100048,100,99897,100,100049,100,99892,100
2019-06-28 09:34:50.000000000,99997,380,99972,480,100006,100,99936,100,100011,400,99935,100,100020,100,99924,100,100032,100,99921,100,100034,100,99920,100,100044,100,99912,100,100046,100,99907,100,100048,100,99897,100,100049,100,99892,100
2019-06-28 09:34:52.584251440,99997,380,99972,480,100006,100,99936,100,100011,400,99935,100,100020,100,99924,100,100032,100,99921,100,100034,100,99920,100,100044,100,99912,100,100048,100,99907,100,100049,100,99897,100,100052,100,99892,100
2019-06-28 09:35:00.000000000,99997,240,99972,340,100006,240,99936,240,100011,400,99935,100,100020,100,99924,100,100032,100,99921,100,100034,100,99920,100,100044,100,99912,100,100048,100,99907,100,100049,100,99897,100,100052,100,99892,100
2019-06-28 09:35:02.600610825,99997,240,99972,340,100006,240,99936,240,100011,400,99935,100,100020,100,99924,100,100032,100,99921,100,100034,100,99920,100,100044,100,99912,100,100049,100,99907,100,100052,100,99897,100,100057,100,99892,100
2019-06-28 09:35:09.457209469,99997,240,99972,240,100006,240,99936,240,100011,400,99935,100,100020,100,99924,100,100032,100,99921,100,100034,100,99920,100,100044,100,99912,100,100049,100,99907,100,100052,100,99897,100,100057,100,99892,100
2019-06-28 09:35:10.000000000,99997,195,99972,195,100006,192,99936,192,100011,492,99935,192,100020,100,99924,100,100032,100,99921,100,100034,100,99920,100,100044,100,99912,100,100049,100,99907,100,100052,100,99897,100,100057,100,99892,100
2019-06-28 09:35:15.973507891,99997,195,99972,95,100006,192,99936,192,100011,492,99935,192,100020,100,99924,100,100032,100,99921,100,100034,100,99920,100,100044,100,99912,100,100049,100,99907,100,100052,100,99897,100,100057,100,99892,100
2019-06-28 09:35:20.000000000,99997,156,99936,156,100006,156,99935,156,100011,456,99924,156,100020,156,99921,156,100032,156,99920,156,100034,100,99912,100,100044,100,99907,100,100049,100,99897,100,100052,100,99892,100,100057,100,99889,100
2019-06-28 09:35:26.145967550,99997,156,99936,156,100006,156,99935,156,100011,456,99924,156,100020,156,99921,156,100032,156,99920,156,100034,100,99912,100,100044,100,99907,100,100049,100,99897,100,100052,100,99892,100,100057,100,99889,100
2019-06-28 09:35:30.000000000,99997,240,99936,240,100006,240,99935,240,100011,400,99924,100,100020,100,99921,100,100032,100,99920,100,100034,100,99912,100,100044,100,99907,100,100049,100,99897,100,100052,100,99892,100,100057,100,99889,100
2019-06-28 09:35:35.617505334,99997,240,99936,140,100006,240,99935,240,100011,400,99924,100,100020,100,99921,100,100032,100,99920,100,100034,100,99912,100,100044,100,99907,100,100049,100,99897,100,100052,100,99892,100,100057,100,99889,100
2019-06-28 09:35:37.953338875,99972,100,99936,140,99997,240,99935,240,100006,240,99924,100,100011,400,99921,100,100020,100,99920,100,100032,100,99912,100,100034,100,99907,100,100044,100,99897,100,100049,100,99892,100,100052,100,99889,100
2019-06-28 09:35:40.000000000,99972,240,99935,240,99997,240,99924,240,100006,100,99921,100,100011,400,99920,100,100020,100,99912,100,100032,100,99907,100,100034,100,99897,100,100044,100,99892,100,100049,100,99889,100,100052,100,99888,100
2019-06-28 09:35:50.000000000,99972,156,99935,156,99997,156,99924,156,100006,156,99921,156,100011,456,99920,156,100020,156,99912,156,100032,100,99907,100,100034,100,99897,100,100044,100,99892,100,100049,100,99889,100,100052,100,99888,100
2019-06-28 09:35:51.148541563,99972,156,99935,156,99997,156,99924,156,100006,156,99921,156,100011,456,99920,156,100020,156,99912,156,100032,100,99907,100,100034,100,99897,100,100044,100,99892,100,100049,100,99889,100,100052,100,99888,100
2019-06-28 09:35:52.601996706,99972,156,99935,156,99997,156,99924,156,100006,156,99921,156,100011,456,99920,156,100020,156,99912,156,100032,100,99907,100,100034,100,99897,100,100044,100,99892,100,100049,100,99889,100,100052,100,99888,100
2019-06-28 09:35:54.257634254,99972,156,99935,56,99997,156,99924,156,100006,156,99921,156,100011,456,99920,156,100020,156,99912,156,100032,100,99907,100,100034,100,99897,100,100044,100,99892,100,100049,100,99889,100,100052,100,99888,100
2019-06-28 09:35:55.875591203,99972,156,99935,56,99997,156,99924,156,100006,156,99921,156,100011,456,99920,156,100020,156,99912,156,100032,100,99907,100,100034,100,99897,100,100044,100,99892,100,100049,100,99889,100,100052,100,99888,100
2019-06-28 09:36:00.000000000,99972,156,99924,156,99997,156,99921,156,100006,156,99920,156,100011,456,99912,156,100020,156,99907,156,100032,100,99897,100,100034,100,99892,100,100044,100,99889,100,100049,100,99888,100,100052,100,99882,100
2019-06-28 09:36:10.000000000,99972,195,99924,195,99997,192,99921,192,100006,192,99920,192,100011,400,99912,100,100020,100,99907,100,100032,100,99897,100,100034,100,99892,100,100044,100,99889,100,100049,100,99888,100,100052,100,99882,100
2019-06-28 09:36:10.282034364,99972,195,99938,100,99997,192,99924,195,100006,192,99921,192,100011,400,99920,192,100020,100,99912,100,100032,100,99907,100,100034,100,99897,100,100044,100,99892,100,100049,100,99889,100,100052,100,99888,100
2019-06-28 09:36:11.648983747,99972,95,99924,195,99997,192,99921,192,100006,192,99920,192,100011,400,99912,100,100020,100,99907,100,100032,100,99897,100,100034,100,99892,100,100044,100,99889,100,100049,100,99888,100,100052,100,99882,100
2019-06-28 09:36:14.615493930,99924,5,99921,192,99972,95,99920,192,99997,192,99912,100,100006,192,99907,100,100011,400,99897,100,100020,100,99892,100,100032,100,99889,100,100034,100,99888,100,100044,100,99882,100,100049,100,99880,100
2019-06-28 09:36:20.000000000,99924,285,99921,380,99997,100,99920,100,100006,100,99912,100,100011,400,99907,100,100020,100,99897,100,100032,100,99892,100,100034,100,99889,100,100044,100,99888,100,100049,100,99882,100,100052,100,99880,100
2019-06-28 09:36:30.000000000,99924,100,99921,195,99997,192,99920,192,100006,192,99912,192,100011,400,99907,100,100020,100,99897,100,100032,100,99892,100,100034,100,99889,100,100044,100,99888,100,100049,100,99882,100,100052,100,99880,100
2019-06-28 09:36:40.000000000,99924,100,99921,195,99997,192,99920,192,100006,192,99912,192,100011,400,99907,100,100020,100,99897,100,100032,100,99892,100,100034,100,99889,100,100044,100,99888,100,100049,100,99882,100,100052,100,99880,100
2019-06-28 09:36:42.295630285,99924,100,99921,195,99997,192,99920,192,100006,192,99912,192,100011,400,99907,100,100032,100,99897,100,100034,100,99892,100,100044,100,99889,100,100049,100,99888,100,100052,100,99882,100,100057,100,99880,100
2019-06-28 09:36:50.000000000,99924,61,99921,156,99997,156,99920,156,100006,156,99912,156,100011,456,99907,156,100032,156,99897,156,100034,100,99892,100,100044,100,99889,100,100049,100,99888,100,100052,100,99882,100,100057,100,99880,100
2019-06-28 09:37:00.000000000,99924,145,99921,240,99997,240,99920,240,100006,100,99912,100,100011,400,99907,100,100032,100,99897,100,100034,100,99892,100,100044,100,99889,100,100049,100,99888,100,100052,100,99882,100,100057,100,99880,100
2019-06-28 09:37:10.000000000,99924,100,99921,195,99997,192,99920,192,100006,192,99912,192,100011,400,99907,100,100032,100,99897,100,100034,100,99892,100,100044,100,99889,100,100049,100,99888,100,100052,100,99882,100,100057,100,99880,100
2019-06-28 09:37:17.902080619,99997,192,99924,5,100006,192,99921,195,100011,400,99920,192,100032,100,99912,192,100034,100,99907,100,100044,100,99897,100,100049,100,99892,100,100052,100,99889,100,100057,100,99888,100,100066,100,99882,100
2019-06-28 09:37:19.348917656,99997,192,99924,5,100006,192,99921,195,100011,400,99920,192,100032,100,99912,192,100034,100,99907,100,100044,100,99897,100,100049,100,99892,100,100052,100,99889,100,100057,100,99888,100,100066,100,99882,100
2019-06-28 09:37:20.000000000,99997,170,99924,75,100006,170,99921,170,100011,470,99920,170,100032,170,99912,170,100034,100,99907,100,100044,100,99897,100,100049,100,99892,100,100052,100,99889,100,100057,100,99888,100,100066,100,99882,100
2019-06-28 09:37:26.266208216,99997,70,99924,70,100006,170,99921,170,100011,470,99920,170,100032,170,99912,170,100034,100,99907,100,100044,100,99897,100,100049,100,99892,100,100052,100,99889,100,100057,100,99888,100,100066,100,99882,100
2019-06-28 09:37:30.000000000,100006,170,99921,170,100011,470,99920,170,100032,170,99912,170,100034,170,99907,170,100044,100,99897,100,100049,100,99892,100,100052,100,99889,100,100057,100,99888,100,100066,100,99882,100,100088,100,99880,100
2019-06-28 09:37:30.970735614,100006,70,99921,170,100011,470,99920,170,100032,170,99912,170,100034,170,99907,170,100044,100,99897,100,100049,100,99892,100,100052,100,99889,100,100057,100,99888,100,100088,100,99882,100,100089,100,99880,100
2019-06-28 09:37:40.000000000,100011,680,99921,380,100032,100,99920,100,100034,100,99912,100,100044,100,99907,100,100049,100,99897,100,100052,100,99892,100,100057,100,99889,100,100088,100,99888,100,100089,100,99882,100,100113,100,99880,100
2019-06-28 09:37:44.858868404,100011,680,99997,100,100032,100,99921,380,100034,100,99920,100,100044,100,99912,100,100049,100,99907,100,100052,100,99897,100,100057,100,99892,100,100088,100,99889,100,100089,100,99888,100,100113,100,99882,100
2019-06-28 09:37:45.288957347,100011,680,99997,100,100032,100,99921,380,100034,100,99920,100,100044,100,99912,100,100049,100,99907,100,100052,100,99897,100,100057,100,99892,100,100088,100,99889,100,100089,100,99888,100,100113,100,99882,100
2019-06-28 09:37:48.620601871,100011,680,99997,100,100032,100,99921,380,100044,100,99920,100,100049,100,99912,100,100052,100,99907,100,100057,100,99897,100,100088,100,99892,100,100089,100,99889,100,100113,100,99888,100,100139,100,99882,100
2019-06-28 09:37:50.000000000,100011,470,99997,170,100032,170,99921,170,100044,170,99920,170,100049,170,99912,170,100052,100,99907,100,100057,100,99897,100,100088,100,99892,100,100089,100,99889,100,100113,100,99888,100,100139,100,99882,100
2019-06-28 09:38:00.000000000,100011,540,99997,240,100032,240,99921,240,100044,100,99920,100,100049,100,99912,100,100052,100,99907,100,100057,100,99897,100,100088,100,99892,100,100089,100,99889,100,100113,100,99888,100,100139,100,99882,100
2019-06-28 09:38:10.000000000,100011,456,99997,156,100032,156,99921,156,100044,156,99920,156,100049,156,99912,156,100052,156,99907,156,100057,100,99897,100,100088,100,99892,100,100089,100,99889,100,100113,100,99888,100,100139,100,99882,100
2019-06-28 09:38:14.205786949,100011,356,99997,156,100032,156,99921,156,100044,156,99920,156,100049,156,99912,156,100052,156,99907,156,100057,100,99897,100,100088,100,99892,100,100089,100,99889,100,100113,100,99888,100,100139,100,99882,100
2019-06-28 09:38:20.000000000,100011,580,99997,380,100032,100,99921,100,100044,100,99920,100,100049,100,99912,100,100052,100,99907,100,100057,100,99897,100,100088,100,99892,100,100089,100,99889,100,100113,100,99888,100,100139,100,99882,100
2019-06-28 09:38:30.000000000,100011,580,99997,380,100032,100,99921,100,100044,100,99920,100,100049,100,99912,100,100052,100,99907,100,100057,100,99897,100,100088,100,99892,100,100089,100,99889,100,100113,100,99888,100,100139,100,99882,100
2019-06-28 09:38:30.723589678,100011,580,100006,100,100032,100,99997,380,100044,100,99921,100,100049,100,99920,100,100052,100,99912,100,100057,100,99907,100,100088,100,99897,100,100089,100,99892,100,100113,100,99889,100,100139,100,99888,100
2019-06-28 09:38:37.721425031,100011,580,100006,100,100032,100,99997,380,100044,100,99921,100,100049,100,99920,100,100052,100,99912,100,100057,100,99907,100,100088,100,99897,100,100089,100,99892,100,100113,100,99889,100,100139,100,99888,100
2019-06-28 09:38:40.000000000,100011,395,100006,195,100032,192,99997,192,100044,192,99921,192,100049,100,99920,100,100052,100,99912,100,100057,100,99907,100,100088,100,99897,100,100089,100,99892,100,100113,100,99889,100,100139,100,99888,100
2019-06-28 09:38:50.000000000,100011,356,100006,156,100032,156,99997,156,100044,156,99921,156,100049,156,99920,156,100052,156,99912,156,100057,100,99907,100,100088,100,99897,100,100089,100,99892,100,100113,100,99889,100,100139,100,99888,100
2019-06-28 09:39:00.000000000,100011,440,100006,240,100032,240,99997,240,100044,100,99921,100,100049,100,99920,100,100052,100,99912,100,100057,100,99907,100,100088,100,99897,100,100089,100,99892,100,100113,100,99889,100,100139,100,99888,100
2019-06-28 09:39:03.149280299,100011,440,100006,240,100032,240,99997,240,100044,100,99921,100,100049,100,99920,100,100052,100,99912,100,100057,100,99907,100,100088,100,99897,100,100089,100,99892,100,100113,100,99889,100,100139,100,99888,100
2019-06-28 09:39:10.000000000,100011,395,100006,195,100032,192,99997,192,100044,192,99921,192,100049,100,99920,100,100052,100,99912,100,100057,100,99907,100,100088,100,99897,100,100089,100,99892,100,100113,100,99889,100,100139,100,99888,100
2019-06-28 09:39:20.000000000,100011,440,100006,240,100032,240,99997,240,100044,100,99921,100,100049,100,99920,100,100052,100,99912,100,100057,100,99907,100,100088,100,99897,100,100089,100,99892,100,100113,100,99889,100,100139,100,99888,100
2019-06-28 09:39:23.774959310,100011,440,100006,240,100032,240,99997,240,100044,100,99921,100,100049,100,99920,100,100052,100,99912,100,100057,100,99907,100,100088,100,99897,100,100089,100,99892,100,100113,100,99889,100,100139,100,99888,100
2019-06-28 09:39:30.000000000,100011,395,100006,195,100032,192,99997,192,100044,192,99921,192,100049,100,99920,100,100052,100,99912,100,100057,100,99907,100,100088,100,99897,100,100089,100,99892,100,100113,100,99889,100,100139,100,99888,100
2019-06-28 09:39:34.307483497,100011,295,100006,195,100032,192,99997,192,100044,192,99921,192,100049,100,99920,100,100052,100,99912,100,100057,100,99907,100,100088,100,99897,100,100089,100,99892,100,100113,100,99889,100,100139,100,99888,100
2019-06-28 09:39:34.970452284,100011,195,100006,195,100032,192,99997,192,100044,92,99921,192,100049,100,99920,100,100052,100,99912,100,100057,100,99907,100,100088,100,99897,100,100089,100,99892,100,100113,100,99889,100,100139,100,99888,100
2019-06-28 09:39:40.000000000,100011,240,100006,240,100032,240,99997,240,100049,100,99921,100,100052,100,99920,100,100057,100,99912,100,100088,100,99907,100,100089,100,99897,100,100113,100,99892,100,100139,100,99889,100,100159,100,99888,100
2019-06-28 09:39:42.582712619,100011,140,100006,240,100032,240,99997,240,100049,100,99921,100,100052,100,99920,100,100057,100,99912,100,100088,100,99907,100,100089,100,99897,100,100113,100,99892,100,100139,100,99889,100,100159,100,99888,100
2019-06-28 09:39:50.000000000,100032,156,100006,156,100049,156,99997,156,100052,156,99921,156,100057,156,99920,156,100088,156,99912,156,100089,100,99907,100,100113,100,99897,100,100139,100,99892,100,100159,100,99889,100,100183,100,99888,100
2019-06-28 09:40:00.000000000,100032,240,100006,240,100049,240,99997,240,100052,100,99921,100,100057,100,99920,100,100088,100,99912,100,100089,100,99907,100,100113,100,99897,100,100139,100,99892,100,100159,100,99889,100,100183,100,99888,100
2019-06-28 09:40:06.255918482,100032,240,100011,100,100049,240,100006,240,100052,100,99997,240,100057,100,99921,100,100088,100,99920,100,100089,100,99912,100,100113,100,99907,100,100139,100,99897,100,100159,100,99892,100,100183,100,99889,100
2019-06-28 09:40:07.906767247,100032,240,100011,200,100049,240,100006,240,100052,100,99997,240,100057,100,99921,100,100088,100,99920,100,100089,100,99912,100,100113,100,99907,100,100139,100,99897,100,100159,100,99892,100,100183,100,99889,100
2019-06-28 09:40:10.000000000,100032,156,100011,256,100049,156,100006,156,100052,156,99997,156,100057,156,99921,156,100088,156,99920,156,100089,100,99912,100,100113,100,99907,100,100139,100,99897,100,100159,100,99892,100,100183,100,99889,100
2019-06-28 09:40:20.000000000,100032,156,100011,256,100049,156,100006,156,100052,156,99997,156,100057,156,99921,156,100088,156,99920,156,100089,100,99912,100,100113,100,99907,100,100139,100,99897,100,100159,100,99892,100,100183,100,99889,100
2019-06-28 09:40:30.000000000,100032,240,100011,340,100049,240,100006,240,100052,100,99997,100,100057,100,99921,100,100088,100,99920,100,100089,100,99912,100,100113,100,99907,100,100139,100,99897,100,100159,100,99892,100,100183,100,99889,100
2019-06-28 09:40:40.000000000,100032,170,100011,270,100049,170,100006,170,100052,170,99997,170,100057,170,99921,170,100088,100,99920,100,100089,100,99912,100,100113,100,99907,100,100139,100,99897,100,100159,100,99892,100,100183,100,99889,100
2019-06-28 09:40:48.690779502,100032,70,100011,270,100049,170,100006,170,100052,170,99997,170,100057,170,99921,170,100088,100,99920,100,100089,100,99912,100,100113,100,99907,100,100139,100,99897,100,100159,100,99892,100,100183,100,99889,100
2019-06-28 09:40:50.000000000,100049,380,100011,480,100052,100,100006,100,100057,100,99997,100,100088,100,99921,100,100089,100,99920,100,100113,100,99912,100,100139,100,99907,100,100159,100,99897,100,100183,100,99892,100,100220,100,99889,100
2019-06-28 09:40:59.504328456,100049,380,100012,100,100052,100,100011,480,100057,100,100006,100,100088,100,99997,100,100089,100,99921,100,100113,100,99920,100,100139,100,99912,100,100159,100,99907,100,100183,100,99897,100,100220,100,99892,100
2019-06-28 09:41:00.000000000,100049,195,100012,195,100052,192,100011,292,100057,192,100006,192,100088,100,99997,100,100089,100,99921,100,100113,100,99920,100,100139,100,99912,100,100159,100,99907,100,100183,100,99897,100,100220,100,99892,100
2019-06-28 09:41:10.000000000,100049,170,100012,170,100052,170,100011,270,100057,170,100006,170,100088,170,99997,170,100089,100,99921,100,100113,100,99920,100,100139,100,99912,100,100159,100,99907,100,100183,100,99897,100,100220,100,99892,100
2019-06-28 09:41:20.000000000,100049,156,100012,156,100052,156,100011,256,100057,156,100006,156,100088,156,99997,156,100089,156,99921,156,100113,100,99920,100,100139,100,99912,100,100159,100,99907,100,100183,100,99897,100,100220,100,99892,100
2019-06-28 09:41:21.199263179,100049,156,100012,156,100052,156,100011,256,100057,156,100006,156,100088,156,99997,156,100089,156,99921,156,100113,100,99920,100,100159,100,99912,100,100183,100,99907,100,100220,100,99897,100,100238,100,99892,100
2019-06-28 09:41:24.088282718,100049,56,100012,156,100052,156,100011,256,100057,156,100006,156,100088,156,99997,156,100089,156,99921,156,100113,100,99920,100,100159,100,99912,100,100183,100,99907,100,100220,100,99897,100,100272,100,99892,100
2019-06-28 09:41:30.000000000,100052,170,100012,170,100057,170,100011,270,100088,170,100006,170,100089,170,99997,170,100113,100,99921,100,100159,100,99920,100,100183,100,99912,100,100220,100,99907,100,100272,100,99897,100,100294,100,99892,100
2019-06-28 09:41:40.000000000,100052,380,100012,380,100057,100,100011,200,100088,100,100006,100,100089,100,99997,100,100113,100,99921,100,100159,100,99920,100,100183,100,99912,100,100220,100,99907,100,100272,100,99897,100,100294,100,99892,100
2019-06-28 09:41:50.000000000,100052,195,100012,195,100057,192,100011,292,100088,192,100006,192,100089,100,99997,100,100113,100,99921,100,100159,100,99920,100,100183,100,99912,100,100220,100,99907,100,100272,100,99897,100,100294,100,99892,100
2019-06-28 09:42:00.000000000,100052,170,100012,170,100057,170,100011,270,100088,170,100006,170,100089,170,99997,170,100113,100,99921,100,100159,100,99920,100,100183,100,99912,100,100220,100,99907,100,100272,100,99897,100,100294,100,99892,100
2019-06-28 09:42:02.670803924,100031,100,100012,170,100052,170,100011,270,100057,170,100006,170,100088,170,99997,170,100089,170,99921,100,100113,100,99920,100,100159,100,99912,100,100183,100,99907,100,100220,100,99897,100,100272,100,99892,100
2019-06-28 09:42:08.664256802,100031,100,100012,170,100052,170,100011,270,100057,170,100006,170,100088,170,99997,170,100089,170,99921,100,100113,100,99920,100,100157,100,99912,100,100159,100,99907,100,100183,100,99892,100,100220,100,99889,100
2019-06-28 09:42:10.000000000,100031,380,100012,380,100052,100,100011,200,100057,100,100006,100,100088,100,99997,100,100089,100,99921,100,100113,100,99920,100,100157,100,99912,100,100159,100,99907,100,100183,100,99892,100,100220,100,99889,100
2019-06-28 09:42:15.219892163,100031,380,100012,380,100052,100,100011,200,100057,100,100006,100,100088,100,99997,100,100089,100,99921,100,100113,100,99920,100,100157,100,99912,100,100159,100,99907,100,100183,100,99892,100,100220,100,99889,100
2019-06-28 09:42:20.000000000,100031,240,100012,240,100052,240,100011,340,100057,100,100006,100,100088,100,99997,100,100089,100,99921,100,100113,100,99920,100,100157,100,99912,100,100159,100,99907,100,100183,100,99892,100,100220,100,99889,100
2019-06-28 09:42:30.000000000,100031,240,100012,240,100052,240,100011,340,100057,100,100006,100,100088,100,99997,100,100089,100,99921,100,100113,100,99920,100,100157,100,99912,100,100159,100,99907,100,100183,100,99892,100,100220,100,99889,100
2019-06-28 09:42:40.000000000,100031,170,100012,170,100052,170,100011,270,100057,170,100006,170,100088,170,99997,170,100089,100,99921,100,100113,100,99920,100,100157,100,99912,100,100159,100,99907,100,100183,100,99892,100,100220,100,99889,100
2019-06-28 09:42:43.923403060,100031,70,100012,170,100052,170,100011,270,100057,170,100006,170,100088,170,99997,170,100089,100,99921,100,100113,100,99920,100,100157,100,99912,100,100159,100,99907,100,100183,100,99892,100,100220,100,99889,100
2019-06-28 09:42:50.000000000,100052,240,100012,240,100057,240,100011,340,100088,100,100006,100,100089,100,99997,100,100113,100,99921,100,100157,100,99920,100,100159,100,99912,100,100183,100,99907,100,100220,100,99892,100,100272,100,99889,100
2019-06-28 09:42:50.326926571,100030,100,100012,240,100052,240,100011,340,100057,240,100006,100,100088,100,99997,100,100089,100,99921,100,100113,100,99920,100,100157,100,99912,100,100159,100,99907,100,100183,100,99892,100,100220,100,99889,100
2019-06-28 09:42:58.046259743,100030,100,100012,240,100052,240,100011,340,100057,240,100006,100,100088,100,99997,100,100089,100,99921,100,100092,100,99920,100,100113,100,99912,100,100157,100,99907,100,100159,100,99892,100,100183,100,99889,100
2019-06-28 09:43:00.000000000,100030,195,100012,195,100052,192,100011,292,100057,192,100006,192,100088,100,99997,100,100089,100,99921,100,100092,100,99920,100,100113,100,99912,100,100157,100,99907,100,100159,100,99892,100,100183,100,99889,100
2019-06-28 09:43:10.000000000,100030,195,100012,195,100052,192,100011,292,100057,192,100006,192,100088,100,99997,100,100089,100,99921,100,100092,100,99920,100,100113,100,99912,100,100157,100,99907,100,100159,100,99892,100,100183,100,99889,100
2019-06-28 09:43:10.560887009,100030,195,100012,95,100052,192,100011,292,100057,192,100006,192,100088,100,99997,100,100089,100,99921,100,100092,100,99920,100,100157,100,99912,100,100159,100,99907,100,100183,100,99892,100,100220,100,99889,100
2019-06-28 09:43:20.000000000,100030,195,100011,295,100052,192,100006,192,100057,192,99997,192,100088,100,99921,100,100089,100,99920,100,100092,100,99912,100,100157,100,99907,100,100159,100,99892,100,100183,100,99889,100,100220,100,99888,100
2019-06-28 09:43:30.000000000,100030,240,100011,340,100052,240,100006,240,100057,100,99997,100,100088,100,99921,100,100089,100,99920,100,100092,100,99912,100,100157,100,99907,100,100159,100,99892,100,100183,100,99889,100,100220,100,99888,100
2019-06-28 09:43:40.000000000,100030,170,100011,270,100052,170,100006,170,100057,170,99997,170,100088,170,99921,170,100089,100,99920,100,100092,100,99912,100,100157,100,99907,100,100159,100,99892,100,100183,100,99889,100,100220,100,99888,100
2019-06-28 09:43:43.081082652,100030,170,100011,270,100052,170,100006,170,100057,170,99997,170,100088,170,99921,170,100089,100,99920,100,100092,100,99912,100,100157,100,99907,100,100159,100,99892,100,100183,100,99889,100,100220,100,99888,100
2019-06-28 09:43:49.989430921,100030,170,100011,170,100052,170,100006,170,100057,170,99997,170,100088,170,99921,170,100089,100,99920,100,100092,100,99912,100,100157,100,99907,100,100159,100,99892,100,100183,100,99889,100,100220,100,99888,100
2019-06-28 09:43:50.000000000,100030,380,100011,380,100052,100,100006,100,100057,100,99997,100,100088,100,99921,100,100089,100,99920,100,100092,100,99912,100,100157,100,99907,100,100159,100,99892,100,100183,100,99889,100,100220,100,99888,100
2019-06-28 09:44:00.000000000,100030,240,100011,240,100052,240,100006,240,100057,100,99997,100,100088,100,99921,100,100089,100,99920,100,100092,100,99912,100,100157,100,99907,100,100159,100,99892,100,100183,100,99889,100,100220,100,99888,100
2019-06-28 09:44:04.492433130,100030,240,100011,240,100052,240,100006,240,100057,100,99997,100,100088,100,99921,100,100089,100,99920,100,100092,100,99912,100,100157,100,99907,100,100159,100,99892,100,100183,100,99889,100,100220,100,99888,100
2019-06-28 09:44:10.000000000,100030,156,100011,156,100052,156,100006,156,100057,156,99997,156,100088,156,99921,156,100089,156,99920,156,100092,100,99912,100,100157,100,99907,100,100159,100,99892,100,100183,100,99889,100,100220,100,99888,100
2019-06-28 09:44:20.000000000,100030,240,100011,240,100052,240,100006,240,100057,100,99997,100,100088,100,99921,100,100089,100,99920,100,100092,100,99912,100,100157,100,99907,100,100159,100,99892,100,100183,100,99889,100,100220,100,99888,100
2019-06-28 09:44:27.568394421,100030,240,100011,240,100052,240,100006,240,100057,100,99997,100,100088,100,99921,100,100089,100,99920,100,100092,100,99912,100,100157,100,99907,100,100159,100,99892,100,100220,100,99889,100,100272,100,99888,100
2019-06-28 09:44:30.000000000,100030,156,100011,156,100052,156,100006,156,100057,156,99997,156,100088,156,99921,156,100089,156,99920,156,100092,100,99912,100,100157,100,99907,100,100159,100,99892,100,100220,100,99889,100,100272,100,99888,100
2019-06-28 09:44:39.861487894,100030,156,100011,156,100052,156,100006,156,100057,156,99997,156,100088,156,99921,156,100089,156,99920,156,100092,100,99912,100,100157,100,99907,100,100159,100,99892,100,100220,100,99889,100,100272,100,99888,100
2019-06-28 09:44:40.000000000,100030,170,100011,170,100052,170,100006,170,100057,170,99997,170,100088,170,99921,170,100089,100,99920,100,100092,100,99912,100,100157,100,99907,100,100159,100,99892,100,100220,100,99889,100,100272,100,99888,100
2019-06-28 09:44:46.307453230,100030,170,100011,170,100052,170,100006,170,100057,170,99997,170,100088,170,99921,170,100089,100,99920,100,100092,100,99912,100,100157,100,99907,100,100159,100,99892,100,100220,100,99889,100,100272,100,99888,100
2019-06-28 09:44:50.000000000,100030,240,100011,240,100052,240,100006,240,100057,100,99997,100,100088,100,99921,100,100089,100,99920,100,100092,100,99912,100,100157,100,99907,100,100159,100,99892,100,100220,100,99889,100,100272,100,99888,100
2019-06-28 09:44:58.820389191,100012,100,100011,240,100030,240,100006,240,100052,240,99997,100,100057,100,99921,100,100088,100,99920,100,100089,100,99912,100,100092,100,99907,100,100157,100,99892,100,100159,100,99889,100,100220,100,99888,100
2019-06-28 09:45:00.000000000,100012,170,100011,170,100030,170,100006,170,100052,170,99997,170,100057,170,99921,170,100088,100,99920,100,100089,100,99912,100,100092,100,99907,100,100157,100,99892,100,100159,100,99889,100,100220,100,99888,100
2019-06-28 09:45:10.000000000,100012,170,100011,170,100030,170,100006,170,100052,170,99997,170,100057,170,99921,170,100088,100,99920,100,100089,100,99912,100,100092,100,99907,100,100157,100,99892,100,100159,100,99889,100,100220,100,99888,100
2019-06-28 09:45:15.993297322,100012,170,100011,70,100030,170,100006,170,100052,170,99997,170,100057,170,99921,170,100088,100,99920,100,100089,100,99912,100,100092,100,99907,100,100157,100,99892,100,100159,100,99889,100,100220,100,99888,100
2019-06-28 09:45:20.000000000,100012,156,100006,156,100030,156,99997,156,100052,156,99921,156,100057,156,99920,156,100088,156,99912,156,100089,100,99907,100,100092,100,99892,100,100157,100,99889,100,100159,100,99888,100,100220,100,99798,100
2019-06-28 09:45:27.774505205,100012,56,100006,156,100030,156,99997,156,100052,156,99921,156,100057,156,99920,156,100088,156,99912,156,100089,100,99907,100,100092,100,99892,100,100157,100,99889,100,100159,100,99888,100,100220,100,99798,100
2019-06-28 09:45:30.000000000,100030,170,100006,170,100052,170,99997,170,100057,170,99921,170,100088,170,99920,170,100089,100,99912,100,100092,100,99907,100,100157,100,99892,100,100159,100,99889,100,100220,100,99888,100,100272,100,99798,100
2019-06-28 09:45:40.000000000,100030,380,100006,380,100052,100,99997,100,100057,100,99921,100,100088,100,99920,100,100089,100,99912,100,100092,100,99907,100,100157,100,99892,100,100159,100,99889,100,100220,100,99888,100,100272,100,99798,100
2019-06-28 09:45:41.644379756,100030,380,100006,380,100052,100,99997,100,100057,100,99921,100,100088,100,99920,100,100089,100,99912,100,100092,100,99907,100,100157,100,99892,100,100159,100,99889,100,100220,100,99888,100,100272,100,99798,100
2019-06-28 09:45:50.000000000,100030,156,100006,156,100052,156,99997,156,100057,156,99921,156,100088,156,99920,156,100089,156,99912,156,100092,100,99907,100,100157,100,99892,100,100159,100,99889,100,100220,100,99888,100,100272,100,99798,100
2019-06-28 09:45:56.244561580,100030,156,100006,56,100052,156,99997,156,100057,156,99921,156,100088,156,99920,156,100089,156,99912,156,100092,100,99907,100,100157,100,99892,100,100159,100,99889,100,100220,100,99888,100,100272,100,99798,100
2019-06-28 09:46:00.000000000,100030,195,99997,195,100052,192,99921,192,100057,192,99920,192,100088,100,99912,100,100089,100,99907,100,100092,100,99892,100,100157,100,99889,100,100159,100,99888,100,100220,100,99798,100,100272,100,99680,100
2019-06-28 09:46:10.000000000,100030,240,99997,240,100052,240,99921,240,100057,100,99920,100,100088,100,99912,100,100089,100,99907,100,100092,100,99892,100,100157,100,99889,100,100159,100,99888,100,100220,100,99798,100,100272,100,99680,100
2019-06-28 09:46:20.000000000,100030,240,99997,240,100052,240,99921,240,100057,100,99920,100,100088,100,99912,100,100089,100,99907,100,100092,100,99892,100,100157,100,99889,100,100159,100,99888,100,100220,100,99798,100,100272,100,99680,100
2019-06-28 09:46:30.000000000,100030,195,99997,195,100052,192,99921,192,100057,192,99920,192,100088,100,99912,100,100089,100,99907,100,100092,100,99892,100,100157,100,99889,100,100159,100,99888,100,100220,100,99798,100,100272,100,99680,100
2019-06-28 09:46:40.000000000,100030,380,99997,380,100052,100,99921,100,100057,100,99920,100,100088,100,99912,100,100089,100,99907,100,100092,100,99892,100,100157,100,99889,100,100159,100,99888,100,100220,100,99798,100,100272,100,99680,100
2019-06-28 09:46:42.897263522,100030,380,99997,280,100052,100,99921,100,100057,100,99920,100,100088,100,99912,100,100089,100,99907,100,100092,100,99892,100,100157,100,99889,100,100159,100,99888,100,100220,100,99798,100,100272,100,99680,100
2019-06-28 09:46:50.000000000,100030,156,99921,156,100052,156,99920,156,100057,156,99912,156,100088,156,99907,156,100089,156,99892,156,100092,100,99889,100,100157,100,99888,100,100159,100,99798,100,100220,100,99680,100,100272,100,99648,100
2019-06-28 09:47:00.000000000,100030,170,99921,170,100052,170,99920,170,100057,170,99912,170,100088,170,99907,170,100089,100,99892,100,100092,100,99889,100,100157,100,99888,100,100159,100,99798,100,100220,100,99680,100,100272,100,99648,100
2019-06-28 09:47:02.849611108,100030,170,99921,70,100052,170,99920,170,100057,170,99912,170,100088,170,99907,170,100089,100,99892,100,100092,100,99889,100,100157,100,99888,100,100159,100,99798,100,100220,100,99648,100,100272,100,99504,100
2019-06-28 09:47:10.000000000,100030,240,99920,240,100052,240,99912,240,100057,100,99907,100,100088,100,99892,100,100089,100,99889,100,100092,100,99888,100,100157,100,99798,100,100159,100,99648,100,100220,100,99504,100,100272,100,99500,100
2019-06-28 09:47:20.000000000,100030,195,99920,195,100052,192,99912,192,100057,192,99907,192,100088,100,99892,100,100089,100,99889,100,100092,100,99888,100,100157,100,99798,100,100159,100,99648,100,100220,100,99504,100,100272,100,99500,100
2019-06-28 09:47:21.768277124,100030,195,99920,95,100052,192,99912,192,100057,192,99907,192,100088,100,99892,100,100089,100,99889,100,100092,100,99888,100,100157,100,99798,100,100159,100,99648,100,100220,100,99504,100,100272,100,99500,100
2019-06-28 09:47:30.000000000,100030,156,99912,156,100052,156,99907,156,100057,156,99892,156,100088,156,99889,156,100089,156,99888,156,100092,100,99798,100,100157,100,99648,100,100159,100,99504,100,100220,100,99500,100,100272,100,99446,100
2019-06-28 09:47:39.934470458,99961,100,99912,156,100030,156,99907,156,100052,156,99892,156,100057,156,99889,156,100088,156,99888,156,100089,156,99798,100,100092,100,99648,100,100157,100,99504,100,100159,100,99500,100,100220,100,99446,100
2019-06-28 09:47:40.000000000,99961,380,99912,380,100030,100,99907,100,100052,100,99892,100,100057,100,99889,100,100088,100,99888,100,100089,100,99798,100,100092,100,99648,100,100157,100,99504,100,100159,100,99500,100,100220,100,99446,100
2019-06-28 09:47:50.000000000,99961,380,99912,380,100030,100,99907,100,100052,100,99892,100,100057,100,99889,100,100088,100,99888,100,100089,100,99798,100,100092,100,99648,100,100157,100,99504,100,100159,100,99500,100,100220,100,99446,100
2019-06-28 09:48:00.000000000,99961,240,99912,240,100030,240,99907,240,100052,100,99892,100,100057,100,99889,100,100088,100,99888,100,100089,100,99798,100,100092,100,99648,100,100157,100,99504,100,100159,100,99500,100,100220,100,99446,100
2019-06-28 09:48:00.359233013,99961,240,99912,240,100030,240,99907,240,100052,100,99892,100,100057,100,99889,100,100088,100,99888,100,100089,100,99798,100,100092,100,99648,100,100157,100,99504,100,100159,100,99446,100,100220,100,99393,100
2019-06-28 09:48:10.000000000,99961,240,99912,240,100030,240,99907,240,100052,100,99892,100,100057,100,99889,100,100088,100,99888,100,100089,100,99798,100,100092,100,99648,100,100157,100,99504,100,100159,100,99446,100,100220,100,99393,100
2019-06-28 09:48:20.000000000,99961,195,99912,195,100030,192,99907,192,100052,192,99892,192,100057,100,99889,100,100088,100,99888,100,100089,100,99798,100,100092,100,99648,100,100157,100,99504,100,100159,100,99446,100,100220,100,99393,100
2019-06-28 09:48:23.999909025,99961,195,99912,195,100030,192,99907,192,100052,192,99892,192,100057,100,99889,100,100088,100,99888,100,100089,100,99798,100,100092,100,99648,100,100157,100,99504,100,100159,100,99446,100,100220,100,99393,100
2019-06-28 09:48:24.739580235,99961,195,99912,195,100030,192,99907,192,100052,192,99892,192,100057,100,99889,100,100088,100,99888,100,100089,100,99798,100,100092,100,99648,100,100157,100,99504,100,100159,100,99393,100,100220,100,99385,100
2019-06-28 09:48:30.000000000,99961,195,99912,195,100030,192,99907,192,100052,192,99892,192,100057,100,99889,100,100088,100,99888,100,100089,100,99798,100,100092,100,99648,100,100157,100,99504,100,100159,100,99393,100,100220,100,99385,100
2019-06-28 09:48:40.000000000,99961,170,99912,170,100030,170,99907,170,100052,170,99892,170,100057,170,99889,170,100088,100,99888,100,100089,100,99798,100,100092,100,99648,100,100157,100,99504,100,100159,100,99393,100,100220,100,99385,100
2019-06-28 09:48:41.439992262,99961,70,99912,170,100030,170,99907,170,100052,170,99892,170,100057,170,99889,170,100088,100,99888,100,100089,100,99798,100,100092,100,99648,100,100157,100,99504,100,100159,100,99393,100,100220,100,99385,100
2019-06-28 09:48:50.000000000,100030,380,99912,380,100052,100,99907,100,100057,100,99892,100,100088,100,99889,100,100089,100,99888,100,100092,100,99798,100,100157,100,99648,100,100159,100,99504,100,100220,100,99393,100,100272,100,99385,100
2019-06-28 09:49:00.000000000,100030,156,99912,156,100052,156,99907,156,100057,156,99892,156,100088,156,99889,156,100089,156,99888,156,100092,100,99798,100,100157,100,99648,100,100159,100,99504,100,100220,100,99393,100,100272,100,99385,100
2019-06-28 09:49:10.000000000,100030,156,99912,156,100052,156,99907,156,100057,156,99892,156,100088,156,99889,156,100089,156,99888,156,100092,100,99798,100,100157,100,99648,100,100159,100,99504,100,100220,100,99393,100,100272,100,99385,100
2019-06-28 09:49:20.000000000,100030,240,99912,240,100052,240,99907,240,100057,100,99892,100,100088,100,99889,100,100089,100,99888,100,100092,100,99798,100,100157,100,99648,100,100159,100,99504,100,100220,100,99393,100,100272,100,99385,100
2019-06-28 09:49:30.000000000,100030,240,99912,240,100052,240,99907,240,100057,100,99892,100,100088,100,99889,100,100089,100,99888,100,100092,100,99798,100,100157,100,99648,100,100159,100,99504,100,100220,100,99393,100,100272,100,99385,100
2019-06-28 09:49:38.436823654,100030,240,100026,100,100052,240,99912,240,100057,100,99907,240,100088,100,99892,100,100089,100,99889,100,100092,100,99888,100,100157,100,99798,100,100159,100,99648,100,100220,100,99504,100,100272,100,99393,100
2019-06-28 09:49:40.000000000,100030,240,100026,240,100052,240,99912,240,100057,100,99907,100,100088,100,99892,100,100089,100,99889,100,100092,100,99888,100,100157,100,99798,100,100159,100,99648,100,100220,100,99504,100,100272,100,99393,100
2019-06-28 09:49:42.348836592,100030,240,100026,240,100052,240,99912,240,100057,100,99907,100,100088,100,99892,100,100089,100,99889,100,100092,100,99888,100,100157,100,99798,100,100159,100,99648,100,100220,100,99504,100,100272,100,99393,100
2019-06-28 09:49:45.452162901,100030,240,100026,240,100052,240,99921,100,100057,100,99912,240,100088,100,99907,100,100089,100,99892,100,100092,100,99889,100,100157,100,99888,100,100159,100,99798,100,100220,100,99648,100,100272,100,99504,100
2019-06-28 09:49:46.190869786,100030,240,100026,240,100052,240,99921,200,100057,100,99912,240,100088,100,99907,100,100089,100,99892,100,100092,100,99889,100,100157,100,99888,100,100159,100,99798,100,100220,100,99648,100,100272,100,99504,100
2019-06-28 09:49:50.000000000,100030,156,100026,156,100052,156,99921,256,100057,156,99912,156,100088,156,99907,156,100089,156,99892,156,100092,100,99889,100,100157,100,99888,100,100159,100,99798,100,100220,100,99648,100,100272,100,99504,100
2019-06-28 09:49:51.813862905,100030,156,100026,156,100052,156,99921,356,100057,156,99912,156,100088,156,99907,156,100089,156,99892,156,100092,100,99889,100,100157,100,99888,100,100159,100,99798,100,100220,100,99648,100,100272,100,99504,100
2019-06-28 09:49:55.039129062,100030,56,100026,156,100052,156,99921,356,100057,156,99912,156,100088,156,99907,156,100089,156,99892,156,100092,100,99889,100,100157,100,99888,100,100159,100,99798,100,100220,100,99648,100,100272,100,99504,100
2019-06-28 09:50:00.000000000,100052,156,100026,156,100057,156,99921,356,100088,156,99912,156,100089,156,99907,156,100092,156,99892,156,100157,100,99889,100,100159,100,99888,100,100220,100,99798,100,100272,100,99648,100,100294,100,99504,100
2019-06-28 09:50:04.643357804,100052,156,100026,156,100057,156,99961,100,100088,156,99921,256,100089,156,99912,156,100092,156,99907,156,100157,100,99892,156,100159,100,99889,100,100220,100,99888,100,100272,100,99798,100,100294,100,99648,100
2019-06-28 09:50:07.381703746,100052,156,100026,156,100057,156,99961,100,100088,156,99921,256,100089,156,99912,156,100092,156,99907,156,100157,100,99892,156,100159,100,99889,100,100220,100,99888,100,100272,100,99798,100,100294,100,99648,100
2019-06-28 09:50:10.000000000,100052,170,100026,170,100057,170,99961,170,100088,170,99921,270,100089,170,99912,170,100092,100,99907,100,100157,100,99892,100,100159,100,99889,100,100220,100,99888,100,100272,100,99798,100,100294,100,99648,100
2019-06-28 09:50:20.000000000,100052,240,100026,240,100057,240,99961,240,100088,100,99921,200,100089,100,99912,100,100092,100,99907,100,100157,100,99892,100,100159,100,99889,100,100220,100,99888,100,100272,100,99798,100,100294,100,99648,100
2019-06-28 09:50:21.885177660,100052,240,100026,240,100057,240,99961,240,100088,100,99921,200,100089,100,99912,100,100092,100,99907,100,100157,100,99892,100,100159,100,99889,100,100220,100,99888,100,100272,100,99798,100,100294,100,99648,100
2019-06-28 09:50:26.700961163,100052,140,100026,240,100057,240,99961,240,100088,100,99921,200,100089,100,99912,100,100092,100,99907,100,100157,100,99892,100,100159,100,99889,100,100220,100,99888,100,100272,100,99798,100,100294,100,99648,100
2019-06-28 09:50:30.000000000,100057,195,100026,195,100088,192,99961,192,100089,192,99921,292,100092,100,99912,100,100157,100,99907,100,100159,100,99892,100,100220,100,99889,100,100272,100,99888,100,100294,100,99798,100,100356,100,99648,100
2019-06-28 09:50:36.583462621,100057,95,100026,195,100088,192,99961,192,100089,192,99921,292,100092,100,99912,100,100157,100,99907,100,100159,100,99892,100,100220,100,99889,100,100272,100,99888,100,100294,100,99798,100,100356,100,99648,100
2019-06-28 09:50:40.000000000,100088,170,100026,170,100089,170,99961,170,100092,170,99921,270,100157,170,99912,170,100159,100,99907,100,100220,100,99892,100,100272,100,99889,100,100294,100,99888,100,100356,100,99798,100,100394,100,99648,100
2019-06-28 09:50:50.000000000,100088,170,100026,170,100089,170,99961,170,100092,170,99921,270,100157,170,99912,170,100159,100,99907,100,100220,100,99892,100,100272,100,99889,100,100294,100,99888,100,100356,100,99798,100,100394,100,99648,100
2019-06-28 09:51:00.000000000,100088,170,100026,170,100089,170,99961,170,100092,170,99921,270,100157,170,99912,170,100159,100,99907,100,100220,100,99892,100,100272,100,99889,100,100294,100,99888,100,100356,100,99798,100,100394,100,99648,100
2019-06-28 09:51:09.924343981,100088,170,100026,170,100089,170,99961,170,100092,170,99921,270,100157,170,99912,170,100159,100,99907,100,100220,100,99892,100,100272,100,99889,100,100294,100,99888,100,100356,100,99798,100,100394,100,99695,100
2019-06-28 09:51:10.000000000,100088,170,100026,170,100089,170,99961,170,100092,170,99921,270,100157,170,99912,170,100159,100,99907,100,100220,100,99892,100,100272,100,99889,100,100294,100,99888,100,100356,100,99798,100,100394,100,99695,100
2019-06-28 09:51:20.000000000,100088,195,100026,195,100089,192,99961,192,100092,192,99921,292,100157,100,99912,100,100159,100,99907,100,100220,100,99892,100,100272,100,99889,100,100294,100,99888,100,100356,100,99798,100,100394,100,99695,100
2019-06-28 09:51:20.665196002,100088,195,100026,195,100089,192,99961,192,100092,192,99921,292,100157,100,99912,100,100159,100,99907,100,100220,100,99892,100,100272,100,99889,100,100294,100,99888,100,100356,100,99798,100,100394,100,99695,100
2019-06-28 09:51:30.000000000,100088,380,100026,380,100089,100,99961,100,100092,100,99921,200,100157,100,99912,100,100159,100,99907,100,100220,100,99892,100,100272,100,99889,100,100294,100,99888,100,100356,100,99798,100,100394,100,99695,100
2019-06-28 09:51:35.879510505,100088,380,100026,380,100089,100,99961,100,100092,100,99921,200,100157,100,99912,100,100159,100,99907,100,100220,100,99892,100,100272,100,99889,100,100294,100,99888,100,100356,100,99798,100,100394,100,99703,100
2019-06-28 09:51:40.000000000,100088,156,100026,156,100089,156,99961,156,100092,156,99921,256,100157,156,99912,156,100159,156,99907,156,100220,100,99892,100,100272,100,99889,100,100294,100,99888,100,100356,100,99798,100,100394,100,99703,100
2019-06-28 09:51:50.000000000,100088,380,100026,380,100089,100,99961,100,100092,100,99921,200,100157,100,99912,100,100159,100,99907,100,100220,100,99892,100,100272,100,99889,100,100294,100,99888,100,100356,100,99798,100,100394,100,99703,100
2019-06-28 09:52:00.000000000,100088,156,100026,156,100089,156,99961,156,100092,156,99921,256,100157,156,99912,156,100159,156,99907,156,100220,100,99892,100,100272,100,99889,100,100294,100,99888,100,100356,100,99798,100,100394,100,99703,100
2019-06-28 09:52:01.237043171,100088,156,100026,156,100089,156,99961,156,100092,156,99921,256,100157,156,99912,156,100159,156,99907,156,100220,100,99892,100,100272,100,99889,100,100294,100,99888,100,100356,100,99798,100,100394,100,99703,100
2019-06-28 09:52:10.000000000,100088,380,100026,380,100089,100,99961,100,100092,100,99921,200,100157,100,99912,100,100159,100,99907,100,100220,100,99892,100,100272,100,99889,100,100294,100,99888,100,100356,100,99798,100,100394,100,99703,100
2019-06-28 09:52:20.000000000,100088,170,100026,170,100089,170,99961,170,100092,170,99921,270,100157,170,99912,170,100159,100,99907,100,100220,100,99892,100,100272,100,99889,100,100294,100,99888,100,100356,100,99798,100,100394,100,99703,100
2019-06-28 09:52:30.000000000,100088,240,100026,240,100089,240,99961,240,100092,100,99921,200,100157,100,99912,100,100159,100,99907,100,100220,100,99892,100,100272,100,99889,100,100294,100,99888,100,100356,100,99798,100,100394,100,99703,100
2019-06-28 09:52:36.536119607,100088,240,100026,140,100089,240,99961,240,100092,100,99921,200,100157,100,99912,100,100159,100,99907,100,100220,100,99892,100,100272,100,99889,100,100294,100,99888,100,100356,100,99798,100,100394,100,99703,100
2019-06-28 09:52:40.000000000,100088,380,99961,380,100089,100,99921,200,100092,100,99912,100,100157,100,99907,100,100159,100,99892,100,100220,100,99889,100,100272,100,99888,100,100294,100,99798,100,100356,100,99703,100,100394,100,99648,100
2019-06-28 09:52:50.000000000,100088,380,99961,380,100089,100,99921,200,100092,100,99912,100,100157,100,99907,100,100159,100,99892,100,100220,100,99889,100,100272,100,99888,100,100294,100,99798,100,100356,100,99703,100,100394,100,99648,100
2019-06-28 09:53:00.000000000,100088,240,99961,240,100089,240,99921,340,100092,100,99912,100,100157,100,99907,100,100159,100,99892,100,100220,100,99889,100,100272,100,99888,100,100294,100,99798,100,100356,100,99703,100,100394,100,99648,100
2019-06-28 09:53:10.000000000,100088,195,99961,195,100089,192,99921,292,100092,192,99912,192,100157,100,99907,100,100159,100,99892,100,100220,100,99889,100,100272,100,99888,100,100294,100,99798,100,100356,100,99703,100,100394,100,99648,100
2019-06-28 09:53:20.000000000,100088,380,99961,380,100089,100,99921,200,100092,100,99912,100,100157,100,99907,100,100159,100,99892,100,100220,100,99889,100,100272,100,99888,100,100294,100,99798,100,100356,100,99703,100,100394,100,99648,100
2019-06-28 09:53:29.318859938,100056,100,99961,380,100088,380,99921,100,100089,100,99912,100,100092,100,99907,100,100157,100,99892,100,100159,100,99889,100,100220,100,99888,100,100272,100,99798,100,100294,100,99703,100,100356,100,99648,100
2019-06-28 09:53:30.000000000,100056,170,99961,170,100088,170,99921,170,100089,170,99912,170,100092,170,99907,170,100157,100,99892,100,100159,100,99889,100,100220,100,99888,100,100272,100,99798,100,100294,100,99703,100,100356,100,99648,100
2019-06-28 09:53:40.000000000,100056,380,99961,380,100088,100,99921,100,100089,100,99912,100,100092,100,99907,100,100157,100,99892,100,100159,100,99889,100,100220,100,99888,100,100272,100,99798,100,100294,100,99703,100,100356,100,99648,100
2019-06-28 09:53:50.000000000,100056,170,99961,170,100088,170,99921,170,100089,170,99912,170,100092,170,99907,170,100157,100,99892,100,100159,100,99889,100,100220,100,99888,100,100272,100,99798,100,100294,100,99703,100,100356,100,99648,100
2019-06-28 09:53:50.910657575,100056,270,99961,170,100088,170,99921,170,100089,170,99912,170,100092,170,99907,170,100157,100,99892,100,100159,100,99889,100,100220,100,99888,100,100272,100,99798,100,100294,100,99703,100,100356,100,99648,100
2019-06-28 09:54:00.000000000,100056,256,99961,156,100088,156,99921,156,100089,156,99912,156,100092,156,99907,156,100157,156,99892,156,100159,100,99889,100,100220,100,99888,100,100272,100,99798,100,100294,100,99703,100,100356,100,99648,100
2019-06-28 09:54:00.931562622,100056,256,99961,156,100088,156,99921,156,100089,156,99912,156,100092,156,99907,156,100157,156,99892,156,100159,100,99889,100,100220,100,99888,100,100272,100,99798,100,100294,100,99703,100,100356,100,99648,100
2019-06-28 09:54:04.360684687,100056,256,99961,56,100088,156,99921,156,100089,156,99912,156,100092,156,99907,156,100157,156,99892,156,100159,100,99889,100,100220,100,99888,100,100272,100,99798,100,100294,100,99703,100,100356,100,99648,100
2019-06-28 09:54:10.000000000,100056,295,99921,195,100088,192,99912,192,100089,192,99907,192,100092,100,99892,100,100157,100,99889,100,100159,100,99888,100,100220,100,99798,100,100272,100,99703,100,100294,100,99648,100,100356,100,99560,100
2019-06-28 09:54:20.000000000,100056,270,99921,170,100088,170,99912,170,100089,170,99907,170,100092,170,99892,170,100157,100,99889,100,100159,100,99888,100,100220,100,99798,100,100272,100,99703,100,100294,100,99648,100,100356,100,99560,100
2019-06-28 09:54:30.000000000,100056,295,99921,195,100088,192,99912,192,100089,192,99907,192,100092,100,99892,100,100157,100,99889,100,100159,100,99888,100,100220,100,99798,100,100272,100,99703,100,100294,100,99648,100,100356,100,99560,100
2019-06-28 09:54:40.000000000,100056,256,99921,156,100088,156,99912,156,100089,156,99907,156,100092,156,99892,156,100157,156,99889,156,100159,100,99888,100,100220,100,99798,100,100272,100,99703,100,100294,100,99648,100,100356,100,99560,100
2019-06-28 09:54:42.191348848,100056,256,99921,56,100088,156,99912,156,100089,156,99907,156,100092,156,99892,156,100157,156,99889,156,100159,100,99888,100,100220,100,99798,100,100272,100,99703,100,100294,100,99648,100,100356,100,99560,100
2019-06-28 09:54:50.000000000,100056,340,99912,240,100088,240,99907,240,100089,100,99892,100,100092,100,99889,100,100157,100,99888,100,100159,100,99798,100,100220,100,99703,100,100272,100,99648,100,100294,100,99560,100,100356,100,99504,100
2019-06-28 09:55:00.000000000,100056,480,99912,380,100088,100,99907,100,100089,100,99892,100,100092,100,99889,100,100157,100,99888,100,100159,100,99798,100,100220,100,99703,100,100272,100,99648,100,100294,100,99560,100,100356,100,99504,100
2019-06-28 09:55:10.000000000,100056,270,99912,170,100088,170,99907,170,100089,170,99892,170,100092,170,99889,170,100157,100,99888,100,100159,100,99798,100,100220,100,99703,100,100272,100,99648,100,100294,100,99560,100,100356,100,99504,100
2019-06-28 09:55:20.000000000,100056,340,99912,240,100088,240,99907,240,100089,100,99892,100,100092,100,99889,100,100157,100,99888,100,100159,100,99798,100,100220,100,99703,100,100272,100,99648,100,100294,100,99560,100,100356,100,99504,100
2019-06-28 09:55:22.068553592,100056,340,99912,240,100088,240,99907,240,100089,100,99892,100,100092,100,99889,100,100157,100,99888,100,100159,100,99798,100,100220,100,99703,100,100272,100,99648,100,100294,100,99560,100,100356,100,99504,100
2019-06-28 09:55:30.000000000,100056,480,99912,380,100088,100,99907,100,100089,100,99892,100,100092,100,99889,100,100157,100,99888,100,100159,100,99798,100,100220,100,99703,100,100272,100,99648,100,100294,100,99560,100,100356,100,99504,100
2019-06-28 09:55:40.000000000,100056,480,99912,380,100088,100,99907,100,100089,100,99892,100,100092,100,99889,100,100157,100,99888,100,100159,100,99798,100,100220,100,99703,100,100272,100,99648,100,100294,100,99560,100,100356,100,99504,100
2019-06-28 09:55:45.153756798,100056,480,99912,380,100088,100,99907,100,100089,100,99892,100,100092,100,99889,100,100157,100,99888,100,100159,100,99798,100,100220,100,99703,100,100272,100,99648,100,100294,100,99560,100,100356,100,99504,100
2019-06-28 09:55:50.000000000,100056,295,99912,195,100088,192,99907,192,100089,192,99892,192,100092,100,99889,100,100157,100,99888,100,100159,100,99798,100,100220,100,99703,100,100272,100,99648,100,100294,100,99560,100,100356,100,99504,100
2019-06-28 09:55:54.547845015,100056,295,99912,195,100088,192,99907,192,100089,192,99892,192,100092,100,99889,100,100157,100,99888,100,100159,100,99798,100,100220,100,99703,100,100272,100,99648,100,100294,100,99560,100,100356,100,99504,100
2019-06-28 09:56:00.000000000,100056,270,99912,170,100088,170,99907,170,100089,170,99892,170,100092,170,99889,170,100157,100,99888,100,100159,100,99798,100,100220,100,99703,100,100272,100,99648,100,100294,100,99560,100,100356,100,99504,100
2019-06-28 09:56:10.000000000,100056,340,99912,240,100088,240,99907,240,100089,100,99892,100,100092,100,99889,100,100157,100,99888,100,100159,100,99798,100,100220,100,99703,100,100272,100,99648,100,100294,100,99560,100,100356,100,99504,100
2019-06-28 09:56:20.000000000,100056,256,99912,156,100088,156,99907,156,100089,156,99892,156,100092,156,99889,156,100157,156,99888,156,100159,100,99798,100,100220,100,99703,100,100272,100,99648,100,100294,100,99560,100,100356,100,99504,100
2019-06-28 09:56:30.000000000,100056,256,99912,156,100088,156,99907,156,100089,156,99892,156,100092,156,99889,156,100157,156,99888,156,100159,100,99798,100,100220,100,99703,100,100272,100,99648,100,100294,100,99560,100,100356,100,99504,100
2019-06-28 09:56:40.000000000,100056,340,99912,240,100088,240,99907,240,100089,100,99892,100,100092,100,99889,100,100157,100,99888,100,100159,100,99798,100,100220,100,99703,100,100272,100,99648,100,100294,100,99560,100,100356,100,99504,100
2019-06-28 09:56:50.000000000,100056,295,99912,195,100088,192,99907,192,100089,192,99892,192,100092,100,99889,100,100157,100,99888,100,100159,100,99798,100,100220,100,99703,100,100272,100,99648,100,100294,100,99560,100,100356,100,99504,100
2019-06-28 09:57:00.000000000,100056,295,99912,195,100088,192,99907,192,100089,192,99892,192,100092,100,99889,100,100157,100,99888,100,100159,100,99798,100,100220,100,99703,100,100272,100,99648,100,100294,100,99560,100,100356,100,99504,100
2019-06-28 09:57:10.000000000,100056,256,99912,156,100088,156,99907,156,100089,156,99892,156,100092,156,99889,156,100157,156,99888,156,100159,100,99798,100,100220,100,99703,100,100272,100,99648,100,100294,100,99560,100,100356,100,99504,100
2019-06-28 09:57:20.000000000,100056,480,99912,380,100088,100,99907,100,100089,100,99892,100,100092,100,99889,100,100157,100,99888,100,100159,100,99798,100,100220,100,99703,100,100272,100,99648,100,100294,100,99560,100,100356,100,99504,100
2019-06-28 09:57:30.000000000,100056,295,99912,195,100088,192,99907,192,100089,192,99892,192,100092,100,99889,100,100157,100,99888,100,100159,100,99798,100,100220,100,99703,100,100272,100,99648,100,100294,100,99560,100,100356,100,99504,100
2019-06-28 09:57:33.808039612,100056,295,99912,195,100088,192,99907,192,100089,192,99892,192,100092,100,99889,100,100157,100,99888,100,100159,100,99798,100,100220,100,99703,100,100272,100,99648,100,100294,100,99560,100,100356,100,99504,100
2019-06-28 09:57:34.828656940,100056,295,99912,195,100088,192,99907,192,100089,192,99892,192,100092,100,99889,100,100157,100,99888,100,100159,100,99798,100,100220,100,99703,100,100272,100,99648,100,100294,100,99560,100,100356,100,99504,100
2019-06-28 09:57:37.561707540,99961,100,99912,195,100056,295,99907,192,100088,192,99892,192,100089,192,99889,100,100092,100,99888,100,100157,100,99798,100,100159,100,99703,100,100220,100,99648,100,100272,100,99560,100,100294,100,99504,100
2019-06-28 09:57:40.000000000,99961,170,99912,170,100056,270,99907,170,100088,170,99892,170,100089,170,99889,170,100092,100,99888,100,100157,100,99798,100,100159,100,99703,100,100220,100,99648,100,100272,100,99560,100,100294,100,99504,100
2019-06-28 09:57:45.690334240,99961,170,99912,70,100056,270,99907,170,100088,170,99892,170,100089,170,99889,170,100092,100,99888,100,100157,100,99798,100,100159,100,99703,100,100220,100,99648,100,100272,100,99560,100,100294,100,99504,100
2019-06-28 09:57:50.000000000,99961,240,99907,240,100056,340,99892,240,100088,100,99889,100,100089,100,99888,100,100092,100,99798,100,100157,100,99703,100,100159,100,99648,100,100220,100,99560,100,100272,100,99504,100,100294,100,99385,100
2019-06-28 09:58:00.000000000,99961,240,99907,240,100056,340,99892,240,100088,100,99889,100,100089,100,99888,100,100092,100,99798,100,100157,100,99703,100,100159,100,99648,100,100220,100,99560,100,100272,100,99504,100,100294,100,99385,100
2019-06-28 09:58:01.457458046,99961,240,99907,140,100056,340,99892,240,100088,100,99889,100,100089,100,99888,100,100092,100,99798,100,100159,100,99703,100,100220,100,99648,100,100272,100,99560,100,100294,100,99504,100,100356,100,99385,100
2019-06-28 09:58:05.822089249,99912,100,99907,140,99961,240,99892,240,100056,340,99889,100,100088,100,99888,100,100089,100,99798,100,100092,100,99703,100,100159,100,99648,100,100220,100,99560,100,100272,100,99504,100,100294,100,99385,100
2019-06-28 09:58:10.000000000,99912,156,99892,156,99961,156,99889,156,100056,256,99888,156,100088,156,99798,156,100089,156,99703,156,100092,100,99648,100,100159,100,99560,100,100220,100,99504,100,100272,100,99385,100,100294,100,98845,100
2019-06-28 09:58:16.767417920,99912,156,99892,56,99961,156,99889,156,100056,256,99888,156,100088,156,99798,156,100089,156,99703,156,100092,100,99648,100,100159,100,99560,100,100220,100,99504,100,100272,100,99385,100,100294,100,98845,100
2019-06-28 09:58:20.000000000,99912,380,99889,380,99961,100,99888,100,100056,200,99798,100,100088,100,99703,100,100089,100,99648,100,100092,100,99560,100,100159,100,99504,100,100220,100,99385,100,100272,100,98845,100,100294,100,98787,100
2019-06-28 09:58:30.000000000,99912,170,99889,170,99961,170,99888,170,100056,270,99798,170,100088,170,99703,170,100089,100,99648,100,100092,100,99560,100,100159,100,99504,100,100220,100,99385,100,100272,100,98845,100,100294,100,98787,100
2019-06-28 09:58:40.000000000,99912,156,99889,156,99961,156,99888,156,100056,256,99798,156,100088,156,99703,156,100089,156,99648,156,100092,100,99560,100,100159,100,99504,100,100220,100,99385,100,100272,100,98845,100,100294,100,98787,100
2019-06-28 09:58:50.000000000,99912,156,99889,156,99961,156,99888,156,100056,256,99798,156,100088,156,99703,156,100089,156,99648,156,100092,100,99560,100,100159,100,99504,100,100220,100,99385,100,100272,100,98845,100,100294,100,98787,100
2019-06-28 09:59:00.000000000,99912,170,99889,170,99961,170,99888,170,100056,270,99798,170,100088,170,99703,170,100089,100,99648,100,100092,100,99560,100,100159,100,99504,100,100220,100,99385,100,100272,100,98845,100,100294,100,98787,100
2019-06-28 09:59:10.000000000,99912,156,99889,156,99961,156,99888,156,100056,256,99798,156,100088,156,99703,156,100089,156,99648,156,100092,100,99560,100,100159,100,99504,100,100220,100,99385,100,100272,100,98845,100,100294,100,98787,100
2019-06-28 09:59:16.309733665,99912,156,99889,56,99961,156,99888,156,100056,256,99798,156,100088,156,99703,156,100089,156,99648,156,100092,100,99560,100,100159,100,99504,100,100220,100,99385,100,100272,100,98845,100,100294,100,98787,100
2019-06-28 09:59:20.000000000,99912,170,99888,170,99961,170,99798,170,100056,270,99703,170,100088,170,99648,170,100089,100,99560,100,100092,100,99504,100,100159,100,99385,100,100220,100,98845,100,100272,100,98787,100,100294,100,98160,100
2019-06-28 09:59:30.000000000,99912,170,99888,170,99961,170,99798,170,100056,270,99703,170,100088,170,99648,170,100089,100,99560,100,100092,100,99504,100,100159,100,99385,100,100220,100,98845,100,100272,100,98787,100,100294,100,98160,100
2019-06-28 09:59:37.252525822,99912,170,99888,170,99961,170,99798,70,100056,270,99703,170,100088,170,99648,170,100089,100,99560,100,100092,100,99504,100,100159,100,99385,100,100220,100,98845,100,100272,100,98787,100,100294,100,98564,100
2019-06-28 09:59:40.000000000,99912,195,99888,195,99961,192,99703,192,100056,292,99648,192,100088,100,99560,100,100089,100,99504,100,100092,100,99385,100,100159,100,98845,100,100220,100,98787,100,100272,100,98564,100,100294,100,98160,100
2019-06-28 09:59:46.589822646,99912,195,99888,95,99961,192,99703,192,100056,292,99648,192,100088,100,99560,100,100089,100,99504,100,100092,100,99385,100,100159,100,98845,100,100220,100,98787,100,100272,100,98564,100,100294,100,98160,100
2019-06-28 09:59:50.000000000,99912,170,99703,170,99961,170,99648,170,100056,270,99560,170,100088,170,99504,170,100089,100,99385,100,100092,100,98845,100,100159,100,98787,100,100220,100,98564,100,100272,100,98160,100,100294,100,98143,100
2019-06-28 09:59:57.912781763,99912,170,99703,170,99961,170,99648,170,100056,270,99560,170,100088,170,99504,170,100092,100,99385,100,100159,100,98845,100,100220,100,98787,100,100272,100,98564,100,100294,100,98448,100,100356,100,98160,100
2019-06-28 10:00:00.000000000,99912,156,99703,156,99961,156,99648,156,100056,256,99560,156,100088,156,99504,156,100092,156,99385,156,100159,100,98845,100,100220,100,98787,100,100272,100,98564,100,100294,100,98448,100,100356,100,98160,100
2019-06-28 10:00:03.151417462,99912,156,99703,56,99961,156,99648,156,100056,256,99560,156,100088,156,99504,156,100092,156,99385,156,100159,100,98845,100,100220,100,98787,100,100272,100,98564,100,100294,100,98448,100,100394,100,98160,100
2019-06-28 10:00:10.000000000,99912,170,99648,170,99961,170,99560,170,100056,270,99504,170,100088,170,99385,170,100092,100,98845,100,100159,100,98787,100,100220,100,98564,100,100272,100,98448,100,100294,100,98160,100,100394,100,98143,100
2019-06-28 10:00:17.807902646,99912,170,99648,70,99961,170,99560,170,100056,270,99504,170,100088,170,99385,170,100092,100,98845,100,100159,100,98787,100,100220,100,98564,100,100272,100,98448,100,100294,100,98160,100,100394,100,98143,100
2019-06-28 10:00:20.000000000,99912,380,99560,380,99961,100,99504,100,100056,200,99385,100,100088,100,98845,100,100092,100,98787,100,100159,100,98564,100,100220,100,98448,100,100272,100,98160,100,100294,100,98143,100,100394,100,97845,100
2019-06-28 10:00:30.000000000,99912,195,99560,195,99961,192,99504,192,100056,292,99385,192,100088,100,98845,100,100092,100,98787,100,100159,100,98564,100,100220,100,98448,100,100272,100,98160,100,100294,100,98143,100,100394,100,97845,100
2019-06-28 10:00:40.000000000,99912,156,99560,156,99961,156,99504,156,100056,256,99385,156,100088,156,98845,156,100092,156,98787,156,100159,100,98564,100,100220,100,98448,100,100272,100,98160,100,100294,100,98143,100,100394,100,97845,100
2019-06-28 10:00:41.645582272,99912,156,99560,56,99961,156,99504,156,100056,256,99385,156,100088,156,98845,156,100092,156,98787,156,100159,100,98564,100,100220,100,98448,100,100272,100,98160,100,100294,100,98143,100,100394,100,97845,100
2019-06-28 10:00:42.689520433,99912,156,99560,56,99961,156,99504,156,100056,256,99385,156,100088,156,98845,156,100092,156,98787,156,100159,100,98564,100,100220,100,98448,100,100272,100,98189,100,100294,100,98160,100,100394,100,98143,100
2019-06-28 10:00:45.243856702,99648,100,99560,56,99912,156,99504,156,99961,156,99385,156,100056,256,98845,156,100088,156,98787,156,100092,156,98564,100,100159,100,98448,100,100220,100,98189,100,100272,100,98160,100,100294,100,98143,100
2019-06-28 10:00:45.563856334,99648,100,99560,56,99912,156,99504,156,99961,156,99385,156,100056,256,98845,156,100088,156,98787,156,100092,156,98564,100,100159,100,98448,100,100220,100,98368,100,100272,100,98189,100,100294,100,98160,100
2019-06-28 10:00:47.918016342,99560,44,99504,156,99648,100,99385,156,99912,156,98845,156,99961,156,98787,156,100056,256,98564,100,100088,156,98448,100,100092,156,98189,100,100159,100,98160,100,100220,100,98143,100,100272,100,97845,100
2019-06-28 10:00:50.000000000,99560,184,99504,240,99648,240,99385,240,99912,100,98845,100,99961,100,98787,100,100056,200,98564,100,100088,100,98448,100,100092,100,98189,100,100159,100,98160,100,100220,100,98143,100,100272,100,97845,100
2019-06-28 10:00:52.168677559,99560,284,99504,240,99648,240,99385,240,99912,100,98845,100,99961,100,98787,100,100056,200,98564,100,100088,100,98448,100,100092,100,98189,100,100159,100,98160,100,100220,100,98143,100,100272,100,97845,100
2019-06-28 10:01:00.000000000,99560,239,99504,195,99648,192,99385,192,99912,192,98845,192,99961,100,98787,100,100056,200,98564,100,100088,100,98448,100,100092,100,98189,100,100159,100,98160,100,100220,100,98143,100,100272,100,97845,100
2019-06-28 10:01:03.431902910,99560,339,99504,195,99648,192,99385,192,99912,192,98845,192,99961,100,98787,100,100056,200,98564,100,100088,100,98448,100,100092,100,98189,100,100159,100,98160,100,100220,100,98143,100,100272,100,97845,100
2019-06-28 10:01:10.000000000,99560,384,99504,240,99648,240,99385,240,99912,100,98845,100,99961,100,98787,100,100056,200,98564,100,100088,100,98448,100,100092,100,98189,100,100159,100,98160,100,100220,100,98143,100,100272,100,97845,100
2019-06-28 10:01:12.313385554,99560,384,99504,240,99648,240,99385,240,99912,100,98845,100,99961,100,98787,100,100056,200,98564,100,100088,100,98448,100,100092,100,98189,100,100159,100,98160,100,100220,100,98143,100,100272,100,98017,100
2019-06-28 10:01:12.836346202,99560,384,99504,140,99648,240,99385,240,99912,100,98845,100,99961,100,98787,100,100056,200,98564,100,100088,100,98448,100,100092,100,98189,100,100159,100,98160,100,100220,100,98143,100,100272,100,98017,100
2019-06-28 10:01:20.000000000,99560,524,99385,380,99648,100,98845,100,99912,100,98787,100,99961,100,98564,100,100056,200,98448,100,100088,100,98189,100,100092,100,98160,100,100159,100,98143,100,100220,100,98017,100,100272,100,97845,100
2019-06-28 10:01:30.000000000,99560,314,99385,170,99648,170,98845,170,99912,170,98787,170,99961,170,98564,170,100056,200,98448,100,100088,100,98189,100,100092,100,98160,100,100159,100,98143,100,100220,100,98017,100,100272,100,97845,100
2019-06-28 10:01:40.000000000,99560,524,99385,380,99648,100,98845,100,99912,100,98787,100,99961,100,98564,100,100056,200,98448,100,100088,100,98189,100,100092,100,98160,100,100159,100,98143,100,100220,100,98017,100,100272,100,97845,100
2019-06-28 10:01:40.415852520,99560,524,99385,380,99648,100,98845,100,99912,100,98787,100,99961,100,98564,100,100056,200,98448,100,100088,100,98189,100,100092,100,98160,100,100159,100,98153,100,100220,100,98143,100,100272,100,98017,100
2019-06-28 10:01:50.000000000,99560,314,99385,170,99648,170,98845,170,99912,170,98787,170,99961,170,98564,170,100056,200,98448,100,100088,100,98189,100,100092,100,98160,100,100159,100,98153,100,100220,100,98143,100,100272,100,98017,100
2019-06-28 10:01:58.650168394,99560,314,99385,170,99648,170,98845,170,99912,170,98787,170,99961,170,98564,170,100056,200,98448,100,100088,100,98260,100,100092,100,98189,100,100159,100,98160,100,100220,100,98153,100,100272,100,98143,100
2019-06-28 10:02:00.000000000,99560,300,99385,156,99648,156,98845,156,99912,156,98787,156,99961,156,98564,156,100056,256,98448,156,100088,100,98260,100,100092,100,98189,100,100159,100,98160,100,100220,100,98153,100,100272,100,98143,100
2019-06-28 10:02:08.462078639,99560,300,99385,56,99648,156,98845,156,99912,156,98787,156,99961,156,98564,156,100056,256,98448,156,100088,100,98189,100,100092,100,98160,100,100159,100,98153,100,100220,100,98143,100,100272,100,98017,100
2019-06-28 10:02:10.000000000,99560,384,98845,240,99648,240,98787,240,99912,100,98564,100,99961,100,98448,100,100056,200,98189,100,100088,100,98160,100,100092,100,98153,100,100159,100,98143,100,100220,100,98017,100,100272,100,97845,100
2019-06-28 10:02:10.700473521,99560,384,98845,240,99648,240,98787,240,99912,100,98564,100,99961,100,98448,100,100056,200,98215,100,100088,100,98189,100,100092,100,98160,100,100159,100,98153,100,100220,100,98143,100,100272,100,98017,100
2019-06-28 10:02:16.355573924,99560,384,98845,240,99648,140,98787,240,99912,100,98564,100,99961,100,98448,100,100056,200,98215,100,100088,100,98189,100,100092,100,98160,100,100159,100,98153,100,100220,100,98143,100,100272,100,98017,100
2019-06-28 10:02:20.000000000,99560,524,98845,380,99912,100,98787,100,99961,100,98564,100,100056,200,98448,100,100088,100,98215,100,100092,100,98189,100,100159,100,98160,100,100220,100,98153,100,100272,100,98143,100,100294,100,98017,100
2019-06-28 10:02:30.000000000,99560,314,98845,170,99912,170,98787,170,99961,170,98564,170,100056,270,98448,170,100088,100,98215,100,100092,100,98189,100,100159,100,98160,100,100220,100,98153,100,100272,100,98143,100,100294,100,98017,100
2019-06-28 10:02:30.873576539,99504,100,98845,170,99560,214,98787,170,99912,170,98564,170,99961,170,98448,170,100056,270,98215,100,100088,100,98189,100,100092,100,98160,100,100159,100,98153,100,100220,100,98143,100,100272,100,98017,100
2019-06-28 10:02:38.989472934,99504,200,98845,170,99560,214,98787,170,99912,170,98564,170,99961,170,98448,170,100056,270,98215,100,100088,100,98189,100,100092,100,98160,100,100159,100,98153,100,100220,100,98143,100,100272,100,98017,100
2019-06-28 10:02:40.000000000,99504,340,98845,240,99560,284,98787,240,99912,100,98564,100,99961,100,98448,100,100056,200,98215,100,100088,100,98189,100,100092,100,98160,100,100159,100,98153,100,100220,100,98143,100,100272,100,98017,100
2019-06-28 10:02:49.010273698,99504,340,98845,240,99560,284,98787,240,99912,100,98667,100,99961,100,98564,100,100056,200,98448,100,100088,100,98215,100,100092,100,98189,100,100159,100,98160,100,100220,100,98153,100,100272,100,98143,100
2019-06-28 10:02:50.000000000,99504,480,98845,380,99560,144,98787,100,99912,100,98667,100,99961,100,98564,100,100056,200,98448,100,100088,100,98215,100,100092,100,98189,100,100159,100,98160,100,100220,100,98153,100,100272,100,98143,100
2019-06-28 10:03:00.000000000,99504,256,98845,156,99560,200,98787,156,99912,156,98667,156,99961,156,98564,156,100056,256,98448,156,100088,100,98215,100,100092,100,98189,100,100159,100,98160,100,100220,100,98153,100,100272,100,98143,100
2019-06-28 10:03:10.000000000,99504,340,98845,240,99560,284,98787,240,99912,100,98667,100,99961,100,98564,100,100056,200,98448,100,100088,100,98215,100,100092,100,98189,100,100159,100,98160,100,100220,100,98153,100,100272,100,98143,100
2019-06-28 10:03:15.715770972,99504,340,98845,240,99560,284,98787,240,99912,100,98682,100,99961,100,98667,100,100056,200,98564,100,100088,100,98448,100,100092,100,98215,100,100159,100,98189,100,100220,100,98160,100,100272,100,98153,100
2019-06-28 10:03:20.000000000,99504,480,98845,380,99560,144,98787,100,99912,100,98682,100,99961,100,98667,100,100056,200,98564,100,100088,100,98448,100,100092,100,98215,100,100159,100,98189,100,100220,100,98160,100,100272,100,98153,100
2019-06-28 10:03:30.000000000,99504,270,98845,170,99560,214,98787,170,99912,170,98682,170,99961,170,98667,170,100056,200,98564,100,100088,100,98448,100,100092,100,98215,100,100159,100,98189,100,100220,100,98160,100,100272,100,98153,100
2019-06-28 10:03:40.000000000,99504,256,98845,156,99560,200,98787,156,99912,156,98682,156,99961,156,98667,156,100056,256,98564,156,100088,100,98448,100,100092,100,98215,100,100159,100,98189,100,100220,100,98160,100,100272,100,98153,100
2019-06-28 10:03:50.000000000,99504,256,98845,156,99560,200,98787,156,99912,156,98682,156,99961,156,98667,156,100056,256,98564,156,100088,100,98448,100,100092,100,98215,100,100159,100,98189,100,100220,100,98160,100,100272,100,98153,100
2019-06-28 10:03:56.217950257,99504,356,98845,156,99560,200,98787,156,99912,156,98682,156,99961,156,98667,156,100056,256,98564,156,100088,100,98448,100,100092,100,98215,100,100159,100,98189,100,100220,100,98160,100,100272,100,98153,100
2019-06-28 10:04:00.000000000,99504,395,98845,195,99560,236,98787,192,99912,192,98682,192,99961,100,98667,100,100056,200,98564,100,100088,100,98448,100,100092,100,98215,100,100159,100,98189,100,100220,100,98160,100,100272,100,98153,100
2019-06-28 10:04:02.221961970,99504,395,99094,100,99560,236,98845,195,99912,192,98787,192,99961,100,98682,192,100056,200,98667,100,100088,100,98564,100,100092,100,98448,100,100159,100,98215,100,100220,100,98189,100,100272,100,98160,100
2019-06-28 10:04:10.000000000,99504,395,99094,195,99560,236,98845,192,99912,192,98787,192,99961,100,98682,100,100056,200,98667,100,100088,100,98564,100,100092,100,98448,100,100159,100,98215,100,100220,100,98189,100,100272,100,98160,100
2019-06-28 10:04:20.000000000,99504,440,99094,240,99560,284,98845,240,99912,100,98787,100,99961,100,98682,100,100056,200,98667,100,100088,100,98564,100,100092,100,98448,100,100159,100,98215,100,100220,100,98189,100,100272,100,98160,100
2019-06-28 10:04:30.000000000,99504,356,99094,156,99560,200,98845,156,99912,156,98787,156,99961,156,98682,156,100056,256,98667,156,100088,100,98564,100,100092,100,98448,100,100159,100,98215,100,100220,100,98189,100,100272,100,98160,100
2019-06-28 10:04:33.817263675,99504,356,99094,156,99560,200,98845,156,99912,156,98787,156,99961,156,98740,100,100056,256,98682,156,100088,100,98667,156,100092,100,98564,100,100159,100,98448,100,100220,100,98215,100,100272,100,98189,100
2019-06-28 10:04:40.000000000,99504,395,99094,195,99560,236,98845,192,99912,192,98787,192,99961,100,98740,100,100056,200,98682,100,100088,100,98667,100,100092,100,98564,100,100159,100,98448,100,100220,100,98215,100,100272,100,98189,100
2019-06-28 10:04:45.531499884,99504,395,99094,195,99560,236,98929,100,99912,192,98845,192,99961,100,98787,192,100056,200,98740,100,100088,100,98682,100,100092,100,98667,100,100159,100,98564,100,100220,100,98448,100,100272,100,98215,100
2019-06-28 10:04:47.679269291,99504,395,99094,195,99560,236,98929,100,99912,192,98904,100,99961,100,98845,192,100056,200,98787,192,100088,100,98740,100,100092,100,98682,100,100159,100,98667,100,100220,100,98564,100,100272,100,98448,100
2019-06-28 10:04:50.000000000,99504,440,99094,240,99560,284,98929,240,99912,100,98904,100,99961,100,98845,100,100056,200,98787,100,100088,100,98740,100,100092,100,98682,100,100159,100,98667,100,100220,100,98564,100,100272,100,98448,100
2019-06-28 10:04:51.122279262,99504,440,99094,240,99560,284,98929,240,99912,100,98904,100,99961,100,98845,100,100056,200,98843,100,100088,100,98787,100,100092,100,98740,100,100159,100,98682,100,100220,100,98667,100,100272,100,98564,100
2019-06-28 10:04:52.889513796,99504,440,99094,240,99560,284,98929,240,99912,100,98904,100,99961,100,98845,100,100056,200,98843,100,100088,100,98830,100,100092,100,98787,100,100159,100,98740,100,100220,100,98682,100,100272,100,98667,100
2019-06-28 10:05:00.000000000,99504,395,99094,195,99560,236,98929,192,99912,192,98904,192,99961,100,98845,100,100056,200,98843,100,100088,100,98830,100,100092,100,98787,100,100159,100,98740,100,100220,100,98682,100,100272,100,98667,100
2019-06-28 10:05:10.000000000,99504,440,99094,240,99560,284,98929,240,99912,100,98904,100,99961,100,98845,100,100056,200,98843,100,100088,100,98830,100,100092,100,98787,100,100159,100,98740,100,100220,100,98682,100,100272,100,98667,100
2019-06-28 10:05:20.000000000,99504,370,99094,170,99560,214,98929,170,99912,170,98904,170,99961,170,98845,170,100056,200,98843,100,100088,100,98830,100,100092,100,98787,100,100159,100,98740,100,100220,100,98682,100,100272,100,98667,100
2019-06-28 10:05:30.000000000,99504,580,99094,380,99560,144,98929,100,99912,100,98904,100,99961,100,98845,100,100056,200,98843,100,100088,100,98830,100,100092,100,98787,100,100159,100,98740,100,100220,100,98682,100,100272,100,98667,100
2019-06-28 10:05:37.966417470,99504,580,99094,380,99560,144,98929,100,99568,100,98904,100,99912,100,98845,100,99961,100,98843,100,100056,200,98830,100,100088,100,98787,100,100092,100,98740,100,100159,100,98682,100,100220,100,98667,100
2019-06-28 10:05:40.000000000,99504,370,99094,170,99560,214,98929,170,99568,170,98904,170,99912,170,98845,170,99961,100,98843,100,100056,200,98830,100,100088,100,98787,100,100092,100,98740,100,100159,100,98682,100,100220,100,98667,100
2019-06-28 10:05:45.012170617,99504,270,99094,170,99560,214,98929,170,99568,170,98904,170,99912,170,98845,170,99961,100,98843,100,100056,200,98830,100,100088,100,98787,100,100092,100,98740,100,100159,100,98682,100,100220,100,98667,100
2019-06-28 10:05:50.000000000,99504,270,99094,170,99560,214,98929,170,99568,170,98904,170,99912,170,98845,170,99961,100,98843,100,100056,200,98830,100,100088,100,98787,100,100092,100,98740,100,100159,100,98682,100,100220,100,98667,100
2019-06-28 10:06:00.000000000,99504,295,99094,195,99560,236,98929,192,99568,192,98904,192,99912,100,98845,100,99961,100,98843,100,100056,200,98830,100,100088,100,98787,100,100092,100,98740,100,100159,100,98682,100,100220,100,98667,100
2019-06-28 10:06:04.645795231,99504,295,99094,195,99560,236,99014,100,99568,192,98929,192,99912,100,98904,192,99961,100,98845,100,100056,200,98843,100,100088,100,98830,100,100092,100,98787,100,100159,100,98740,100,100220,100,98682,100
2019-06-28 10:06:10.000000000,99504,256,99094,156,99560,200,99014,156,99568,156,98929,156,99912,156,98904,156,99961,156,98845,156,100056,200,98843,100,100088,100,98830,100,100092,100,98787,100,100159,100,98740,100,100220,100,98682,100
2019-06-28 10:06:20.000000000,99504,295,99094,195,99560,236,99014,192,99568,192,98929,192,99912,100,98904,100,99961,100,98845,100,100056,200,98843,100,100088,100,98830,100,100092,100,98787,100,100159,100,98740,100,100220,100,98682,100
2019-06-28 10:06:27.124569491,99504,295,99094,195,99560,236,99014,192,99568,192,98929,192,99912,100,98904,100,99961,100,98845,100,100056,200,98843,100,100088,100,98830,100,100092,100,98823,100,100159,100,98787,100,100220,100,98740,100
2019-06-28 10:06:30.000000000,99504,480,99094,380,99560,144,99014,100,99568,100,98929,100,99912,100,98904,100,99961,100,98845,100,100056,200,98843,100,100088,100,98830,100,100092,100,98823,100,100159,100,98787,100,100220,100,98740,100
2019-06-28 10:06:34.911232298,99178,100,99094,380,99504,480,99014,100,99560,144,98929,100,99568,100,98904,100,99912,100,98845,100,99961,100,98843,100,100056,200,98830,100,100088,100,98823,100,100092,100,98787,100,100159,100,98740,100
2019-06-28 10:06:40.000000000,99178,170,99094,170,99504,270,99014,170,99560,214,98929,170,99568,170,98904,170,99912,100,98845,100,99961,100,98843,100,100056,200,98830,100,100088,100,98823,100,100092,100,98787,100,100159,100,98740,100
2019-06-28 10:06:45.422205422,99178,170,99094,170,99306,100,99014,170,99504,270,98929,170,99560,214,98904,170,99568,170,98845,100,99912,100,98843,100,99961,100,98830,100,100056,200,98823,100,100088,100,98787,100,100092,100,98740,100
2019-06-28 10:06:46.881127913,99120,100,99094,170,99178,170,99014,170,99306,100,98929,170,99504,270,98904,170,99560,214,98845,100,99568,170,98830,100,99912,100,98823,100,99961,100,98787,100,100056,200,98740,100,100088,100,98682,100
2019-06-28 10:06:50.000000000,99120,170,99094,170,99178,170,99014,170,99306,170,98929,170,99504,270,98904,170,99560,144,98845,100,99568,100,98830,100,99912,100,98823,100,99961,100,98787,100,100056,200,98740,100,100088,100,98682,100
2019-06-28 10:06:56.453547786,99120,170,99094,170,99178,170,99014,170,99306,170,98929,170,99503,100,98904,170,99504,270,98845,100,99560,144,98830,100,99568,100,98823,100,99912,100,98787,100,99961,100,98740,100,100056,200,98682,100
2019-06-28 10:06:58.974860746,99120,170,99094,170,99178,170,99091,100,99306,170,99014,170,99503,100,98929,170,99504,270,98904,170,99560,144,98845,100,99568,100,98830,100,99912,100,98823,100,99961,100,98787,100,100056,200,98740,100
2019-06-28 10:07:00.000000000,99120,240,99094,240,99178,240,99091,240,99306,100,99014,100,99503,100,98929,100,99504,200,98904,100,99560,144,98845,100,99568,100,98830,100,99912,100,98823,100,99961,100,98787,100,100056,200,98740,100
2019-06-28 10:07:00.546456701,99120,240,99094,240,99178,240,99091,240,99306,100,99014,100,99503,200,98929,100,99504,200,98904,100,99560,144,98845,100,99568,100,98830,100,99912,100,98823,100,99961,100,98787,100,100056,200,98740,100
2019-06-28 10:07:08.130668397,99120,240,99102,100,99178,240,99094,240,99306,100,99091,240,99503,200,99014,100,99504,200,98929,100,99560,144,98845,100,99568,100,98830,100,99912,100,98823,100,99961,100,98787,100,100056,200,98740,100
2019-06-28 10:07:10.000000000,99120,170,99102,170,99178,170,99094,170,99306,170,99091,170,99503,270,99014,170,99504,200,98929,100,99560,144,98845,100,99568,100,98830,100,99912,100,98823,100,99961,100,98787,100,100056,200,98740,100
2019-06-28 10:07:17.112102628,99120,70,99102,170,99178,170,99094,170,99306,170,99091,170,99503,270,99014,170,99504,200,98929,100,99560,144,98845,100,99568,100,98830,100,99912,100,98823,100,99961,100,98787,100,100056,200,98740,100
2019-06-28 10:07:20.000000000,99178,156,99102,156,99306,156,99094,156,99503,256,99091,156,99504,256,99014,156,99560,200,98929,156,99568,100,98845,100,99912,100,98830,100,99961,100,98823,100,100056,200,98787,100,100088,100,98740,100
2019-06-28 10:07:30.000000000,99178,170,99102,170,99306,170,99094,170,99503,270,99091,170,99504,270,99014,170,99560,144,98929,100,99568,100,98845,100,99912,100,98830,100,99961,100,98823,100,100056,200,98787,100,100088,100,98740,100
2019-06-28 10:07:40.000000000,99178,195,99102,195,99306,192,99094,192,99503,292,99091,192,99504,200,99014,100,99560,144,98929,100,99568,100,98845,100,99912,100,98830,100,99961,100,98823,100,100056,200,98787,100,100088,100,98740,100
2019-06-28 10:07:43.095338398,99178,95,99102,195,99306,192,99094,192,99503,292,99091,192,99504,200,99014,100,99560,144,98929,100,99568,100,98845,100,99592,100,98830,100,99912,100,98823,100,99961,100,98787,100,100056,200,98740,100
2019-06-28 10:07:50.000000000,99306,156,99102,156,99503,256,99094,156,99504,256,99091,156,99560,200,99014,156,99568,156,98929,156,99592,100,98845,100,99912,100,98830,100,99961,100,98823,100,100056,200,98787,100,100088,100,98740,100
