,ask_price_1,ask_size_1,bid_price_1,bid_size_1,ask_price_2,ask_size_2,bid_price_2,bid_size_2,ask_price_3,ask_size_3,bid_price_3,bid_size_3,ask_price_4,ask_size_4,bid_price_4,bid_size_4,ask_price_5,ask_size_5,bid_price_5,bid_size_5,ask_price_6,ask_size_6,bid_price_6,bid_size_6,ask_price_7,ask_size_7,bid_price_7,bid_size_7,ask_price_8,ask_size_8,bid_price_8,bid_size_8,ask_price_9,ask_size_9,bid_price_9,bid_size_9,ask_price_10,ask_size_10,bid_price_10,bid_size_10
2019-06-28 09:30:00.000000000,100028,100,,,,,,,,,,,,,,,,,,,,,,,,,,,,,,,,,,,,,,
2019-06-28 09:30:00.000000001,100024,100,,,100028,100,,,,,,,,,,,,,,,,,,,,,,,,,,,,,,,,,,
2019-06-28 09:30:00.000000002,100024,100,99952,100,100028,100,99893,100,,,,,,,,,,,,,,,,,,,,,,,,,,,,,,,,
2019-06-28 09:30:00.000000003,100024,100,100017,100,100028,100,99952,100,,,99915,100,,,99893,100,,,,,,,,,,,,,,,,,,,,,,,,
2019-06-28 09:30:00.000000004,100024,100,100017,100,100028,100,99984,100,100037,100,99979,100,,,99952,100,,,99915,100,,,99893,100,,,,,,,,,,,,,,,,
2019-06-28 09:30:00.000000005,100024,100,99984,100,100028,100,99979,100,100037,100,99952,100,,,99915,100,,,99893,100,,,,,,,,,,,,,,,,,,,,
2019-06-28 09:30:00.000000006,100028,100,99984,100,100037,100,99979,100,,,99952,100,,,99915,100,,,99893,100,,,,,,,,,,,,,,,,,,,,
2019-06-28 09:30:00.000000011,100028,100,99984,100,100037,100,99979,100,,,99952,100,,,99915,100,,,99912,100,,,99893,100,,,,,,,,,,,,,,,,
2019-06-28 09:30:00.000000012,100028,100,99984,100,100037,100,99979,100,100041,100,99952,100,,,99915,100,,,99912,100,,,99893,100,,,,,,,,,,,,,,,,
2019-06-28 09:30:00.000000015,100028,100,99984,100,100037,100,99979,100,100041,100,99952,100,,,99932,100,,,99915,100,,,99912,100,,,99893,100,,,,,,,,,,,,
2019-06-28 09:30:00.000000016,100014,100,99984,100,100028,100,99979,100,100037,100,99952,100,100041,100,99932,100,,,99915,100,,,99912,100,,,99893,100,,,,,,,,,,,,
2019-06-28 09:30:00.000000020,100014,100,99984,100,100017,100,99979,100,100028,100,99952,100,100037,100,99932,100,100041,100,99915,100,,,99912,100,,,99893,100,,,,,,,,,,,,
2019-06-28 09:30:00.000000021,100014,100,99984,100,100017,100,99979,100,100028,100,99952,100,100037,100,99932,100,100041,100,99915,100,,,99912,100,,,99900,100,,,99893,100,,,,,,,,
2019-06-28 09:30:00.000000023,100014,100,99984,100,100017,100,99979,100,100028,100,99952,100,100037,100,99932,100,100041,100,99915,100,100131,100,99912,100,,,99900,100,,,99893,100,,,,,,,,
2019-06-28 09:30:00.000000025,100014,100,99984,100,100017,100,99979,100,100028,100,99952,100,100037,100,99932,100,100041,100,99915,100,100131,100,99912,100,,,99900,100,,,99896,100,,,99893,100,,,,
2019-06-28 09:30:00.000000028,100014,100,99979,100,100017,100,99952,100,100028,100,99932,100,100037,100,99915,100,100041,100,99912,100,100131,100,99900,100,100187,100,99896,100,,,99893,100,,,,,,,,
2019-06-28 09:30:00.000000030,100013,100,99979,100,100014,100,99952,100,100017,100,99932,100,100028,100,99915,100,100037,100,99912,100,100041,100,99900,100,100131,100,99896,100,100187,100,99893,100,100225,100,,,,,,
2019-06-28 09:30:00.000000031,100013,100,99979,100,100014,100,99952,100,100017,100,99932,100,100020,100,99915,100,100028,100,99912,100,100037,100,99900,100,100041,100,99896,100,100131,100,99893,100,100187,100,,,100225,100,,
2019-06-28 09:30:00.000000035,100013,100,99979,100,100014,100,99952,100,100017,100,99947,100,100020,100,99932,100,100028,100,99915,100,100037,100,99912,100,100041,100,99900,100,100131,100,99896,100,100187,100,99893,100,100225,100,99795,100
2019-06-28 09:30:00.000000036,100013,100,99984,100,100014,100,99979,100,100017,100,99952,100,100020,100,99947,100,100028,100,99932,100,100037,100,99915,100,100041,100,99912,100,100131,100,99900,100,100187,100,99896,100,100225,100,99893,100
2019-06-28 09:30:00.000000040,100013,100,99984,100,100014,100,99979,100,100017,100,99952,100,100020,100,99947,100,100028,100,99932,100,100037,100,99915,100,100041,100,99912,100,100108,100,99900,100,100130,100,99896,100,100131,100,99893,100
2019-06-28 09:30:00.000000041,100013,100,99984,100,100014,100,99979,100,100017,100,99952,100,100020,100,99947,100,100028,100,99932,100,100037,100,99915,100,100041,100,99912,100,100108,100,99900,100,100130,100,99896,100,100131,100,99893,100
2019-06-28 09:30:00.000000047,100013,100,99984,100,100014,100,99979,100,100017,100,99963,100,100020,100,99952,100,100028,100,99947,100,100037,100,99932,100,100041,100,99915,100,100108,100,99912,100,100130,100,99900,100,100131,100,99896,100
2019-06-28 09:30:00.000000048,100013,100,99979,100,100014,100,99963,100,100017,100,99952,100,100020,100,99947,100,100028,100,99932,100,100037,100,99915,100,100041,100,99912,100,100108,100,99900,100,100130,100,99896,100,100131,100,99893,100
2019-06-28 09:30:00.000000056,100013,100,99979,100,100014,100,99963,100,100017,100,99952,100,100020,100,99947,100,100028,100,99932,100,100037,100,99915,100,100041,100,99912,100,100108,100,99900,100,100130,100,99896,100,100131,100,99893,100
2019-06-28 09:30:00.000000057,100013,100,99979,100,100014,100,99963,100,100017,100,99952,100,100020,100,99947,100,100028,100,99932,100,100037,100,99925,100,100041,100,99915,100,100108,100,99912,100,100130,100,99900,100,100131,100,99896,100
2019-06-28 09:30:00.000000058,100013,200,99979,100,100014,100,99963,100,100017,100,99952,100,100020,100,99947,100,100028,100,99932,100,100037,100,99925,100,100041,100,99915,100,100108,100,99912,100,100130,100,99900,100,100131,100,99896,100
2019-06-28 09:30:00.000000060,100013,200,99984,100,100014,100,99979,100,100017,100,99963,100,100020,100,99952,100,100028,100,99947,100,100037,100,99932,100,100041,100,99925,100,100108,100,99915,100,100130,100,99912,100,100131,100,99900,100
2019-06-28 09:30:00.000000061,100013,200,99984,100,100014,100,99979,100,100017,100,99963,100,100020,100,99952,100,100028,100,99947,100,100037,100,99932,100,100041,100,99925,200,100108,100,99915,100,100110,100,99912,100,100130,100,99900,100
2019-06-28 09:30:00.000000063,100013,300,99984,100,100014,100,99979,100,100017,100,99963,100,100020,100,99952,100,100028,100,99947,100,100037,100,99932,100,100041,100,99925,200,100108,100,99915,100,100110,100,99912,100,100130,100,99900,100
2019-06-28 09:30:00.000000066,100013,300,99984,100,100014,100,99979,100,100017,100,99963,100,100020,100,99952,100,100028,100,99947,100,100037,100,99932,100,100041,100,99925,200,100108,100,99915,100,100110,100,99912,100,100130,100,99900,100
2019-06-28 09:30:00.000000068,100013,300,99984,200,100014,100,99979,100,100017,100,99963,100,100020,100,99952,100,100028,100,99947,100,100037,100,99932,100,100041,100,99925,200,100108,100,99915,100,100110,100,99912,100,100130,100,99900,100
2019-06-28 09:30:00.000000072,100013,300,99984,100,100014,100,99979,100,100017,100,99963,100,100020,100,99952,100,100028,100,99947,100,100037,100,99932,100,100041,100,99925,200,100108,100,99915,100,100110,100,99912,100,100130,100,99900,100
2019-06-28 09:30:00.000000076,100013,300,99984,100,100014,100,99979,100,100017,100,99963,100,100020,100,99952,100,100028,100,99947,100,100037,100,99932,100,100041,100,99925,200,100108,100,99915,100,100110,100,99912,100,100111,100,99900,100
2019-06-28 09:30:00.000000080,100013,300,99984,100,100014,100,99979,100,100017,100,99963,100,100020,100,99952,100,100028,100,99947,100,100037,100,99932,100,100041,100,99925,200,100108,100,99918,100,100110,100,99915,100,100111,100,99912,100
2019-06-28 09:30:00.000000081,100012,100,99984,100,100013,300,99979,100,100014,100,99963,100,100017,100,99952,100,100020,100,99947,100,100028,100,99932,100,100037,100,99925,200,100041,100,99918,100,100097,100,99915,100,100108,100,99912,100
2019-06-28 09:30:00.000000083,99994,100,99984,100,100012,100,99979,100,100013,300,99963,100,100014,100,99952,100,100017,100,99947,100,100020,100,99932,100,100028,100,99925,200,100037,100,99918,100,100041,100,99915,100,100090,100,99912,100
2019-06-28 09:30:00.000000084,99994,100,99984,100,100012,100,99979,100,100013,300,99963,100,100014,100,99952,100,100017,100,99947,100,100020,100,99932,100,100028,100,99925,200,100037,100,99918,100,100041,100,99915,100,100090,100,99912,100
2019-06-28 09:30:00.000000085,99994,100,99991,100,100012,100,99984,100,100013,300,99979,100,100014,100,99963,100,100017,100,99952,100,100020,100,99947,100,100028,100,99932,100,100037,100,99925,200,100041,100,99918,100,100090,100,99915,100
2019-06-28 09:30:00.000000086,99994,100,99991,100,100012,100,99984,100,100013,300,99979,100,100014,100,99963,100,100017,100,99952,100,100020,100,99947,100,100028,100,99932,100,100037,100,99925,200,100041,100,99918,100,100090,100,99915,100
2019-06-28 09:30:00.000000087,99994,100,99991,100,100012,100,99984,100,100013,300,99979,100,100014,100,99963,100,100017,100,99952,100,100020,100,99947,100,100028,100,99932,100,100037,100,99925,200,100041,100,99918,100,100090,100,99915,100
2019-06-28 09:30:00.000000088,99994,100,99991,100,100012,100,99984,100,100013,300,99979,100,100014,100,99963,100,100017,100,99952,100,100020,100,99947,100,100028,100,99932,100,100037,100,99925,200,100041,100,99918,100,100090,100,99915,100
2019-06-28 09:30:00.000000091,100012,100,99991,100,100013,300,99984,100,100014,100,99979,100,100017,100,99963,100,100020,100,99952,100,100028,100,99947,100,100037,100,99946,100,100041,100,99932,100,100090,100,99925,200,100097,100,99918,100
2019-06-28 09:30:00.000000092,100012,100,99984,100,100013,300,99979,100,100014,100,99963,100,100017,100,99952,100,100020,100,99947,100,100028,100,99946,100,100037,100,99932,100,100041,100,99925,200,100090,100,99918,100,100097,100,99915,100
2019-06-28 09:30:00.000000096,100012,100,99984,100,100013,300,99979,100,100014,100,99963,100,100017,100,99952,100,100020,100,99947,100,100028,100,99946,100,100037,100,99932,100,100041,100,99925,200,100090,100,99918,100,100097,100,99915,100
2019-06-28 09:30:00.000000097,99995,100,99984,100,100012,100,99979,100,100013,300,99963,100,100014,100,99952,100,100017,100,99947,100,100020,100,99946,100,100028,100,99932,100,100037,100,99925,200,100041,100,99918,100,100075,100,99915,100
2019-06-28 09:30:00.000000099,99995,100,99984,100,100012,100,99979,100,100013,300,99963,100,100014,100,99952,100,100017,100,99947,100,100020,100,99946,100,100028,100,99932,100,100037,100,99925,200,100041,100,99918,100,100046,100,99915,100
2019-06-28 09:30:04.217498374,99995,100,99984,100,100012,100,99979,100,100013,300,99963,100,100014,100,99952,100,100017,100,99946,100,100020,100,99932,100,100028,100,99925,200,100037,100,99918,100,100041,100,99915,100,100046,100,99912,100
2019-06-28 09:30:05.997932827,99995,100,99984,100,100012,100,99979,100,100013,300,99963,100,100014,100,99952,100,100017,100,99946,100,100020,100,99932,100,100028,100,99925,200,100041,100,99918,100,100046,100,99915,100,100075,100,99912,100
2019-06-28 09:30:10.000000000,99995,335,99984,335,100012,335,99979,335,100013,300,99963,100,100014,100,99952,100,100017,100,99946,100,100020,100,99932,100,100028,100,99925,200,100041,100,99918,100,100046,100,99915,100,100075,100,99912,100
2019-06-28 09:30:14.294860382,99995,335,99984,235,100012,335,99979,335,100013,300,99963,100,100014,100,99952,100,100017,100,99946,100,100020,100,99932,100,100028,100,99925,200,100041,100,99918,100,100046,100,99915,100,100075,100,99912,100
2019-06-28 09:30:20.000000000,99995,194,99979,194,100012,194,99963,194,100013,394,99952,194,100014,194,99946,194,100017,194,99932,194,100020,100,99925,200,100028,100,99918,100,100041,100,99915,100,100046,100,99912,100,100075,100,99905,100
2019-06-28 09:30:30.000000000,99995,194,99979,194,100012,194,99963,194,100013,394,99952,194,100014,194,99946,194,100017,194,99932,194,100020,100,99925,200,100028,100,99918,100,100041,100,99915,100,100046,100,99912,100,100075,100,99905,100
2019-06-28 09:30:40.000000000,99995,570,99979,570,100012,100,99963,100,100013,300,99952,100,100014,100,99946,100,100017,100,99932,100,100020,100,99925,200,100028,100,99918,100,100041,100,99915,100,100046,100,99912,100,100075,100,99905,100
2019-06-28 09:30:50.000000000,99995,570,99979,570,100012,100,99963,100,100013,300,99952,100,100014,100,99946,100,100017,100,99932,100,100020,100,99925,200,100028,100,99918,100,100041,100,99915,100,100046,100,99912,100,100075,100,99905,100
2019-06-28 09:31:00.000000000,99995,260,99979,260,100012,255,99963,255,100013,455,99952,255,100014,100,99946,100,100017,100,99932,100,100020,100,99925,200,100028,100,99918,100,100041,100,99915,100,100046,100,99912,100,100075,100,99905,100
2019-06-28 09:31:10.000000000,99995,194,99979,194,100012,194,99963,194,100013,394,99952,194,100014,194,99946,194,100017,194,99932,194,100020,100,99925,200,100028,100,99918,100,100041,100,99915,100,100046,100,99912,100,100075,100,99905,100
2019-06-28 09:31:12.138012409,99995,194,99979,194,100012,194,99963,194,100013,394,99952,194,100014,194,99946,194,100017,194,99932,194,100020,100,99925,200,100028,100,99918,100,100041,100,99915,100,100046,100,99912,100,100075,100,99905,100
2019-06-28 09:31:20.000000000,99995,218,99979,218,100012,218,99963,218,100013,418,99952,218,100014,218,99946,218,100017,100,99932,100,100020,100,99925,200,100028,100,99918,100,100041,100,99915,100,100046,100,99912,100,100075,100,99905,100
2019-06-28 09:31:30.000000000,99995,260,99979,260,100012,255,99963,255,100013,455,99952,255,100014,100,99946,100,100017,100,99932,100,100020,100,99925,200,100028,100,99918,100,100041,100,99915,100,100046,100,99912,100,100075,100,99905,100
2019-06-28 09:31:40.000000000,99995,335,99979,335,100012,335,99963,335,100013,300,99952,100,100014,100,99946,100,100017,100,99932,100,100020,100,99925,200,100028,100,99918,100,100041,100,99915,100,100046,100,99912,100,100075,100,99905,100
2019-06-28 09:31:50.000000000,99995,570,99979,570,100012,100,99963,100,100013,300,99952,100,100014,100,99946,100,100017,100,99932,100,100020,100,99925,200,100028,100,99918,100,100041,100,99915,100,100046,100,99912,100,100075,100,99905,100
2019-06-28 09:32:00.000000000,99995,335,99979,335,100012,335,99963,335,100013,300,99952,100,100014,100,99946,100,100017,100,99932,100,100020,100,99925,200,100028,100,99918,100,100041,100,99915,100,100046,100,99912,100,100075,100,99905,100
2019-06-28 09:32:02.733207076,99995,335,99979,335,100012,335,99963,335,100013,300,99952,100,100014,100,99946,100,100017,100,99932,100,100020,100,99925,200,100028,100,99918,100,100041,100,99915,100,100075,100,99912,100,100097,100,99905,100
2019-06-28 09:32:10.000000000,99995,570,99979,570,100012,100,99963,100,100013,300,99952,100,100014,100,99946,100,100017,100,99932,100,100020,100,99925,200,100028,100,99918,100,100041,100,99915,100,100075,100,99912,100,100097,100,99905,100
2019-06-28 09:32:20.000000000,99995,218,99979,218,100012,218,99963,218,100013,418,99952,218,100014,218,99946,218,100017,100,99932,100,100020,100,99925,200,100028,100,99918,100,100041,100,99915,100,100075,100,99912,100,100097,100,99905,100
2019-06-28 09:32:24.944064620,99995,218,99979,218,100012,218,99963,218,100013,418,99952,218,100014,218,99946,118,100017,100,99932,100,100020,100,99925,200,100028,100,99918,100,100041,100,99915,100,100075,100,99912,100,100097,100,99905,100
2019-06-28 09:32:30.000000000,99995,260,99979,260,100012,255,99963,255,100013,455,99952,255,100014,100,99932,100,100017,100,99925,200,100020,100,99918,100,100028,100,99915,100,100041,100,99912,100,100075,100,99905,100,100097,100,99900,100
2019-06-28 09:32:31.017066535,99991,100,99979,260,99995,260,99963,255,100012,255,99952,255,100013,455,99932,100,100014,100,99925,200,100017,100,99918,100,100020,100,99915,100,100028,100,99912,100,100041,100,99905,100,100075,100,99900,100
2019-06-28 09:32:40.000000000,99991,194,99979,194,99995,194,99963,194,100012,194,99952,194,100013,394,99932,194,100014,194,99925,294,100017,100,99918,100,100020,100,99915,100,100028,100,99912,100,100041,100,99905,100,100075,100,99900,100
2019-06-28 09:32:50.000000000,99991,218,99979,218,99995,218,99963,218,100012,218,99952,218,100013,418,99932,218,100014,100,99925,200,100017,100,99918,100,100020,100,99915,100,100028,100,99912,100,100041,100,99905,100,100075,100,99900,100
2019-06-28 09:32:53.885694316,99991,218,99979,218,99995,218,99963,218,100012,218,99952,218,100013,418,99932,218,100014,100,99925,200,100017,100,99918,100,100020,100,99915,100,100028,100,99912,100,100041,100,99905,100,100075,100,99900,100
2019-06-28 09:32:57.751673857,99991,218,99979,218,99995,218,99963,218,100012,218,99952,218,100013,418,99932,218,100014,100,99925,100,100017,100,99918,100,100020,100,99915,100,100028,100,99912,100,100041,100,99905,100,100075,100,99900,100
2019-06-28 09:33:00.000000000,99991,570,99979,570,99995,100,99963,100,100012,100,99952,100,100013,300,99932,100,100014,100,99925,100,100017,100,99918,100,100020,100,99915,100,100028,100,99912,100,100041,100,99905,100,100075,100,99900,100
2019-06-28 09:33:10.000000000,99991,194,99979,194,99995,194,99963,194,100012,194,99952,194,100013,394,99932,194,100014,194,99925,194,100017,100,99918,100,100020,100,99915,100,100028,100,99912,100,100041,100,99905,100,100075,100,99900,100
2019-06-28 09:33:20.000000000,99991,218,99979,218,99995,218,99963,218,100012,218,99952,218,100013,418,99932,218,100014,100,99925,100,100017,100,99918,100,100020,100,99915,100,100028,100,99912,100,100041,100,99905,100,100075,100,99900,100
2019-06-28 09:33:29.331826685,99991,218,99979,218,99995,218,99963,218,100012,218,99952,218,100013,418,99932,218,100014,100,99925,100,100017,100,99918,100,100020,100,99915,100,100028,100,99912,100,100041,100,99905,100,100075,100,99900,100
2019-06-28 09:33:30.000000000,99991,218,99979,218,99995,218,99963,218,100012,218,99952,218,100013,418,99932,218,100014,100,99925,100,100017,100,99918,100,100020,100,99915,100,100028,100,99912,100,100041,100,99905,100,100075,100,99900,100
2019-06-28 09:33:36.637946271,99991,218,99979,118,99995,218,99963,218,100012,218,99952,218,100013,418,99932,218,100014,100,99925,100,100017,100,99918,100,100020,100,99915,100,100028,100,99912,100,100041,100,99905,100,100075,100,99900,100
2019-06-28 09:33:37.815493199,99991,218,99979,18,99995,218,99963,218,100012,218,99952,218,100013,418,99932,218,100014,100,99925,100,100017,100,99918,100,100020,100,99915,100,100028,100,99912,100,100041,100,99905,100,100075,100,99900,100
2019-06-28 09:33:40.000000000,99991,335,99963,335,99995,335,99952,335,100012,100,99932,100,100013,300,99925,100,100014,100,99918,100,100017,100,99915,100,100020,100,99912,100,100028,100,99905,100,100041,100,99900,100,100075,100,99896,100
2019-06-28 09:33:42.245422665,99991,335,99963,335,99995,335,99952,335,100012,100,99932,100,100013,300,99925,100,100014,100,99918,100,100017,100,99915,100,100020,100,99912,100,100028,100,99905,100,100041,100,99900,100,100075,100,99896,100
2019-06-28 09:33:50.000000000,99991,194,99963,194,99995,194,99952,194,100012,194,99932,194,100013,394,99925,194,100014,194,99918,194,100017,100,99915,100,100020,100,99912,100,100028,100,99905,100,100041,100,99900,100,100075,100,99896,100
2019-06-28 09:34:00.000000000,99991,260,99963,260,99995,255,99952,255,100012,255,99932,255,100013,300,99925,100,100014,100,99918,100,100017,100,99915,100,100020,100,99912,100,100028,100,99905,100,100041,100,99900,100,100075,100,99896,100
2019-06-28 09:34:04.388187203,99991,260,99963,160,99995,255,99952,255,100012,255,99932,255,100013,300,99925,100,100014,100,99918,100,100017,100,99915,100,100020,100,99912,100,100028,100,99905,100,100041,100,99900,100,100075,100,99896,100
2019-06-28 09:34:10.000000000,99991,570,99952,570,99995,100,99932,100,100012,100,99925,100,100013,300,99918,100,100014,100,99915,100,100017,100,99912,100,100020,100,99905,100,100028,100,99900,100,100041,100,99896,100,100075,100,99895,100
2019-06-28 09:34:20.000000000,99991,194,99952,194,99995,194,99932,194,100012,194,99925,194,100013,394,99918,194,100014,194,99915,194,100017,100,99912,100,100020,100,99905,100,100028,100,99900,100,100041,100,99896,100,100075,100,99895,100
2019-06-28 09:34:25.520656617,99979,100,99952,194,99991,194,99932,194,99995,194,99925,194,100012,194,99918,194,100013,394,99915,194,100014,194,99912,100,100017,100,99905,100,100020,100,99900,100,100028,100,99896,100,100041,100,99895,100
2019-06-28 09:34:30.000000000,99979,218,99952,218,99991,218,99932,218,99995,218,99925,218,100012,218,99918,218,100013,300,99915,100,100014,100,99912,100,100017,100,99905,100,100020,100,99900,100,100028,100,99896,100,100041,100,99895,100
2019-06-28 09:34:40.000000000,99979,335,99952,335,99991,335,99932,335,99995,100,99925,100,100012,100,99918,100,100013,300,99915,100,100014,100,99912,100,100017,100,99905,100,100020,100,99900,100,100028,100,99896,100,100041,100,99895,100
2019-06-28 09:34:44.906055807,99979,435,99952,335,99991,335,99932,335,99995,100,99925,100,100012,100,99918,100,100013,200,99915,100,100014,100,99912,100,100017,100,99905,100,100020,100,99900,100,100028,100,99896,100,100041,100,99895,100
2019-06-28 09:34:45.136892966,99979,435,99952,235,99991,335,99932,335,99995,100,99925,100,100012,100,99918,100,100013,200,99915,100,100014,100,99912,100,100017,100,99905,100,100020,100,99900,100,100028,100,99896,100,100041,100,99895,100
2019-06-28 09:34:50.000000000,99979,294,99932,194,99991,194,99925,194,99995,194,99918,194,100012,194,99915,194,100013,294,99912,194,100014,100,99905,100,100017,100,99900,100,100020,100,99896,100,100028,100,99895,100,100041,100,99893,100
2019-06-28 09:35:00.000000000,99979,360,99932,260,99991,255,99925,255,99995,255,99918,255,100012,100,99915,100,100013,200,99912,100,100014,100,99905,100,100017,100,99900,100,100020,100,99896,100,100028,100,99895,100,100041,100,99893,100
2019-06-28 09:35:02.876286180,99979,360,99932,260,99991,255,99925,255,99995,255,99918,255,100012,100,99915,100,100013,200,99912,100,100014,100,99905,100,100017,100,99900,100,100020,100,99896,100,100028,100,99895,100,100041,100,99893,100
2019-06-28 09:35:02.903238123,99979,360,99932,260,99991,255,99925,255,99995,255,99918,255,100012,100,99915,100,100013,200,99912,100,100014,100,99905,100,100017,100,99900,100,100020,100,99896,100,100028,100,99895,100,100041,100,99893,100
2019-06-28 09:35:10.000000000,99979,435,99932,335,99991,335,99925,335,99995,100,99918,100,100012,100,99915,100,100013,200,99912,100,100014,100,99905,100,100017,100,99900,100,100020,100,99896,100,100028,100,99895,100,100041,100,99893,100
2019-06-28 09:35:20.000000000,99979,360,99932,260,99991,255,99925,255,99995,255,99918,255,100012,100,99915,100,100013,200,99912,100,100014,100,99905,100,100017,100,99900,100,100020,100,99896,100,100028,100,99895,100,100041,100,99893,100
2019-06-28 09:35:30.000000000,99979,360,99932,260,99991,255,99925,255,99995,255,99918,255,100012,100,99915,100,100013,200,99912,100,100014,100,99905,100,100017,100,99900,100,100020,100,99896,100,100028,100,99895,100,100041,100,99893,100
2019-06-28 09:35:33.217552968,99979,360,99932,260,99991,255,99925,255,99995,255,99918,255,100012,100,99915,100,100013,200,99912,100,100014,100,99905,100,100017,100,99900,100,100020,100,99896,100,100028,100,99895,100,100041,100,99893,100
2019-06-28 09:35:33.696917040,99963,100,99932,260,99979,360,99925,255,99991,255,99918,255,99995,255,99915,100,100012,100,99912,100,100013,100,99905,100,100014,100,99900,100,100017,100,99896,100,100020,100,99895,100,100028,100,99893,100
2019-06-28 09:35:40.000000000,99963,335,99932,335,99979,435,99925,335,99991,100,99918,100,99995,100,99915,100,100012,100,99912,100,100013,100,99905,100,100014,100,99900,100,100017,100,99896,100,100020,100,99895,100,100028,100,99893,100
2019-06-28 09:35:49.427032853,99963,335,99932,235,99979,435,99925,335,99991,100,99918,100,99995,100,99915,100,100012,100,99912,100,100013,100,99905,100,100014,100,99900,100,100017,100,99896,100,100020,100,99895,100,100028,100,99893,100
2019-06-28 09:35:49.818979377,99963,235,99932,235,99979,435,99925,335,99991,100,99918,100,99995,100,99915,100,100012,100,99912,100,100013,100,99905,100,100014,100,99900,100,100017,100,99896,100,100020,100,99895,100,100028,100,99893,100
2019-06-28 09:35:50.000000000,99979,318,99925,218,99991,218,99918,218,99995,218,99915,218,100012,218,99912,218,100013,100,99905,100,100014,100,99900,100,100017,100,99896,100,100020,100,99895,100,100028,100,99893,100,100041,100,99883,100
2019-06-28 09:35:51.975308914,99979,318,99925,118,99991,218,99918,218,99995,218,99915,218,100012,218,99912,218,100013,100,99905,100,100014,100,99900,100,100017,100,99896,100,100020,100,99895,100,100028,100,99893,100,100041,100,99883,100
2019-06-28 09:36:00.000000000,99979,318,99918,218,99991,218,99915,218,99995,218,99912,218,100012,218,99905,218,100013,100,99900,100,100014,100,99896,100,100017,100,99895,100,100020,100,99893,100,100028,100,99883,100,100041,100,99849,100
2019-06-28 09:36:10.000000000,99979,360,99918,260,99991,255,99915,255,99995,255,99912,255,100012,100,99905,100,100013,100,99900,100,100014,100,99896,100,100017,100,99895,100,100020,100,99893,100,100028,100,99883,100,100041,100,99849,100
2019-06-28 09:36:20.000000000,99979,318,99918,218,99991,218,99915,218,99995,218,99912,218,100012,218,99905,218,100013,100,99900,100,100014,100,99896,100,100017,100,99895,100,100020,100,99893,100,100028,100,99883,100,100041,100,99849,100
2019-06-28 09:36:23.406102798,99979,318,99918,218,99991,218,99915,218,99995,218,99912,218,100012,218,99905,218,100013,100,99900,100,100014,100,99896,100,100017,100,99895,100,100020,100,99893,100,100028,100,99883,100,100041,100,99849,100
2019-06-28 09:36:24.818750898,99979,318,99918,218,99991,218,99915,218,99995,218,99912,218,100012,218,99905,218,100013,100,99900,100,100014,100,99896,100,100017,100,99895,100,100020,100,99893,100,100028,100,99883,100,100041,100,99849,100
2019-06-28 09:36:30.000000000,99979,670,99918,570,99991,100,99915,100,99995,100,99912,100,100012,100,99905,100,100013,100,99900,100,100014,100,99896,100,100017,100,99895,100,100020,100,99893,100,100028,100,99883,100,100041,100,99849,100
2019-06-28 09:36:30.899592488,99979,670,99918,570,99991,100,99915,100,99995,100,99912,100,100012,100,99905,100,100013,100,99900,100,100014,100,99896,100,100017,100,99895,100,100020,100,99893,100,100041,100,99883,100,100075,100,99849,100
2019-06-28 09:36:40.000000000,99979,360,99918,260,99991,255,99915,255,99995,255,99912,255,100012,100,99905,100,100013,100,99900,100,100014,100,99896,100,100017,100,99895,100,100020,100,99893,100,100041,100,99883,100,100075,100,99849,100
2019-06-28 09:36:45.403249893,99979,360,99918,160,99991,255,99915,255,99995,255,99912,255,100012,100,99905,100,100013,100,99900,100,100014,100,99896,100,100017,100,99895,100,100020,100,99893,100,100041,100,99883,100,100075,100,99849,100
2019-06-28 09:36:45.916412834,99979,360,99918,60,99991,255,99915,255,99995,255,99912,255,100012,100,99905,100,100013,100,99900,100,100014,100,99896,100,100017,100,99895,100,100020,100,99893,100,100041,100,99883,100,100075,100,99849,100
2019-06-28 09:36:47.775942267,99918,40,99915,255,99979,360,99912,255,99991,255,99905,100,99995,255,99900,100,100012,100,99896,100,100013,100,99895,100,100014,100,99893,100,100017,100,99883,100,100020,100,99849,100,100041,100,99844,100
2019-06-28 09:36:50.000000000,99918,134,99915,194,99979,294,99912,194,99991,194,99905,194,99995,194,99900,194,100012,194,99896,194,100013,100,99895,100,100014,100,99893,100,100017,100,99883,100,100020,100,99849,100,100041,100,99844,100
2019-06-28 09:36:51.250342255,99915,6,99912,194,99918,134,99905,194,99979,294,99900,194,99991,194,99896,194,99995,194,99895,100,100012,194,99893,100,100013,100,99883,100,100014,100,99849,100,100017,100,99844,100,100020,100,99829,100
2019-06-28 09:37:00.000000000,99915,476,99912,570,99918,40,99905,100,99979,200,99900,100,99991,100,99896,100,99995,100,99895,100,100012,100,99893,100,100013,100,99883,100,100014,100,99849,100,100017,100,99844,100,100020,100,99829,100
2019-06-28 09:37:10.000000000,99915,100,99912,194,99918,134,99905,194,99979,294,99900,194,99991,194,99896,194,99995,194,99895,194,100012,100,99893,100,100013,100,99883,100,100014,100,99849,100,100017,100,99844,100,100020,100,99829,100
2019-06-28 09:37:19.833789304,99915,100,99912,194,99917,100,99905,194,99918,134,99900,194,99979,294,99896,194,99991,194,99895,194,99995,194,99893,100,100012,100,99883,100,100013,100,99849,100,100014,100,99844,100,100017,100,99829,100
2019-06-28 09:37:20.000000000,99915,241,99912,335,99917,335,99905,335,99918,40,99900,100,99979,200,99896,100,99991,100,99895,100,99995,100,99893,100,100012,100,99883,100,100013,100,99849,100,100014,100,99844,100,100017,100,99829,100
2019-06-28 09:37:30.000000000,99915,476,99912,570,99917,100,99905,100,99918,40,99900,100,99979,200,99896,100,99991,100,99895,100,99995,100,99893,100,100012,100,99883,100,100013,100,99849,100,100014,100,99844,100,100017,100,99829,100
2019-06-28 09:37:40.000000000,99915,166,99912,260,99917,255,99905,255,99918,195,99900,255,99979,200,99896,100,99991,100,99895,100,99995,100,99893,100,100012,100,99883,100,100013,100,99849,100,100014,100,99844,100,100017,100,99829,100
2019-06-28 09:37:45.128927607,99915,166,99912,260,99917,255,99905,255,99918,195,99900,255,99979,200,99896,100,99991,100,99895,100,99995,100,99893,100,100012,100,99883,100,100013,100,99849,100,100014,100,99844,100,100017,100,99829,100
2019-06-28 09:37:50.000000000,99915,124,99912,218,99917,218,99905,218,99918,158,99900,218,99979,318,99896,218,99991,100,99895,100,99995,100,99893,100,100012,100,99883,100,100013,100,99849,100,100014,100,99844,100,100017,100,99829,100
2019-06-28 09:38:00.000000000,99915,166,99912,260,99917,255,99905,255,99918,195,99900,255,99979,200,99896,100,99991,100,99895,100,99995,100,99893,100,100012,100,99883,100,100013,100,99849,100,100014,100,99844,100,100017,100,99829,100
2019-06-28 09:38:03.279254512,99915,166,99912,260,99917,355,99905,255,99918,195,99900,255,99979,200,99896,100,99991,100,99895,100,99995,100,99893,100,100012,100,99883,100,100013,100,99849,100,100014,100,99844,100,100017,100,99829,100
2019-06-28 09:38:10.000000000,99915,476,99912,570,99917,200,99905,100,99918,40,99900,100,99979,200,99896,100,99991,100,99895,100,99995,100,99893,100,100012,100,99883,100,100013,100,99849,100,100014,100,99844,100,100017,100,99829,100
2019-06-28 09:38:20.000000000,99915,476,99912,570,99917,200,99905,100,99918,40,99900,100,99979,200,99896,100,99991,100,99895,100,99995,100,99893,100,100012,100,99883,100,100013,100,99849,100,100014,100,99844,100,100017,100,99829,100
2019-06-28 09:38:30.000000000,99915,124,99912,218,99917,318,99905,218,99918,158,99900,218,99979,318,99896,218,99991,100,99895,100,99995,100,99893,100,100012,100,99883,100,100013,100,99849,100,100014,100,99844,100,100017,100,99829,100
2019-06-28 09:38:30.996058044,99915,124,99912,218,99917,318,99905,218,99918,158,99900,218,99979,218,99896,218,99991,100,99895,100,99995,100,99893,100,100012,100,99883,100,100013,100,99849,100,100014,100,99844,100,100017,100,99829,100
2019-06-28 09:38:36.424064637,99915,124,99912,218,99917,418,99905,218,99918,158,99900,218,99979,218,99896,218,99991,100,99895,100,99995,100,99893,100,100012,100,99883,100,100013,100,99849,100,100014,100,99844,100,100017,100,99829,100
2019-06-28 09:38:40.000000000,99915,241,99912,335,99917,535,99905,335,99918,40,99900,100,99979,100,99896,100,99991,100,99895,100,99995,100,99893,100,100012,100,99883,100,100013,100,99849,100,100014,100,99844,100,100017,100,99829,100
2019-06-28 09:38:50.000000000,99915,100,99912,194,99917,394,99905,194,99918,134,99900,194,99979,194,99896,194,99991,194,99895,194,99995,100,99893,100,100012,100,99883,100,100013,100,99849,100,100014,100,99844,100,100017,100,99829,100
2019-06-28 09:38:50.471661357,99915,100,99912,94,99917,394,99905,194,99918,134,99900,194,99979,194,99896,194,99991,194,99895,194,99995,100,99893,100,100012,100,99883,100,100013,100,99849,100,100014,100,99844,100,100017,100,99829,100
2019-06-28 09:38:56.872292124,99912,6,99905,194,99915,100,99900,194,99917,394,99896,194,99918,134,99895,194,99979,194,99893,100,99991,194,99883,100,99995,100,99849,100,100012,100,99844,100,100013,100,99829,100,100014,100,99795,100
2019-06-28 09:39:00.000000000,99912,476,99905,570,99915,6,99900,100,99917,300,99896,100,99918,40,99895,100,99979,100,99893,100,99991,100,99883,100,99995,100,99849,100,100012,100,99844,100,100013,100,99829,100,100014,100,99795,100
2019-06-28 09:39:10.000000000,99912,124,99905,218,99915,124,99900,218,99917,418,99896,218,99918,158,99895,218,99979,100,99893,100,99991,100,99883,100,99995,100,99849,100,100012,100,99844,100,100013,100,99829,100,100014,100,99795,100
2019-06-28 09:39:20.000000000,99912,166,99905,260,99915,161,99900,255,99917,455,99896,255,99918,40,99895,100,99979,100,99893,100,99991,100,99883,100,99995,100,99849,100,100012,100,99844,100,100013,100,99829,100,100014,100,99795,100
2019-06-28 09:39:20.608524763,99912,166,99905,260,99915,161,99900,255,99917,455,99896,255,99918,40,99895,100,99979,100,99893,100,99991,100,99883,100,99995,100,99849,100,100012,100,99844,100,100013,100,99829,100,100014,100,99795,100
2019-06-28 09:39:26.426303520,99912,266,99905,260,99915,161,99900,255,99917,455,99896,255,99918,40,99895,100,99979,100,99893,100,99991,100,99883,100,99995,100,99849,100,100012,100,99844,100,100013,100,99829,100,100014,100,99795,100
2019-06-28 09:39:30.000000000,99912,224,99905,218,99915,124,99900,218,99917,418,99896,218,99918,158,99895,218,99979,100,99893,100,99991,100,99883,100,99995,100,99849,100,100012,100,99844,100,100013,100,99829,100,100014,100,99795,100
2019-06-28 09:39:40.000000000,99912,576,99905,570,99915,6,99900,100,99917,300,99896,100,99918,40,99895,100,99979,100,99893,100,99991,100,99883,100,99995,100,99849,100,100012,100,99844,100,100013,100,99829,100,100014,100,99795,100
2019-06-28 09:39:42.110517183,99912,576,99905,470,99915,6,99900,100,99917,300,99896,100,99918,40,99895,100,99979,100,99893,100,99991,100,99883,100,99995,100,99849,100,100012,100,99844,100,100013,100,99829,100,100014,100,99795,100
2019-06-28 09:39:45.867750776,99911,100,99905,470,99912,576,99900,100,99915,6,99896,100,99917,300,99895,100,99918,40,99893,100,99979,100,99883,100,99991,100,99849,100,99995,100,99844,100,100012,100,99829,100,100013,100,99795,100
2019-06-28 09:39:49.109111922,99911,100,99905,370,99912,576,99900,100,99915,6,99896,100,99917,300,99895,100,99918,40,99893,100,99979,100,99883,100,99991,100,99849,100,99995,100,99844,100,100012,100,99829,100,100013,100,99795,100
2019-06-28 09:39:50.000000000,99911,335,99900,335,99912,341,99896,335,99915,6,99895,100,99917,300,99893,100,99918,40,99883,100,99979,100,99849,100,99991,100,99844,100,99995,100,99829,100,100012,100,99795,100,100013,100,99790,100
2019-06-28 09:39:53.178531555,99911,335,99900,335,99912,341,99896,335,99915,6,99895,100,99917,300,99893,100,99918,40,99883,100,99979,100,99849,100,99991,100,99844,100,99995,100,99829,100,100012,100,99795,100,100013,100,99790,100
2019-06-28 09:39:57.273672826,99911,335,99900,235,99912,341,99896,335,99915,6,99895,100,99917,300,99893,100,99918,40,99883,100,99979,100,99849,100,99991,100,99844,100,99995,100,99829,100,100012,100,99795,100,100013,100,99790,100
2019-06-28 09:40:00.000000000,99911,218,99896,218,99912,224,99895,218,99915,124,99893,218,99917,418,99883,218,99918,40,99849,100,99979,100,99844,100,99991,100,99829,100,99995,100,99795,100,100012,100,99790,100,100013,100,99346,100
2019-06-28 09:40:00.197953760,99905,100,99896,218,99911,218,99895,218,99912,224,99893,218,99915,124,99883,218,99917,418,99849,100,99918,40,99844,100,99979,100,99829,100,99991,100,99795,100,99995,100,99790,100,100012,100,99346,100
2019-06-28 09:40:10.000000000,99905,335,99896,335,99911,335,99895,335,99912,106,99893,100,99915,6,99883,100,99917,300,99849,100,99918,40,99844,100,99979,100,99829,100,99991,100,99795,100,99995,100,99790,100,100012,100,99346,100
2019-06-28 09:40:12.735322350,99905,335,99896,335,99911,335,99895,335,99912,106,99893,100,99915,6,99883,100,99917,300,99849,100,99918,40,99844,100,99979,100,99829,100,99991,100,99795,100,99995,100,99790,100,100012,100,99346,100
2019-06-28 09:40:14.266149450,99905,335,99896,235,99911,335,99895,335,99912,106,99893,100,99915,6,99883,100,99917,300,99849,100,99918,40,99844,100,99979,100,99829,100,99991,100,99795,100,99995,100,99790,100,100012,100,99346,100
2019-06-28 09:40:19.687255554,99900,100,99896,235,99905,335,99895,335,99911,335,99893,100,99912,106,99883,100,99915,6,99849,100,99917,300,99844,100,99918,40,99829,100,99979,100,99795,100,99991,100,99790,100,99995,100,99346,100
2019-06-28 09:40:20.000000000,99900,194,99895,194,99905,194,99893,194,99911,194,99883,194,99912,200,99849,194,99915,100,99844,194,99917,300,99829,100,99918,40,99795,100,99979,100,99790,100,99991,100,99346,100,99995,100,99328,100
2019-06-28 09:40:22.227785520,99900,194,99895,94,99905,194,99893,194,99911,194,99883,194,99912,200,99849,194,99915,100,99844,194,99917,300,99829,100,99918,40,99790,100,99979,100,99346,100,99991,100,99328,100,99995,100,99198,100
2019-06-28 09:40:30.000000000,99900,218,99893,218,99905,218,99883,218,99911,218,99849,218,99912,224,99844,218,99915,6,99829,100,99917,300,99790,100,99918,40,99346,100,99979,100,99328,100,99991,100,99198,100,99995,100,99157,100
2019-06-28 09:40:40.000000000,99900,335,99893,335,99905,335,99883,335,99911,100,99849,100,99912,106,99844,100,99915,6,99829,100,99917,300,99790,100,99918,40,99346,100,99979,100,99328,100,99991,100,99198,100,99995,100,99157,100
2019-06-28 09:40:50.000000000,99900,194,99893,194,99905,194,99883,194,99911,194,99849,194,99912,200,99844,194,99915,100,99829,194,99917,300,99790,100,99918,40,99346,100,99979,100,99328,100,99991,100,99198,100,99995,100,99157,100
2019-06-28 09:40:54.955873830,99900,194,99893,194,99905,194,99883,194,99911,194,99849,194,99912,200,99844,194,99915,100,99829,194,99917,300,99790,100,99918,40,99346,100,99979,100,99328,100,99991,100,99198,100,99995,100,99157,100
2019-06-28 09:41:00.000000000,99900,194,99893,194,99905,194,99883,194,99911,194,99849,194,99912,200,99844,194,99915,100,99829,194,99917,300,99790,100,99918,40,99346,100,99979,100,99328,100,99991,100,99198,100,99995,100,99157,100
2019-06-28 09:41:10.000000000,99900,194,99893,194,99905,194,99883,194,99911,194,99849,194,99912,200,99844,194,99915,100,99829,194,99917,300,99790,100,99918,40,99346,100,99979,100,99328,100,99991,100,99198,100,99995,100,99157,100
2019-06-28 09:41:10.086186846,99900,194,99893,94,99905,194,99883,194,99911,194,99849,194,99912,200,99844,194,99915,100,99829,194,99917,300,99790,100,99918,40,99346,100,99979,100,99328,100,99991,100,99198,100,100012,100,99157,100
2019-06-28 09:41:11.603044224,99900,194,99893,94,99905,194,99883,194,99911,194,99849,194,99912,200,99844,194,99915,100,99829,194,99917,300,99790,100,99918,40,99346,100,99979,100,99328,100,99991,100,99198,100,100012,100,99157,100
2019-06-28 09:41:20.000000000,99900,335,99883,335,99905,335,99849,335,99911,100,99844,100,99912,106,99829,100,99915,6,99790,100,99917,300,99346,100,99918,40,99328,100,99979,100,99198,100,99991,100,99157,100,100012,100,99145,100
2019-06-28 09:41:22.184278963,99900,335,99883,335,99905,335,99849,335,99911,100,99844,100,99912,106,99829,100,99915,6,99790,100,99917,300,99346,100,99918,40,99328,100,99979,100,99198,100,99991,100,99157,100,100012,100,99145,100
2019-06-28 09:41:30.000000000,99900,570,99883,570,99905,100,99849,100,99911,100,99844,100,99912,106,99829,100,99915,6,99790,100,99917,300,99346,100,99918,40,99328,100,99979,100,99198,100,99991,100,99157,100,100012,100,99145,100
2019-06-28 09:41:31.632100148,99900,570,99883,470,99905,100,99849,100,99911,100,99844,100,99912,106,99829,100,99915,6,99790,100,99917,300,99346,100,99918,40,99328,100,99979,100,99198,100,99991,100,99157,100,100012,100,99145,100
2019-06-28 09:41:37.642738081,99900,570,99883,370,99905,100,99849,100,99911,100,99844,100,99912,106,99829,100,99915,6,99790,100,99917,300,99346,100,99918,40,99328,100,99979,100,99198,100,99991,100,99157,100,100012,100,99145,100
2019-06-28 09:41:40.000000000,99900,194,99849,194,99905,194,99844,194,99911,194,99829,194,99912,200,99790,194,99915,100,99346,194,99917,300,99328,100,99918,40,99198,100,99979,100,99157,100,99991,100,99145,100,100012,100,99107,100
2019-06-28 09:41:41.144838690,99883,100,99849,194,99900,94,99844,194,99905,194,99829,194,99911,194,99790,194,99912,200,99346,194,99915,100,99328,100,99917,300,99198,100,99918,40,99157,100,99979,100,99145,100,99991,100,99107,100
2019-06-28 09:41:50.000000000,99883,260,99849,260,99905,255,99844,255,99911,255,99829,255,99912,106,99790,100,99915,6,99346,100,99917,300,99328,100,99918,40,99198,100,99979,100,99157,100,99991,100,99145,100,100012,100,99107,100
2019-06-28 09:42:00.000000000,99883,335,99849,335,99905,335,99844,335,99911,100,99829,100,99912,106,99790,100,99915,6,99346,100,99917,300,99328,100,99918,40,99198,100,99979,100,99157,100,99991,100,99145,100,100012,100,99107,100
2019-06-28 09:42:10.000000000,99883,260,99849,260,99905,255,99844,255,99911,255,99829,255,99912,106,99790,100,99915,6,99346,100,99917,300,99328,100,99918,40,99198,100,99979,100,99157,100,99991,100,99145,100,100012,100,99107,100
2019-06-28 09:42:11.653397193,99883,260,99849,260,99905,255,99844,255,99911,255,99829,255,99912,106,99790,100,99915,6,99346,100,99917,300,99328,100,99918,40,99198,100,99979,100,99157,100,99991,100,99145,100,100012,100,99107,100
2019-06-28 09:42:20.000000000,99883,570,99849,570,99905,100,99844,100,99911,100,99829,100,99912,106,99790,100,99915,6,99346,100,99917,300,99328,100,99918,40,99198,100,99979,100,99157,100,99991,100,99145,100,100012,100,99107,100
2019-06-28 09:42:30.000000000,99883,194,99849,194,99905,194,99844,194,99911,194,99829,194,99912,200,99790,194,99915,100,99346,194,99917,300,99328,100,99918,40,99198,100,99979,100,99157,100,99991,100,99145,100,100012,100,99107,100
2019-06-28 09:42:39.869973846,99883,194,99849,94,99905,194,99844,194,99911,194,99829,94,99912,200,99790,194,99915,100,99346,194,99917,300,99328,100,99918,40,99198,100,99979,100,99157,100,99991,100,99145,100,100012,100,99107,100
2019-06-28 09:42:40.000000000,99883,194,99844,194,99905,194,99790,194,99911,194,99346,194,99912,200,99328,194,99915,100,99198,194,99917,300,99157,100,99918,40,99145,100,99979,100,99107,100,99991,100,99100,100,100012,100,99077,100
2019-06-28 09:42:50.000000000,99883,218,99844,218,99905,218,99790,218,99911,218,99346,218,99912,224,99328,218,99915,6,99198,100,99917,300,99157,100,99918,40,99145,100,99979,100,99107,100,99991,100,99100,100,100012,100,99077,100
2019-06-28 09:42:55.935318932,99883,218,99844,118,99905,218,99790,218,99911,218,99346,218,99912,224,99328,218,99915,6,99198,100,99917,300,99157,100,99918,40,99145,100,99979,100,99107,100,99991,100,99100,100,100012,100,99077,100
2019-06-28 09:43:00.000000000,99883,260,99790,260,99905,255,99346,255,99911,255,99328,255,99912,106,99198,100,99915,6,99157,100,99917,300,99145,100,99918,40,99107,100,99979,100,99100,100,99991,100,99077,100,100012,100,99037,100
2019-06-28 09:43:00.808438934,99883,260,99790,260,99905,255,99346,255,99911,255,99328,255,99912,106,99198,100,99915,6,99157,100,99917,300,99145,100,99918,40,99107,100,99979,100,99100,100,99991,100,99077,100,100012,100,99037,100
2019-06-28 09:43:02.483782440,99849,100,99790,260,99883,260,99346,255,99905,155,99328,255,99911,255,99198,100,99912,106,99157,100,99915,6,99145,100,99917,300,99107,100,99918,40,99100,100,99979,100,99077,100,99991,100,99037,100
2019-06-28 09:43:10.000000000,99849,194,99790,194,99883,194,99346,194,99911,194,99328,194,99912,200,99198,194,99915,100,99157,194,99917,300,99145,100,99918,40,99107,100,99979,100,99100,100,99991,100,99077,100,100012,100,99037,100
2019-06-28 09:43:15.287997789,99849,194,99790,194,99883,194,99346,194,99911,194,99328,194,99912,200,99198,194,99915,100,99157,194,99917,300,99145,100,99918,40,99107,100,99979,100,99100,100,99991,100,99077,100,100012,100,99037,100
2019-06-28 09:43:20.000000000,99849,194,99790,194,99883,194,99346,194,99911,194,99328,194,99912,200,99198,194,99915,100,99157,194,99917,300,99145,100,99918,40,99107,100,99979,100,99100,100,99991,100,99077,100,100012,100,99037,100
2019-06-28 09:43:30.000000000,99849,570,99790,570,99883,100,99346,100,99911,100,99328,100,99912,106,99198,100,99915,6,99157,100,99917,300,99145,100,99918,40,99107,100,99979,100,99100,100,99991,100,99077,100,100012,100,99037,100
2019-06-28 09:43:40.000000000,99849,218,99790,218,99883,218,99346,218,99911,218,99328,218,99912,224,99198,218,99915,6,99157,100,99917,300,99145,100,99918,40,99107,100,99979,100,99100,100,99991,100,99077,100,100012,100,99037,100
2019-06-28 09:43:44.551074432,99849,218,99790,218,99883,218,99346,218,99911,218,99328,218,99912,224,99198,218,99915,6,99157,100,99917,300,99145,100,99918,40,99107,100,99979,100,99100,100,99991,100,99077,100,100012,100,99037,100
2019-06-28 09:43:49.261755523,99849,318,99790,218,99883,218,99346,218,99911,218,99328,218,99912,224,99198,218,99915,6,99157,100,99917,300,99145,100,99918,40,99107,100,99979,100,99100,100,99991,100,99077,100,100012,100,99037,100
2019-06-28 09:43:50.000000000,99849,670,99790,570,99883,100,99346,100,99911,100,99328,100,99912,106,99198,100,99915,6,99157,100,99917,300,99145,100,99918,40,99107,100,99979,100,99100,100,99991,100,99077,100,100012,100,99037,100
2019-06-28 09:43:58.327431657,99849,670,99790,570,99883,100,99346,100,99912,106,99328,100,99915,6,99198,100,99917,300,99157,100,99918,40,99145,100,99979,100,99107,100,99991,100,99100,100,100012,100,99077,100,100017,100,99037,100
2019-06-28 09:44:00.000000000,99849,360,99790,260,99883,255,99346,255,99912,261,99328,255,99915,6,99198,100,99917,300,99157,100,99918,40,99145,100,99979,100,99107,100,99991,100,99100,100,100012,100,99077,100,100017,100,99037,100
2019-06-28 09:44:01.610671372,99849,460,99790,260,99883,255,99346,255,99912,261,99328,255,99915,6,99198,100,99917,300,99157,100,99918,40,99145,100,99979,100,99107,100,99991,100,99100,100,100012,100,99077,100,100017,100,99037,100
2019-06-28 09:44:05.938721891,99849,460,99790,260,99883,255,99346,255,99912,261,99328,255,99915,6,99198,100,99917,300,99145,100,99918,40,99107,100,99979,100,99100,100,99991,100,99077,100,100012,100,99037,100,100017,100,98930,100
2019-06-28 09:44:10.000000000,99849,535,99790,335,99883,335,99346,335,99912,106,99328,100,99915,6,99198,100,99917,300,99145,100,99918,40,99107,100,99979,100,99100,100,99991,100,99077,100,100012,100,99037,100,100017,100,98930,100
2019-06-28 09:44:20.000000000,99849,770,99790,570,99883,100,99346,100,99912,106,99328,100,99915,6,99198,100,99917,300,99145,100,99918,40,99107,100,99979,100,99100,100,99991,100,99077,100,100012,100,99037,100,100017,100,98930,100
2019-06-28 09:44:29.817802662,99849,870,99790,570,99883,100,99346,100,99912,106,99328,100,99915,6,99198,100,99917,300,99145,100,99918,40,99107,100,99979,100,99100,100,99991,100,99077,100,100012,100,99037,100,100017,100,98930,100
2019-06-28 09:44:30.000000000,99849,635,99790,335,99883,335,99346,335,99912,106,99328,100,99915,6,99198,100,99917,300,99145,100,99918,40,99107,100,99979,100,99100,100,99991,100,99077,100,100012,100,99037,100,100017,100,98930,100
2019-06-28 09:44:38.115157534,99849,635,99790,335,99883,335,99346,335,99912,106,99328,100,99915,6,99145,100,99917,300,99107,100,99918,40,99100,100,99979,100,99077,100,99991,100,99037,100,100012,100,98930,100,100017,100,98879,100
2019-06-28 09:44:40.000000000,99849,560,99790,260,99883,255,99346,255,99912,261,99328,255,99915,6,99145,100,99917,300,99107,100,99918,40,99100,100,99979,100,99077,100,99991,100,99037,100,100012,100,98930,100,100017,100,98879,100
2019-06-28 09:44:47.084018980,99849,660,99790,260,99883,255,99346,255,99912,261,99328,255,99915,6,99145,100,99917,300,99107,100,99918,40,99100,100,99979,100,99077,100,99991,100,99037,100,100012,100,98930,100,100017,100,98879,100
2019-06-28 09:44:48.777580644,99849,660,99790,260,99883,255,99346,255,99912,261,99328,255,99915,6,99145,100,99917,300,99107,100,99918,40,99100,100,99979,100,99077,100,99991,100,99037,100,100012,100,98930,100,100017,100,98879,100
2019-06-28 09:44:50.000000000,99849,735,99790,335,99883,335,99346,335,99912,106,99328,100,99915,6,99145,100,99917,300,99107,100,99918,40,99100,100,99979,100,99077,100,99991,100,99037,100,100012,100,98930,100,100017,100,98879,100
2019-06-28 09:45:00.000000000,99849,735,99790,335,99883,335,99346,335,99912,106,99328,100,99915,6,99145,100,99917,300,99107,100,99918,40,99100,100,99979,100,99077,100,99991,100,99037,100,100012,100,98930,100,100017,100,98879,100
2019-06-28 09:45:05.473994892,99849,735,99790,335,99883,335,99346,335,99912,106,99328,100,99915,6,99145,100,99917,300,99107,100,99918,40,99100,100,99979,100,99077,100,99991,100,99037,100,100012,100,98930,100,100017,100,98879,100
2019-06-28 09:45:10.000000000,99849,618,99790,218,99883,218,99346,218,99912,224,99328,218,99915,124,99145,218,99917,300,99107,100,99918,40,99100,100,99979,100,99077,100,99991,100,99037,100,100012,100,98930,100,100017,100,98879,100
2019-06-28 09:45:20.000000000,99849,970,99790,570,99883,100,99346,100,99912,106,99328,100,99915,6,99145,100,99917,300,99107,100,99918,40,99100,100,99979,100,99077,100,99991,100,99037,100,100012,100,98930,100,100017,100,98879,100
2019-06-28 09:45:25.393925003,99849,970,99790,470,99883,100,99346,100,99912,106,99328,100,99915,6,99145,100,99917,300,99107,100,99918,40,99100,100,99979,100,99077,100,99991,100,98930,100,100012,100,98879,100,100017,100,98875,100
2019-06-28 09:45:30.000000000,99849,970,99346,570,99883,100,99328,100,99912,106,99145,100,99915,6,99107,100,99917,300,99100,100,99918,40,99077,100,99979,100,98930,100,99991,100,98879,100,100012,100,98875,100,100017,100,98830,100
2019-06-28 09:45:40.000000000,99849,618,99346,218,99883,218,99328,218,99912,224,99145,218,99915,124,99107,218,99917,300,99100,100,99918,40,99077,100,99979,100,98930,100,99991,100,98879,100,100012,100,98875,100,100017,100,98830,100
2019-06-28 09:45:49.578472762,99849,618,99346,218,99883,218,99328,218,99912,224,99145,218,99915,124,99107,218,99917,300,99100,100,99979,100,99077,100,99991,100,98930,100,100012,100,98879,100,100017,100,98875,100,100020,100,98830,100
2019-06-28 09:45:50.000000000,99849,970,99346,570,99883,100,99328,100,99912,106,99145,100,99915,6,99107,100,99917,300,99100,100,99979,100,99077,100,99991,100,98930,100,100012,100,98879,100,100017,100,98875,100,100020,100,98830,100
2019-06-28 09:45:56.468470159,99849,970,99346,570,99883,100,99328,100,99912,106,99145,100,99915,6,99107,100,99917,300,99100,100,99979,100,99077,100,99991,100,98930,100,100012,100,98879,100,100017,100,98875,100,100020,100,98830,100
2019-06-28 09:46:00.000000000,99849,970,99346,570,99883,100,99328,100,99912,106,99145,100,99915,6,99107,100,99917,300,99100,100,99979,100,99077,100,99991,100,98930,100,100012,100,98879,100,100017,100,98875,100,100020,100,98830,100
2019-06-28 09:46:05.222022291,99849,970,99346,570,99883,100,99328,100,99912,106,99145,100,99915,6,99121,100,99917,300,99107,100,99979,100,99100,100,99991,100,99077,100,100012,100,98930,100,100017,100,98879,100,100020,100,98875,100
2019-06-28 09:46:10.000000000,99849,618,99346,218,99883,218,99328,218,99912,224,99145,218,99915,124,99121,218,99917,300,99107,100,99979,100,99100,100,99991,100,99077,100,100012,100,98930,100,100017,100,98879,100,100020,100,98875,100
2019-06-28 09:46:20.000000000,99849,618,99346,218,99883,218,99328,218,99912,224,99145,218,99915,124,99121,218,99917,300,99107,100,99979,100,99100,100,99991,100,99077,100,100012,100,98930,100,100017,100,98879,100,100020,100,98875,100
2019-06-28 09:46:27.650317727,99849,618,99346,218,99883,218,99328,218,99912,224,99145,218,99915,124,99121,218,99917,300,99107,100,99979,100,99100,100,99991,100,99077,100,100012,100,99025,100,100017,100,98930,100,100020,100,98879,100
2019-06-28 09:46:30.000000000,99849,594,99346,194,99883,194,99328,194,99912,200,99145,194,99915,100,99121,194,99917,394,99107,194,99979,100,99100,100,99991,100,99077,100,100012,100,99025,100,100017,100,98930,100,100020,100,98879,100
2019-06-28 09:46:30.802798803,99849,594,99346,94,99883,194,99328,194,99912,200,99145,194,99915,100,99121,194,99917,394,99107,194,99979,100,99100,100,99991,100,99077,100,100012,100,99025,100,100017,100,98930,100,100020,100,98879,100
2019-06-28 09:46:33.346678656,99790,100,99346,94,99849,594,99328,194,99883,194,99145,194,99912,200,99121,194,99915,100,99107,194,99917,394,99100,100,99979,100,99077,100,99991,100,99025,100,100012,100,98930,100,100017,100,98879,100
2019-06-28 09:46:40.000000000,99790,335,99328,335,99849,735,99145,335,99883,100,99121,100,99912,106,99107,100,99915,6,99100,100,99917,300,99077,100,99979,100,99025,100,99991,100,98930,100,100012,100,98879,100,100017,100,98875,100
2019-06-28 09:46:44.555777673,99790,335,99328,335,99849,735,99145,335,99883,100,99121,100,99912,106,99107,100,99915,6,99102,100,99917,300,99100,100,99979,100,99077,100,99991,100,99025,100,100012,100,98930,100,100017,100,98879,100
2019-06-28 09:46:50.000000000,99790,194,99328,194,99849,594,99145,194,99883,194,99121,194,99912,200,99107,194,99915,100,99102,194,99917,300,99100,100,99979,100,99077,100,99991,100,99025,100,100012,100,98930,100,100017,100,98879,100
2019-06-28 09:46:51.179570039,99418,100,99328,194,99790,194,99145,194,99849,594,99121,194,99883,194,99107,194,99912,200,99102,194,99915,100,99100,100,99917,300,99077,100,99979,100,99025,100,99991,100,98930,100,100012,100,98879,100
2019-06-28 09:46:51.651860409,99418,100,99328,94,99790,194,99145,194,99849,594,99121,194,99883,194,99107,194,99912,200,99102,194,99915,100,99100,100,99917,300,99077,100,99979,100,99025,100,99991,100,98930,100,100012,100,98879,100
2019-06-28 09:47:00.000000000,99418,570,99145,570,99790,100,99121,100,99849,500,99107,100,99883,100,99102,100,99912,106,99100,100,99915,6,99077,100,99917,300,99025,100,99979,100,98930,100,99991,100,98879,100,100012,100,98875,100
2019-06-28 09:47:10.000000000,99418,218,99145,218,99790,218,99121,218,99849,618,99107,218,99883,218,99102,218,99912,106,99100,100,99915,6,99077,100,99917,300,99025,100,99979,100,98930,100,99991,100,98879,100,100012,100,98875,100
2019-06-28 09:47:17.351248913,99418,218,99145,218,99790,218,99121,218,99849,518,99107,218,99883,218,99102,218,99912,106,99100,100,99915,6,99077,100,99917,300,99025,100,99979,100,98930,100,99991,100,98879,100,100012,100,98875,100
2019-06-28 09:47:20.000000000,99418,335,99145,335,99790,335,99121,335,99849,400,99107,100,99883,100,99102,100,99912,106,99100,100,99915,6,99077,100,99917,300,99025,100,99979,100,98930,100,99991,100,98879,100,100012,100,98875,100
2019-06-28 09:47:29.398251857,99418,335,99145,335,99790,335,99121,335,99849,400,99107,100,99883,100,99102,100,99912,106,99100,100,99915,6,99077,100,99917,300,99025,100,99979,100,98930,100,100012,100,98879,100,100017,100,98875,100
2019-06-28 09:47:30.000000000,99418,260,99145,260,99790,255,99121,255,99849,555,99107,255,99883,100,99102,100,99912,106,99100,100,99915,6,99077,100,99917,300,99025,100,99979,100,98930,100,100012,100,98879,100,100017,100,98875,100
2019-06-28 09:47:40.000000000,99418,218,99145,218,99790,218,99121,218,99849,518,99107,218,99883,218,99102,218,99912,106,99100,100,99915,6,99077,100,99917,300,99025,100,99979,100,98930,100,100012,100,98879,100,100017,100,98875,100
2019-06-28 09:47:50.000000000,99418,218,99145,218,99790,218,99121,218,99849,518,99107,218,99883,218,99102,218,99912,106,99100,100,99915,6,99077,100,99917,300,99025,100,99979,100,98930,100,100012,100,98879,100,100017,100,98875,100
2019-06-28 09:47:51.221135395,99418,218,99145,218,99790,218,99121,218,99849,518,99107,218,99883,218,99102,218,99912,106,99100,100,99915,6,99077,100,99917,300,99025,100,99979,100,98930,100,100012,100,98920,100,100017,100,98879,100
2019-06-28 09:48:00.000000000,99418,260,99145,260,99790,255,99121,255,99849,555,99107,255,99883,100,99102,100,99912,106,99100,100,99915,6,99077,100,99917,300,99025,100,99979,100,98930,100,100012,100,98920,100,100017,100,98879,100
2019-06-28 09:48:10.000000000,99418,218,99145,218,99790,218,99121,218,99849,518,99107,218,99883,218,99102,218,99912,106,99100,100,99915,6,99077,100,99917,300,99025,100,99979,100,98930,100,100012,100,98920,100,100017,100,98879,100
2019-06-28 09:48:20.000000000,99418,218,99145,218,99790,218,99121,218,99849,518,99107,218,99883,218,99102,218,99912,106,99100,100,99915,6,99077,100,99917,300,99025,100,99979,100,98930,100,100012,100,98920,100,100017,100,98879,100
2019-06-28 09:48:29.462430633,99418,218,99160,100,99790,218,99145,218,99849,518,99121,218,99883,218,99107,218,99912,106,99102,218,99915,6,99100,100,99917,300,99077,100,99979,100,99025,100,100012,100,98930,100,100020,100,98920,100
2019-06-28 09:48:30.000000000,99418,570,99160,570,99790,100,99145,100,99849,400,99121,100,99883,100,99107,100,99912,106,99102,100,99915,6,99100,100,99917,300,99077,100,99979,100,99025,100,100012,100,98930,100,100020,100,98920,100
2019-06-28 09:48:40.000000000,99418,335,99160,335,99790,335,99145,335,99849,400,99121,100,99883,100,99107,100,99912,106,99102,100,99915,6,99100,100,99917,300,99077,100,99979,100,99025,100,100012,100,98930,100,100020,100,98920,100
2019-06-28 09:48:47.928153388,99418,335,99160,335,99790,335,99145,335,99849,400,99121,100,99883,100,99107,100,99912,106,99102,100,99915,6,99100,100,99917,300,99077,100,99979,100,99041,100,100012,100,99025,100,100020,100,98930,100
2019-06-28 09:48:50.000000000,99418,260,99160,260,99790,255,99145,255,99849,555,99121,255,99883,100,99107,100,99912,106,99102,100,99915,6,99100,100,99917,300,99077,100,99979,100,99041,100,100012,100,99025,100,100020,100,98930,100
2019-06-28 09:49:00.000000000,99418,218,99160,218,99790,218,99145,218,99849,518,99121,218,99883,218,99107,218,99912,106,99102,100,99915,6,99100,100,99917,300,99077,100,99979,100,99041,100,100012,100,99025,100,100020,100,98930,100
2019-06-28 09:49:10.000000000,99418,260,99160,260,99790,255,99145,255,99849,555,99121,255,99883,100,99107,100,99912,106,99102,100,99915,6,99100,100,99917,300,99077,100,99979,100,99041,100,100012,100,99025,100,100020,100,98930,100
2019-06-28 09:49:20.000000000,99418,218,99160,218,99790,218,99145,218,99849,518,99121,218,99883,218,99107,218,99912,106,99102,100,99915,6,99100,100,99917,300,99077,100,99979,100,99041,100,100012,100,99025,100,100020,100,98930,100
2019-06-28 09:49:30.000000000,99418,218,99160,218,99790,218,99145,218,99849,518,99121,218,99883,218,99107,218,99912,106,99102,100,99915,6,99100,100,99917,300,99077,100,99979,100,99041,100,100012,100,99025,100,100020,100,98930,100
2019-06-28 09:49:34.624983661,99418,218,99160,218,99790,218,99145,218,99849,518,99121,218,99883,218,99107,218,99912,106,99102,100,99915,6,99100,100,99917,300,99077,100,99979,100,99041,100,100012,100,99025,100,100020,100,98930,100
2019-06-28 09:49:40.000000000,99418,218,99160,218,99790,218,99145,218,99849,518,99121,218,99883,218,99107,218,99912,106,99102,100,99915,6,99100,100,99917,300,99077,100,99979,100,99041,100,100012,100,99025,100,100020,100,98930,100
2019-06-28 09:49:40.959527971,99418,218,99160,218,99790,218,99145,218,99849,518,99121,218,99883,218,99107,218,99912,106,99102,100,99915,6,99100,100,99917,300,99077,100,99979,100,99041,100,100012,100,99025,100,100020,100,98956,100
2019-06-28 09:49:50.000000000,99418,260,99160,260,99790,255,99145,255,99849,555,99121,255,99883,100,99107,100,99912,106,99102,100,99915,6,99100,100,99917,300,99077,100,99979,100,99041,100,100012,100,99025,100,100020,100,98956,100
2019-06-28 09:50:00.000000000,99418,194,99160,194,99790,194,99145,194,99849,494,99121,194,99883,194,99107,194,99912,200,99102,194,99915,6,99100,100,99917,300,99077,100,99979,100,99041,100,100012,100,99025,100,100020,100,98956,100
2019-06-28 09:50:09.761535279,99418,194,99160,194,99790,194,99145,194,99849,494,99121,194,99883,194,99107,194,99912,200,99102,194,99915,6,99100,100,99917,300,99077,100,99979,100,99041,100,100012,100,99025,100,100020,100,98956,100
2019-06-28 09:50:10.000000000,99418,194,99160,194,99790,194,99145,194,99849,494,99121,194,99883,194,99107,194,99912,200,99102,194,99915,6,99100,100,99917,300,99077,100,99979,100,99041,100,100012,100,99025,100,100020,100,98956,100
2019-06-28 09:50:20.000000000,99418,335,99160,335,99790,335,99145,335,99849,400,99121,100,99883,100,99107,100,99912,106,99102,100,99915,6,99100,100,99917,300,99077,100,99979,100,99041,100,100012,100,99025,100,100020,100,98956,100
2019-06-28 09:50:21.153862843,99346,100,99160,335,99418,335,99145,335,99790,335,99121,100,99849,400,99107,100,99883,100,99102,100,99912,106,99100,100,99915,6,99077,100,99917,300,99041,100,99979,100,99025,100,100012,100,98956,100
2019-06-28 09:50:25.523103917,99346,100,99160,335,99418,335,99145,335,99790,335,99121,100,99849,400,99107,100,99883,100,99102,100,99912,106,99100,100,99915,6,99077,100,99917,300,99041,100,99979,100,99025,100,100012,100,98956,100
2019-06-28 09:50:30.000000000,99346,260,99160,260,99418,255,99145,255,99790,255,99121,255,99849,400,99107,100,99883,100,99102,100,99912,106,99100,100,99915,6,99077,100,99917,300,99041,100,99979,100,99025,100,100012,100,98956,100
2019-06-28 09:50:40.000000000,99346,335,99160,335,99418,335,99145,335,99790,100,99121,100,99849,400,99107,100,99883,100,99102,100,99912,106,99100,100,99915,6,99077,100,99917,300,99041,100,99979,100,99025,100,100012,100,98956,100
2019-06-28 09:50:40.801755508,99346,335,99160,235,99418,335,99145,335,99790,100,99121,100,99849,400,99107,100,99883,100,99102,100,99912,106,99100,100,99915,6,99077,100,99917,300,99041,100,99979,100,99025,100,100012,100,98956,100
2019-06-28 09:50:44.326721738,99346,335,99160,235,99418,335,99145,335,99790,100,99121,100,99849,400,99107,100,99883,100,99102,100,99912,100,99100,100,99915,6,99077,100,99917,300,99041,100,99979,100,99025,100,100012,100,98956,100
2019-06-28 09:50:46.804679919,99328,100,99160,235,99346,335,99145,335,99418,335,99121,100,99790,100,99107,100,99849,300,99102,100,99883,100,99100,100,99912,100,99077,100,99915,6,99041,100,99917,300,99025,100,99979,100,98956,100
2019-06-28 09:50:50.000000000,99328,335,99145,335,99346,335,99121,335,99418,100,99107,100,99790,100,99102,100,99849,300,99100,100,99883,100,99077,100,99912,100,99041,100,99915,6,99025,100,99917,300,98956,100,99979,100,98930,100
2019-06-28 09:50:53.706040547,99328,335,99145,235,99346,335,99121,335,99418,100,99107,100,99790,100,99102,100,99849,300,99100,100,99883,100,99077,100,99912,100,99041,100,99915,6,99025,100,99917,300,98956,100,99979,100,98920,100
2019-06-28 09:51:00.000000000,99328,194,99121,194,99346,194,99107,194,99418,194,99102,194,99790,194,99100,194,99849,394,99077,194,99883,100,99041,100,99912,100,99025,100,99915,6,98956,100,99917,300,98920,100,99979,100,98879,100
2019-06-28 09:51:04.387046689,99328,194,99121,194,99346,194,99107,194,99418,194,99102,194,99790,194,99100,194,99849,394,99077,194,99883,100,99041,100,99912,100,99025,100,99915,6,98956,100,99917,300,98920,100,99979,100,98879,100
2019-06-28 09:51:10.000000000,99328,570,99121,570,99346,100,99107,100,99418,100,99102,100,99790,100,99100,100,99849,300,99077,100,99883,100,99041,100,99912,100,99025,100,99915,6,98956,100,99917,300,98920,100,99979,100,98879,100
2019-06-28 09:51:12.911732913,99160,100,99121,570,99328,570,99107,100,99346,100,99102,100,99418,100,99100,100,99790,100,99077,100,99849,300,99041,100,99883,100,99025,100,99912,100,98956,100,99915,6,98920,100,99917,300,98879,100
2019-06-28 09:51:20.000000000,99160,570,99121,570,99328,100,99107,100,99346,100,99102,100,99418,100,99100,100,99790,100,99077,100,99849,300,99041,100,99883,100,99025,100,99912,100,98956,100,99915,6,98920,100,99917,300,98879,100
2019-06-28 09:51:22.124018909,99160,570,99121,570,99328,100,99107,100,99346,100,99102,100,99418,100,99100,100,99790,100,99077,100,99849,300,99041,100,99883,100,99025,100,99912,100,98956,100,99915,6,98920,100,99917,300,98891,100
2019-06-28 09:51:30.000000000,99160,194,99121,194,99328,194,99107,194,99346,194,99102,194,99418,194,99100,194,99790,194,99077,194,99849,300,99041,100,99883,100,99025,100,99912,100,98956,100,99915,6,98920,100,99917,300,98891,100
2019-06-28 09:51:40.000000000,99160,335,99121,335,99328,335,99107,335,99346,100,99102,100,99418,100,99100,100,99790,100,99077,100,99849,300,99041,100,99883,100,99025,100,99912,100,98956,100,99915,6,98920,100,99917,300,98891,100
2019-06-28 09:51:50.000000000,99160,194,99121,194,99328,194,99107,194,99346,194,99102,194,99418,194,99100,194,99790,194,99077,194,99849,300,99041,100,99883,100,99025,100,99912,100,98956,100,99915,6,98920,100,99917,300,98891,100
2019-06-28 09:52:00.000000000,99160,335,99121,335,99328,335,99107,335,99346,100,99102,100,99418,100,99100,100,99790,100,99077,100,99849,300,99041,100,99883,100,99025,100,99912,100,98956,100,99915,6,98920,100,99917,300,98891,100
2019-06-28 09:52:10.000000000,99160,260,99121,260,99328,255,99107,255,99346,255,99102,255,99418,100,99100,100,99790,100,99077,100,99849,300,99041,100,99883,100,99025,100,99912,100,98956,100,99915,6,98920,100,99917,300,98891,100
2019-06-28 09:52:12.460497418,99160,260,99121,260,99328,255,99107,255,99346,255,99102,255,99418,100,99100,100,99790,100,99077,100,99849,300,99041,100,99883,100,99025,100,99912,100,98956,100,99915,6,98920,100,99917,300,98891,100
2019-06-28 09:52:19.427150315,99160,260,99121,260,99328,255,99107,255,99346,155,99102,255,99418,100,99100,100,99790,100,99077,100,99849,300,99041,100,99883,100,99025,100,99912,100,98956,100,99915,6,98920,100,99917,300,98891,100
2019-06-28 09:52:20.000000000,99160,260,99121,260,99328,255,99107,255,99418,255,99102,255,99790,100,99100,100,99849,300,99077,100,99883,100,99041,100,99912,100,99025,100,99915,6,98956,100,99917,300,98920,100,100012,100,98891,100
2019-06-28 09:52:20.668459657,99160,260,99121,60,99328,255,99107,255,99418,255,99102,255,99790,100,99100,100,99849,300,99077,100,99883,100,99041,100,99912,100,99025,100,99915,6,98956,100,99917,300,98920,100,100012,100,98891,100
2019-06-28 09:52:21.782786357,99121,40,99107,255,99160,260,99102,255,99328,255,99100,100,99418,255,99077,100,99790,100,99041,100,99849,300,99025,100,99883,100,98920,100,99912,100,98891,100,99915,6,98879,100,99917,300,98875,100
2019-06-28 09:52:30.000000000,99121,134,99107,194,99160,194,99102,194,99328,194,99100,194,99418,194,99077,194,99790,194,99041,194,99849,300,99025,100,99883,100,98920,100,99912,100,98891,100,99915,6,98879,100,99917,300,98875,100
2019-06-28 09:52:39.773990460,99121,134,99107,94,99160,194,99102,194,99328,194,99100,194,99418,194,99077,194,99790,194,99041,194,99849,300,99025,100,99883,100,98920,100,99912,100,98891,100,99915,6,98879,100,99917,300,98875,100
2019-06-28 09:52:40.000000000,99121,158,99102,218,99160,218,99100,218,99328,218,99077,218,99418,218,99041,218,99790,100,99025,100,99849,300,98920,100,99883,100,98891,100,99912,100,98879,100,99915,6,98875,100,99917,300,98830,100
2019-06-28 09:52:50.000000000,99121,510,99102,570,99160,100,99100,100,99328,100,99077,100,99418,100,99041,100,99790,100,99025,100,99849,300,98920,100,99883,100,98891,100,99912,100,98879,100,99915,6,98875,100,99917,300,98830,100
2019-06-28 09:52:54.881448828,99121,510,99102,570,99160,100,99100,100,99328,100,99077,100,99418,100,99041,100,99790,100,99025,100,99849,300,98931,100,99883,100,98920,100,99912,100,98891,100,99915,6,98879,100,99917,300,98875,100
2019-06-28 09:53:00.000000000,99121,134,99102,194,99160,194,99100,194,99328,194,99077,194,99418,194,99041,194,99790,194,99025,194,99849,300,98931,100,99883,100,98920,100,99912,100,98891,100,99915,6,98879,100,99917,300,98875,100
2019-06-28 09:53:03.241717147,99121,134,99102,194,99160,194,99100,194,99268,100,99077,194,99328,194,99041,194,99418,194,99025,194,99790,194,98931,100,99849,300,98920,100,99883,100,98891,100,99912,100,98879,100,99915,6,98875,100
2019-06-28 09:53:03.563504983,99121,134,99102,94,99160,194,99100,94,99268,100,99077,194,99328,194,99041,194,99418,194,99025,194,99790,194,98931,100,99849,300,98920,100,99883,100,98891,100,99912,100,98879,100,99915,6,98875,100
2019-06-28 09:53:10.000000000,99121,134,99077,194,99160,194,99041,194,99268,194,99025,194,99328,194,98931,194,99418,194,98920,194,99790,100,98891,100,99849,300,98879,100,99883,100,98875,100,99912,100,98830,100,99915,6,98777,100
2019-06-28 09:53:12.401834838,99121,134,99077,194,99160,194,99041,194,99268,194,99025,194,99328,194,98998,100,99418,194,98931,194,99790,100,98920,194,99849,300,98891,100,99883,100,98879,100,99912,100,98875,100,99915,6,98830,100
2019-06-28 09:53:20.000000000,99121,134,99077,194,99160,194,99041,194,99268,194,99025,194,99328,194,98998,194,99418,194,98931,194,99790,100,98920,100,99849,300,98891,100,99883,100,98879,100,99912,100,98875,100,99915,6,98830,100
2019-06-28 09:53:22.293821894,99121,34,99077,194,99160,194,99041,194,99268,194,99025,194,99328,194,98998,194,99418,194,98931,194,99790,100,98891,100,99849,300,98879,100,99883,100,98875,100,99912,100,98830,100,99915,6,98777,100
2019-06-28 09:53:28.688474409,99160,194,99121,66,99268,194,99077,194,99328,194,99041,194,99418,194,99025,194,99790,100,98998,194,99849,300,98931,194,99883,100,98891,100,99912,100,98875,100,99915,6,98830,100,99917,300,98777,100
2019-06-28 09:53:30.000000000,99160,218,99121,184,99268,218,99077,218,99328,218,99041,218,99418,218,99025,218,99790,100,98998,100,99849,300,98931,100,99883,100,98891,100,99912,100,98875,100,99915,6,98830,100,99917,300,98777,100
2019-06-28 09:53:40.000000000,99160,260,99121,226,99268,255,99077,255,99328,255,99041,255,99418,100,99025,100,99790,100,98998,100,99849,300,98931,100,99883,100,98891,100,99912,100,98875,100,99915,6,98830,100,99917,300,98777,100
2019-06-28 09:53:50.000000000,99160,194,99121,160,99268,194,99077,194,99328,194,99041,194,99418,194,99025,194,99790,194,98998,194,99849,300,98931,100,99883,100,98891,100,99912,100,98875,100,99915,6,98830,100,99917,300,98777,100
2019-06-28 09:53:54.587620166,99160,194,99121,160,99268,194,99077,194,99328,194,99041,194,99418,194,99025,194,99790,194,98998,194,99849,200,98931,100,99883,100,98891,100,99912,100,98875,100,99915,6,98830,100,99917,300,98777,100
2019-06-28 09:54:00.000000000,99160,570,99121,536,99268,100,99077,100,99328,100,99041,100,99418,100,99025,100,99790,100,98998,100,99849,200,98931,100,99883,100,98891,100,99912,100,98875,100,99915,6,98830,100,99917,300,98777,100
2019-06-28 09:54:10.000000000,99160,194,99121,160,99268,194,99077,194,99328,194,99041,194,99418,194,99025,194,99790,194,98998,194,99849,200,98931,100,99883,100,98891,100,99912,100,98875,100,99915,6,98830,100,99917,300,98777,100
2019-06-28 09:54:11.821196550,99160,194,99121,260,99268,194,99077,194,99328,194,99041,194,99418,194,99025,194,99790,194,98998,194,99849,200,98931,100,99912,100,98891,100,99915,6,98875,100,99917,300,98830,100,100012,100,98777,100
2019-06-28 09:54:13.326788510,99160,94,99121,260,99268,194,99077,194,99328,194,99041,194,99418,194,99025,194,99790,194,98998,194,99849,200,98931,100,99912,100,98891,100,99915,6,98875,100,99917,300,98830,100,100012,100,98777,100
2019-06-28 09:54:20.000000000,99268,218,99121,284,99328,218,99077,218,99418,218,99041,218,99790,218,99025,218,99849,200,98998,100,99912,100,98931,100,99915,6,98891,100,99917,300,98875,100,100012,100,98830,100,100020,100,98777,100
2019-06-28 09:54:30.000000000,99268,218,99121,284,99328,218,99077,218,99418,218,99041,218,99790,218,99025,218,99849,200,98998,100,99912,100,98931,100,99915,6,98891,100,99917,300,98875,100,100012,100,98830,100,100020,100,98777,100
2019-06-28 09:54:40.000000000,99268,260,99121,326,99328,255,99077,255,99418,255,99041,255,99790,100,99025,100,99849,200,98998,100,99912,100,98931,100,99915,6,98891,100,99917,300,98875,100,100012,100,98830,100,100020,100,98777,100
2019-06-28 09:54:50.000000000,99268,194,99121,260,99328,194,99077,194,99418,194,99041,194,99790,194,99025,194,99849,294,98998,194,99912,100,98931,100,99915,6,98891,100,99917,300,98875,100,100012,100,98830,100,100020,100,98777,100
2019-06-28 09:55:00.000000000,99268,218,99121,284,99328,218,99077,218,99418,218,99041,218,99790,218,99025,218,99849,200,98998,100,99912,100,98931,100,99915,6,98891,100,99917,300,98875,100,100012,100,98830,100,100020,100,98777,100
2019-06-28 09:55:10.000000000,99268,260,99121,326,99328,255,99077,255,99418,255,99041,255,99790,100,99025,100,99849,200,98998,100,99912,100,98931,100,99915,6,98891,100,99917,300,98875,100,100012,100,98830,100,100020,100,98777,100
2019-06-28 09:55:12.412432207,99268,260,99121,326,99328,255,99077,255,99418,255,99041,255,99790,100,99025,100,99849,200,98998,100,99912,100,98931,100,99915,6,98891,100,99917,300,98875,100,100012,100,98830,100,100020,100,98777,100
2019-06-28 09:55:16.869764918,99268,160,99121,326,99328,255,99077,255,99418,255,99041,255,99790,100,99025,100,99849,200,98998,100,99912,100,98931,100,99915,6,98891,100,99917,300,98875,100,100012,100,98830,100,100020,100,98777,100
2019-06-28 09:55:20.000000000,99328,570,99121,636,99418,100,99077,100,99790,100,99041,100,99849,200,99025,100,99912,100,98998,100,99915,6,98931,100,99917,300,98891,100,100012,100,98875,100,100020,100,98830,100,100041,100,98777,100
2019-06-28 09:55:21.574464543,99328,570,99160,100,99418,100,99121,636,99790,100,99077,100,99849,200,99041,100,99912,100,99025,100,99915,6,98998,100,99917,200,98931,100,100012,100,98891,100,100020,100,98875,100,100041,100,98830,100
2019-06-28 09:55:24.938810513,99328,570,99160,100,99418,100,99121,636,99790,100,99077,100,99849,200,99041,100,99912,100,99025,100,99915,6,98998,100,99917,200,98931,100,100012,100,98891,100,100020,100,98830,100,100041,100,98777,100
2019-06-28 09:55:27.552958939,99328,470,99160,100,99418,100,99121,636,99790,100,99077,100,99849,200,99041,100,99912,100,99025,100,99915,6,98998,100,99917,200,98931,100,100012,100,98891,100,100020,100,98830,100,100041,100,98777,100
2019-06-28 09:55:30.000000000,99418,335,99160,335,99790,335,99121,401,99849,200,99077,100,99912,100,99041,100,99915,6,99025,100,99917,200,98998,100,100012,100,98931,100,100020,100,98891,100,100041,100,98830,100,100075,100,98777,100
2019-06-28 09:55:40.000000000,99418,194,99160,194,99790,194,99121,260,99849,294,99077,194,99912,194,99041,194,99915,100,99025,194,99917,200,98998,100,100012,100,98931,100,100020,100,98891,100,100041,100,98830,100,100075,100,98777,100
2019-06-28 09:55:43.122071275,99418,94,99160,194,99790,194,99121,260,99849,294,99077,194,99912,194,99041,194,99915,100,99025,194,99917,200,98998,100,100012,100,98931,100,100020,100,98891,100,100041,100,98830,100,100075,100,98777,100
2019-06-28 09:55:45.156431134,99418,94,99328,100,99790,194,99160,194,99849,294,99121,260,99912,194,99077,194,99915,100,99041,194,99917,200,99025,194,100012,100,98998,100,100020,100,98931,100,100041,100,98891,100,100075,100,98830,100
2019-06-28 09:55:46.368468370,99790,194,99418,6,99849,294,99328,100,99912,194,99160,194,99915,100,99121,260,99917,200,99077,194,100012,100,99041,194,100020,100,99025,194,100041,100,98998,100,100075,100,98931,100,100097,100,98891,100
2019-06-28 09:55:50.000000000,99790,570,99418,476,99849,200,99328,100,99912,100,99160,100,99915,6,99121,166,99917,200,99077,100,100012,100,99041,100,100020,100,99025,100,100041,100,98998,100,100075,100,98931,100,100097,100,98891,100
2019-06-28 09:55:58.315703998,99790,570,99418,476,99849,200,99328,100,99912,100,99160,100,99915,6,99121,166,99917,200,99077,100,100012,100,99041,100,100020,100,99025,100,100041,100,98998,100,100097,100,98931,100,100111,100,98891,100
2019-06-28 09:56:00.000000000,99790,260,99418,166,99849,355,99328,255,99912,255,99160,255,99915,6,99121,166,99917,200,99077,100,100012,100,99041,100,100020,100,99025,100,100041,100,98998,100,100097,100,98931,100,100111,100,98891,100
2019-06-28 09:56:08.153822409,99790,260,99418,266,99849,355,99328,255,99912,155,99160,255,99915,6,99121,166,99917,200,99077,100,100012,100,99041,100,100020,100,99025,100,100041,100,98998,100,100097,100,98931,100,100111,100,98891,100
2019-06-28 09:56:10.000000000,99790,194,99418,200,99849,294,99328,194,99915,100,99160,194,99917,294,99121,260,100012,194,99077,194,100020,100,99041,100,100041,100,99025,100,100097,100,98998,100,100111,100,98931,100,100131,100,98891,100
2019-06-28 09:56:17.401167143,99790,194,99418,200,99849,294,99328,194,99915,100,99160,194,99917,294,99121,260,100012,194,99077,194,100020,100,99041,100,100041,100,99025,100,100097,100,98998,100,100111,100,98931,100,100131,100,98891,100
2019-06-28 09:56:20.000000000,99790,260,99418,266,99849,355,99328,255,99915,161,99160,255,99917,200,99121,166,100012,100,99077,100,100020,100,99041,100,100041,100,99025,100,100097,100,98998,100,100111,100,98931,100,100131,100,98891,100
2019-06-28 09:56:29.946625683,99790,260,99418,266,99849,355,99328,255,99915,161,99160,255,99917,200,99121,166,100012,100,99077,100,100020,100,99041,100,100041,100,99025,100,100097,100,98998,100,100111,100,98931,100,100131,100,98891,100
2019-06-28 09:56:30.000000000,99790,194,99418,200,99849,294,99328,194,99915,100,99160,194,99917,294,99121,260,100012,194,99077,194,100020,100,99041,100,100041,100,99025,100,100097,100,98998,100,100111,100,98931,100,100131,100,98891,100
2019-06-28 09:56:40.000000000,99790,194,99418,200,99849,294,99328,194,99915,100,99160,194,99917,294,99121,260,100012,194,99077,194,100020,100,99041,100,100041,100,99025,100,100097,100,98998,100,100111,100,98931,100,100131,100,98891,100
2019-06-28 09:56:50.000000000,99790,218,99418,224,99849,318,99328,218,99915,124,99160,218,99917,318,99121,284,100012,100,99077,100,100020,100,99041,100,100041,100,99025,100,100097,100,98998,100,100111,100,98931,100,100131,100,98891,100
2019-06-28 09:57:00.000000000,99790,335,99418,341,99849,435,99328,335,99915,6,99160,100,99917,200,99121,166,100012,100,99077,100,100020,100,99041,100,100041,100,99025,100,100097,100,98998,100,100111,100,98931,100,100131,100,98891,100
2019-06-28 09:57:01.529294355,99790,335,99418,441,99849,435,99328,335,99915,6,99160,100,99917,200,99121,166,100012,100,99077,100,100020,100,99041,100,100041,100,99025,100,100097,100,98998,100,100111,100,98931,100,100131,100,98891,100
2019-06-28 09:57:07.850458558,99790,335,99418,441,99849,435,99328,335,99915,6,99160,100,99917,200,99121,166,100012,100,99077,100,100020,100,99041,100,100041,100,99025,100,100097,100,98998,100,100111,100,98931,100,100119,100,98891,100
2019-06-28 09:57:08.950969899,99790,335,99418,441,99849,435,99328,335,99915,6,99160,100,99917,200,99121,166,99922,100,99077,100,100012,100,99041,100,100020,100,99025,100,100041,100,98998,100,100097,100,98931,100,100111,100,98891,100
2019-06-28 09:57:10.000000000,99790,335,99418,441,99849,435,99328,335,99915,6,99160,100,99917,200,99121,166,99922,100,99077,100,100012,100,99041,100,100020,100,99025,100,100041,100,98998,100,100097,100,98931,100,100111,100,98891,100
2019-06-28 09:57:20.000000000,99790,218,99418,324,99849,318,99328,218,99915,124,99160,218,99917,318,99121,284,99922,100,99077,100,100012,100,99041,100,100020,100,99025,100,100041,100,98998,100,100097,100,98931,100,100111,100,98891,100
2019-06-28 09:57:23.444399486,99790,218,99418,324,99849,318,99328,218,99915,124,99160,218,99917,318,99121,284,99922,100,99077,100,100012,100,99041,100,100020,100,99025,100,100041,100,98998,100,100097,100,98931,100,100111,100,98891,100
2019-06-28 09:57:27.361023771,99790,118,99418,324,99849,318,99328,218,99915,124,99160,218,99917,318,99121,284,99922,100,99077,100,100012,100,99041,100,100020,100,99025,100,100041,100,98998,100,100097,100,98931,100,100111,100,98891,100
2019-06-28 09:57:30.000000000,99849,318,99418,324,99915,124,99328,218,99917,318,99160,218,99922,218,99121,284,100012,100,99077,100,100020,100,99041,100,100041,100,99025,100,100097,100,98998,100,100111,100,98931,100,100119,100,98891,100
2019-06-28 09:57:30.831439842,99849,318,99418,324,99915,124,99328,218,99917,318,99160,218,99922,218,99121,284,100012,100,99077,100,100020,100,99041,100,100041,100,99025,100,100097,100,98998,100,100111,100,98931,100,100119,100,98891,100
2019-06-28 09:57:40.000000000,99849,318,99418,324,99915,124,99328,218,99917,318,99160,218,99922,218,99121,284,100012,100,99077,100,100020,100,99041,100,100041,100,99025,100,100097,100,98998,100,100111,100,98931,100,100119,100,98891,100
2019-06-28 09:57:50.000000000,99849,670,99418,676,99915,6,99328,100,99917,200,99160,100,99922,100,99121,166,100012,100,99077,100,100020,100,99041,100,100041,100,99025,100,100097,100,98998,100,100111,100,98931,100,100119,100,98891,100
2019-06-28 09:58:00.000000000,99849,670,99418,676,99915,6,99328,100,99917,200,99160,100,99922,100,99121,166,100012,100,99077,100,100020,100,99041,100,100041,100,99025,100,100097,100,98998,100,100111,100,98931,100,100119,100,98891,100
2019-06-28 09:58:02.982022866,99849,670,99419,100,99915,6,99418,676,99917,200,99328,100,99922,100,99160,100,100012,100,99121,166,100020,100,99077,100,100041,100,99041,100,100097,100,99025,100,100111,100,98998,100,100119,100,98931,100
2019-06-28 09:58:10.000000000,99849,294,99419,194,99915,100,99418,300,99917,294,99328,194,99922,194,99160,194,100012,194,99121,260,100020,100,99077,100,100041,100,99041,100,100097,100,99025,100,100111,100,98998,100,100119,100,98931,100
2019-06-28 09:58:20.000000000,99849,318,99419,218,99915,124,99418,324,99917,318,99328,218,99922,218,99160,218,100012,100,99121,166,100020,100,99077,100,100041,100,99041,100,100097,100,99025,100,100111,100,98998,100,100119,100,98931,100
2019-06-28 09:58:30.000000000,99849,435,99419,335,99915,241,99418,441,99917,200,99328,100,99922,100,99160,100,100012,100,99121,166,100020,100,99077,100,100041,100,99041,100,100097,100,99025,100,100111,100,98998,100,100119,100,98931,100
2019-06-28 09:58:35.527884030,99849,435,99419,335,99915,241,99418,441,99917,200,99328,100,99922,100,99160,100,100003,100,99121,166,100012,100,99077,100,100020,100,99041,100,100041,100,99025,100,100097,100,98998,100,100119,100,98931,100
2019-06-28 09:58:40.000000000,99849,294,99419,194,99915,100,99418,300,99917,294,99328,194,99922,194,99160,194,100003,194,99121,260,100012,100,99077,100,100020,100,99041,100,100041,100,99025,100,100097,100,98998,100,100119,100,98931,100
2019-06-28 09:58:50.000000000,99849,670,99419,570,99915,6,99418,206,99917,200,99328,100,99922,100,99160,100,100003,100,99121,166,100012,100,99077,100,100020,100,99041,100,100041,100,99025,100,100097,100,98998,100,100119,100,98931,100
2019-06-28 09:59:00.000000000,99849,294,99419,194,99915,100,99418,300,99917,294,99328,194,99922,194,99160,194,100003,194,99121,260,100012,100,99077,100,100020,100,99041,100,100041,100,99025,100,100097,100,98998,100,100119,100,98931,100
2019-06-28 09:59:10.000000000,99849,294,99419,194,99915,100,99418,300,99917,294,99328,194,99922,194,99160,194,100003,194,99121,260,100012,100,99077,100,100020,100,99041,100,100041,100,99025,100,100097,100,98998,100,100119,100,98931,100
2019-06-28 09:59:13.173540262,99849,194,99419,194,99915,100,99418,300,99917,294,99328,194,99922,194,99160,194,100003,194,99121,260,100012,100,99077,100,100020,100,99041,100,100041,100,99025,100,100097,100,98998,100,100119,100,98931,100
2019-06-28 09:59:20.000000000,99849,218,99419,218,99915,124,99418,324,99917,318,99328,218,99922,218,99160,218,100003,100,99121,166,100012,100,99077,100,100020,100,99041,100,100041,100,99025,100,100097,100,98998,100,100119,100,98931,100
2019-06-28 09:59:30.000000000,99849,218,99419,218,99915,124,99418,324,99917,318,99328,218,99922,218,99160,218,100003,100,99121,166,100012,100,99077,100,100020,100,99041,100,100041,100,99025,100,100097,100,98998,100,100119,100,98931,100
2019-06-28 09:59:40.000000000,99849,570,99419,570,99915,6,99418,206,99917,200,99328,100,99922,100,99160,100,100003,100,99121,166,100012,100,99077,100,100020,100,99041,100,100041,100,99025,100,100097,100,98998,100,100119,100,98931,100
2019-06-28 09:59:42.994876119,99849,570,99419,570,99917,200,99418,206,99922,100,99328,100,100003,100,99160,100,100012,100,99121,166,100020,100,99077,100,100041,100,99041,100,100097,100,99025,100,100119,100,98998,100,100131,100,98931,100
2019-06-28 09:59:50.000000000,99849,570,99419,570,99917,200,99418,206,99922,100,99328,100,100003,100,99160,100,100012,100,99121,166,100020,100,99077,100,100041,100,99041,100,100097,100,99025,100,100119,100,98998,100,100131,100,98931,100
2019-06-28 10:00:00.000000000,99849,194,99419,194,99917,294,99418,300,99922,194,99328,194,100003,194,99160,194,100012,194,99121,260,100020,100,99077,100,100041,100,99041,100,100097,100,99025,100,100119,100,98998,100,100131,100,98931,100
2019-06-28 10:00:08.307851568,99849,194,99419,194,99917,294,99418,300,99922,194,99328,194,100003,194,99160,194,100012,194,99121,260,100020,100,99077,100,100041,100,99041,100,100097,100,99025,100,100119,100,98998,100,100131,100,98931,100
2019-06-28 10:00:10.000000000,99849,335,99419,335,99917,435,99418,441,99922,100,99328,100,100003,100,99160,100,100012,100,99121,166,100020,100,99077,100,100041,100,99041,100,100097,100,99025,100,100119,100,98998,100,100131,100,98931,100
2019-06-28 10:00:14.999732810,99849,235,99419,335,99917,435,99418,441,99922,100,99328,100,100003,100,99160,100,100012,100,99121,166,100020,100,99077,100,100041,100,99041,100,100097,100,99025,100,100119,100,98931,100,100131,100,98891,100
2019-06-28 10:00:20.000000000,99917,294,99419,194,99922,194,99418,300,100003,194,99328,194,100012,194,99160,194,100020,194,99121,260,100041,100,99077,100,100097,100,99041,100,100119,100,99025,100,100131,100,98931,100,100158,100,98891,100
2019-06-28 10:00:24.661709665,99917,194,99419,194,99922,194,99418,300,100003,194,99328,194,100012,194,99160,194,100020,194,99121,260,100041,100,99077,100,100097,100,99041,100,100119,100,99025,100,100131,100,98931,100,100158,100,98891,100
2019-06-28 10:00:30.000000000,99917,335,99419,335,99922,335,99418,441,100003,100,99328,100,100012,100,99160,100,100020,100,99121,166,100041,100,99077,100,100097,100,99041,100,100119,100,99025,100,100131,100,98931,100,100158,100,98891,100
2019-06-28 10:00:40.000000000,99917,194,99419,194,99922,194,99418,300,100003,194,99328,194,100012,194,99160,194,100020,194,99121,260,100041,100,99077,100,100097,100,99041,100,100119,100,99025,100,100131,100,98931,100,100158,100,98891,100
2019-06-28 10:00:50.000000000,99917,570,99419,570,99922,100,99418,206,100003,100,99328,100,100012,100,99160,100,100020,100,99121,166,100041,100,99077,100,100097,100,99041,100,100119,100,99025,100,100131,100,98931,100,100158,100,98891,100
2019-06-28 10:01:00.000000000,99917,194,99419,194,99922,194,99418,300,100003,194,99328,194,100012,194,99160,194,100020,194,99121,260,100041,100,99077,100,100097,100,99041,100,100119,100,99025,100,100131,100,98931,100,100158,100,98891,100
2019-06-28 10:01:10.000000000,99917,335,99419,335,99922,335,99418,441,100003,100,99328,100,100012,100,99160,100,100020,100,99121,166,100041,100,99077,100,100097,100,99041,100,100119,100,99025,100,100131,100,98931,100,100158,100,98891,100
2019-06-28 10:01:14.718020009,99917,335,99419,335,99922,335,99418,441,100003,100,99328,100,100012,100,99160,100,100020,100,99121,166,100041,100,99077,100,100097,100,99041,100,100119,100,99025,100,100131,100,98931,100,100158,100,98891,100
2019-06-28 10:01:20.000000000,99917,570,99419,570,99922,100,99418,206,100003,100,99328,100,100012,100,99160,100,100020,100,99121,166,100041,100,99077,100,100097,100,99041,100,100119,100,99025,100,100131,100,98931,100,100158,100,98891,100
2019-06-28 10:01:30.000000000,99917,260,99419,260,99922,255,99418,361,100003,255,99328,255,100012,100,99160,100,100020,100,99121,166,100041,100,99077,100,100097,100,99041,100,100119,100,99025,100,100131,100,98931,100,100158,100,98891,100
2019-06-28 10:01:38.794110884,99917,260,99419,260,99922,255,99418,361,100003,255,99328,255,100012,100,99160,100,100020,100,99121,166,100041,100,99077,100,100097,100,99041,100,100119,100,99025,100,100131,100,98931,100,100158,100,98891,100
2019-06-28 10:01:40.000000000,99917,570,99419,570,99922,100,99418,206,100003,100,99328,100,100012,100,99160,100,100020,100,99121,166,100041,100,99077,100,100097,100,99041,100,100119,100,99025,100,100131,100,98931,100,100158,100,98891,100
2019-06-28 10:01:50.000000000,99917,218,99419,218,99922,218,99418,324,100003,218,99328,218,100012,218,99160,218,100020,100,99121,166,100041,100,99077,100,100097,100,99041,100,100119,100,99025,100,100131,100,98931,100,100158,100,98891,100
2019-06-28 10:01:59.675518733,99917,218,99419,218,99922,218,99418,324,100003,218,99328,218,100012,218,99160,218,100020,100,99121,166,100041,100,99077,100,100097,100,99041,100,100119,100,99025,100,100158,100,98931,100,100227,100,98891,100
2019-06-28 10:02:00.000000000,99917,570,99419,570,99922,100,99418,206,100003,100,99328,100,100012,100,99160,100,100020,100,99121,166,100041,100,99077,100,100097,100,99041,100,100119,100,99025,100,100158,100,98931,100,100227,100,98891,100
2019-06-28 10:02:10.000000000,99917,570,99419,570,99922,100,99418,206,100003,100,99328,100,100012,100,99160,100,100020,100,99121,166,100041,100,99077,100,100097,100,99041,100,100119,100,99025,100,100158,100,98931,100,100227,100,98891,100
2019-06-28 10:02:20.000000000,99917,570,99419,570,99922,100,99418,206,100003,100,99328,100,100012,100,99160,100,100020,100,99121,166,100041,100,99077,100,100097,100,99041,100,100119,100,99025,100,100158,100,98931,100,100227,100,98891,100
2019-06-28 10:02:30.000000000,99917,194,99419,194,99922,194,99418,300,100003,194,99328,194,100012,194,99160,194,100020,194,99121,260,100041,100,99077,100,100097,100,99041,100,100119,100,99025,100,100158,100,98931,100,100227,100,98891,100
2019-06-28 10:02:40.000000000,99917,335,99419,335,99922,335,99418,441,100003,100,99328,100,100012,100,99160,100,100020,100,99121,166,100041,100,99077,100,100097,100,99041,100,100119,100,99025,100,100158,100,98931,100,100227,100,98891,100
2019-06-28 10:02:40.343846856,99917,335,99419,335,99922,335,99418,441,100012,100,99328,100,100020,100,99160,100,100041,100,99121,166,100097,100,99077,100,100119,100,99041,100,100158,100,99025,100,100227,100,98931,100,100233,100,98891,100
2019-06-28 10:02:50.000000000,99917,218,99419,218,99922,218,99418,324,100012,218,99328,218,100020,218,99160,218,100041,100,99121,166,100097,100,99077,100,100119,100,99041,100,100158,100,99025,100,100227,100,98931,100,100233,100,98891,100
2019-06-28 10:02:56.317589152,99917,218,99419,218,99922,218,99418,324,100012,218,99328,218,100020,218,99160,218,100041,100,99121,166,100097,100,99077,100,100119,100,99041,100,100158,100,99025,100,100227,100,98931,100,100233,100,98891,100
2019-06-28 10:03:00.000000000,99917,218,99419,218,99922,218,99418,324,100012,218,99328,218,100020,218,99160,218,100041,100,99121,166,100097,100,99077,100,100119,100,99041,100,100158,100,99025,100,100227,100,98931,100,100233,100,98891,100
2019-06-28 10:03:06.032373927,99917,218,99419,218,99922,218,99418,324,100012,218,99328,218,100020,218,99160,218,100041,100,99121,166,100097,100,99077,100,100119,100,99041,100,100158,100,99025,100,100227,100,98931,100,100233,100,98891,100
2019-06-28 10:03:10.000000000,99917,570,99419,570,99922,100,99418,206,100012,100,99328,100,100020,100,99160,100,100041,100,99121,166,100097,100,99077,100,100119,100,99041,100,100158,100,99025,100,100227,100,98931,100,100233,100,98891,100
2019-06-28 10:03:20.000000000,99917,218,99419,218,99922,218,99418,324,100012,218,99328,218,100020,218,99160,218,100041,100,99121,166,100097,100,99077,100,100119,100,99041,100,100158,100,99025,100,100227,100,98931,100,100233,100,98891,100
2019-06-28 10:03:28.437290263,99917,118,99419,218,99922,118,99418,324,100012,218,99328,218,100020,218,99160,218,100041,100,99121,166,100097,100,99077,100,100119,100,99041,100,100158,100,99025,100,100227,100,98931,100,100233,100,98891,100
2019-06-28 10:03:28.539260471,99917,18,99419,118,99922,118,99418,324,100012,218,99328,218,100020,218,99160,218,100041,100,99121,166,100097,100,99077,100,100119,100,99041,100,100158,100,99025,100,100227,100,98931,100,100233,100,98891,100
2019-06-28 10:03:30.000000000,100012,570,99418,676,100020,100,99328,100,100041,100,99160,100,100097,100,99121,166,100119,100,99077,100,100158,100,99041,100,100227,100,99025,100,100233,100,98931,100,100265,100,98891,100,100299,100,98686,100
2019-06-28 10:03:35.458273223,100012,570,99418,676,100020,100,99328,100,100041,100,99160,100,100097,100,99121,166,100119,100,99077,100,100158,100,99041,100,100227,100,99025,100,100233,100,98931,100,100265,100,98891,100,100289,100,98686,100
2019-06-28 10:03:40.000000000,100012,335,99418,441,100020,335,99328,335,100041,100,99160,100,100097,100,99121,166,100119,100,99077,100,100158,100,99041,100,100227,100,99025,100,100233,100,98931,100,100265,100,98891,100,100289,100,98686,100
2019-06-28 10:03:50.000000000,100012,218,99418,324,100020,218,99328,218,100041,218,99160,218,100097,218,99121,284,100119,100,99077,100,100158,100,99041,100,100227,100,99025,100,100233,100,98931,100,100265,100,98891,100,100289,100,98686,100
2019-06-28 10:03:56.728591925,100012,118,99418,324,100020,218,99328,218,100041,218,99160,218,100097,218,99121,284,100119,100,99077,100,100158,100,99041,100,100227,100,99025,100,100265,100,98931,100,100289,100,98891,100,100299,100,98686,100
2019-06-28 10:04:00.000000000,100020,218,99418,324,100041,218,99328,218,100097,218,99160,218,100119,218,99121,284,100158,100,99077,100,100227,100,99041,100,100265,100,99025,100,100289,100,98931,100,100299,100,98891,100,100315,100,98686,100
2019-06-28 10:04:10.000000000,100020,218,99418,324,100041,218,99328,218,100097,218,99160,218,100119,218,99121,284,100158,100,99077,100,100227,100,99041,100,100265,100,99025,100,100289,100,98931,100,100299,100,98891,100,100315,100,98686,100
2019-06-28 10:04:13.167132202,100020,218,99418,324,100041,218,99328,218,100097,218,99160,218,100119,218,99121,184,100158,100,99077,100,100227,100,99041,100,100265,100,99025,100,100289,100,98931,100,100299,100,98891,100,100315,100,98686,100
2019-06-28 10:04:20.000000000,100020,570,99418,676,100041,100,99328,100,100097,100,99160,100,100119,100,99121,66,100158,100,99077,100,100227,100,99041,100,100265,100,99025,100,100289,100,98931,100,100299,100,98891,100,100315,100,98686,100
2019-06-28 10:04:24.304658433,100020,570,99917,100,100041,100,99418,676,100097,100,99328,100,100119,100,99160,100,100158,100,99121,66,100227,100,99077,100,100265,100,99041,100,100289,100,99025,100,100299,100,98931,100,100315,100,98891,100
2019-06-28 10:04:30.000000000,100020,260,99917,260,100041,255,99418,361,100097,255,99328,255,100119,100,99160,100,100158,100,99121,66,100227,100,99077,100,100265,100,99041,100,100289,100,99025,100,100299,100,98931,100,100315,100,98891,100
2019-06-28 10:04:39.245369470,100020,260,99917,260,100041,255,99418,361,100097,255,99328,255,100119,100,99160,100,100227,100,99121,66,100244,100,99077,100,100265,100,99041,100,100289,100,99025,100,100299,100,98931,100,100315,100,98891,100
2019-06-28 10:04:40.000000000,100020,570,99917,570,100041,100,99418,206,100097,100,99328,100,100119,100,99160,100,100227,100,99121,66,100244,100,99077,100,100265,100,99041,100,100289,100,99025,100,100299,100,98931,100,100315,100,98891,100
2019-06-28 10:04:42.292059149,100020,570,99917,670,100041,100,99418,106,100097,100,99328,100,100119,100,99160,100,100227,100,99121,66,100244,100,99077,100,100265,100,99041,100,100289,100,99025,100,100299,100,98931,100,100315,100,98891,100
2019-06-28 10:04:50.000000000,100020,570,99917,670,100041,100,99418,106,100097,100,99328,100,100119,100,99160,100,100227,100,99121,66,100244,100,99077,100,100265,100,99041,100,100289,100,99025,100,100299,100,98931,100,100315,100,98891,100
2019-06-28 10:05:00.000000000,100020,335,99917,435,100041,335,99418,341,100097,100,99328,100,100119,100,99160,100,100227,100,99121,66,100244,100,99077,100,100265,100,99041,100,100289,100,99025,100,100299,100,98931,100,100315,100,98891,100
2019-06-28 10:05:10.000000000,100020,260,99917,360,100041,255,99418,261,100097,255,99328,255,100119,100,99160,100,100227,100,99121,66,100244,100,99077,100,100265,100,99041,100,100289,100,99025,100,100299,100,98931,100,100315,100,98891,100
2019-06-28 10:05:18.247192217,100020,260,99917,360,100041,255,99418,261,100097,255,99328,255,100119,100,99160,100,100227,100,99121,66,100244,100,99077,100,100265,100,99041,100,100289,100,99025,100,100299,100,98931,100,100315,100,98891,100
2019-06-28 10:05:20.000000000,100020,335,99917,435,100041,335,99418,341,100097,100,99328,100,100119,100,99160,100,100227,100,99121,66,100244,100,99077,100,100265,100,99041,100,100289,100,99025,100,100299,100,98931,100,100315,100,98891,100
2019-06-28 10:05:27.265591961,100020,235,99917,435,100041,335,99418,341,100097,100,99328,100,100119,100,99160,100,100227,100,99121,66,100244,100,99077,100,100265,100,99025,100,100289,100,98931,100,100299,100,98891,100,100315,100,98686,100
2019-06-28 10:05:29.331993183,100020,135,99917,435,100041,335,99418,341,100097,100,99328,100,100119,100,99160,100,100227,100,99121,66,100244,100,99077,100,100265,100,99025,100,100289,100,98931,100,100299,100,98891,100,100315,100,98686,100
2019-06-28 10:05:29.455572655,100020,135,99917,435,100041,335,99418,341,100097,100,99328,100,100119,100,99160,100,100227,100,99121,66,100244,100,99077,100,100265,100,99025,100,100289,100,98931,100,100299,100,98891,100,100315,100,98686,100
2019-06-28 10:05:30.000000000,100041,570,99917,670,100097,100,99418,106,100119,100,99328,100,100227,100,99160,100,100244,100,99121,66,100265,100,99077,100,100289,100,99025,100,100299,100,98931,100,100315,100,98891,100,100399,100,98686,100
2019-06-28 10:05:40.000000000,100041,260,99917,360,100097,255,99418,261,100119,255,99328,255,100227,100,99160,100,100244,100,99121,66,100265,100,99077,100,100289,100,99025,100,100299,100,98931,100,100315,100,98891,100,100399,100,98686,100
2019-06-28 10:05:49.759612406,100041,260,100020,100,100097,255,99917,360,100119,255,99418,261,100227,100,99328,255,100244,100,99160,100,100265,100,99121,66,100289,100,99077,100,100299,100,99025,100,100315,100,98931,100,100399,100,98891,100
2019-06-28 10:05:50.000000000,100041,335,100020,335,100097,335,99917,435,100119,100,99418,106,100227,100,99328,100,100244,100,99160,100,100265,100,99121,66,100289,100,99077,100,100299,100,99025,100,100315,100,98931,100,100399,100,98891,100
2019-06-28 10:05:56.275345917,100041,335,100020,435,100097,335,99917,435,100119,100,99418,106,100227,100,99328,100,100244,100,99160,100,100265,100,99121,66,100289,100,99077,100,100299,100,99025,100,100315,100,98931,100,100399,100,98891,100
2019-06-28 10:06:00.000000000,100041,335,100020,435,100097,335,99917,435,100119,100,99418,106,100227,100,99328,100,100244,100,99160,100,100265,100,99121,66,100289,100,99077,100,100299,100,99025,100,100315,100,98931,100,100399,100,98891,100
2019-06-28 10:06:01.168454122,100041,335,100020,535,100097,335,99917,435,100119,100,99418,106,100227,100,99328,100,100244,100,99160,100,100265,100,99121,66,100289,100,99077,100,100299,100,99025,100,100315,100,98931,100,100399,100,98891,100
2019-06-28 10:06:02.338934259,100041,235,100020,535,100097,335,99917,435,100119,100,99418,106,100227,100,99328,100,100244,100,99160,100,100265,100,99121,66,100289,100,99077,100,100299,100,99025,100,100315,100,98931,100,100399,100,98891,100
2019-06-28 10:06:06.109343764,100041,235,100020,535,100097,335,99917,435,100119,100,99418,106,100227,100,99328,100,100244,100,99121,66,100265,100,99077,100,100289,100,99025,100,100299,100,98931,100,100315,100,98891,100,100399,100,98686,100
2019-06-28 10:06:10.000000000,100097,570,100020,770,100119,100,99917,200,100227,100,99418,106,100244,100,99328,100,100265,100,99121,66,100289,100,99077,100,100299,100,99025,100,100315,100,98931,100,100399,100,98891,100,100438,100,98686,100
2019-06-28 10:06:14.857754691,100097,570,100021,100,100119,100,100020,770,100227,100,99917,200,100244,100,99418,106,100265,100,99328,100,100289,100,99121,66,100299,100,99077,100,100315,100,99025,100,100399,100,98931,100,100438,100,98891,100
2019-06-28 10:06:20.000000000,100097,335,100021,335,100119,335,100020,535,100227,100,99917,200,100244,100,99418,106,100265,100,99328,100,100289,100,99121,66,100299,100,99077,100,100315,100,99025,100,100399,100,98931,100,100438,100,98891,100
2019-06-28 10:06:22.181535982,100097,335,100021,335,100119,335,100020,535,100227,100,99917,100,100244,100,99418,106,100265,100,99328,100,100289,100,99121,66,100299,100,99077,100,100315,100,99025,100,100399,100,98931,100,100438,100,98891,100
2019-06-28 10:06:30.000000000,100097,194,100021,194,100119,194,100020,394,100227,194,99917,194,100244,194,99418,200,100265,194,99328,194,100289,100,99121,66,100299,100,99077,100,100315,100,99025,100,100399,100,98931,100,100438,100,98891,100
2019-06-28 10:06:35.796977148,100097,194,100021,194,100119,194,100020,394,100227,194,99917,194,100244,194,99418,200,100265,194,99328,194,100289,100,99121,66,100299,100,99077,100,100315,100,99025,100,100399,100,98931,100,100438,100,98891,100
