,ask_price_1,ask_size_1,bid_price_1,bid_size_1,ask_price_2,ask_size_2,bid_price_2,bid_size_2,ask_price_3,ask_size_3,bid_price_3,bid_size_3,ask_price_4,ask_size_4,bid_price_4,bid_size_4,ask_price_5,ask_size_5,bid_price_5,bid_size_5,ask_price_6,ask_size_6,bid_price_6,bid_size_6,ask_price_7,ask_size_7,bid_price_7,bid_size_7,ask_price_8,ask_size_8,bid_price_8,bid_size_8,ask_price_9,ask_size_9,bid_price_9,bid_size_9,ask_price_10,ask_size_10,bid_price_10,bid_size_10
2019-06-28 09:30:00.000000002,,,99911,100,,,,,,,,,,,,,,,,,,,,,,,,,,,,,,,,,,,,
2019-06-28 09:30:00.000000005,100058,100,99911,100,100126,100,,,,,,,,,,,,,,,,,,,,,,,,,,,,,,,,,,
2019-06-28 09:30:00.000000006,100001,100,99923,100,100058,100,99911,200,100126,100,,,,,,,,,,,,,,,,,,,,,,,,,,,,,,
2019-06-28 09:30:00.000000007,100001,100,99923,100,100026,100,99911,200,100058,100,,,100126,100,,,,,,,,,,,,,,,,,,,,,,,,,,
2019-06-28 09:30:00.000000010,100001,100,99923,100,100026,100,99911,200,100058,100,,,100098,100,,,100126,100,,,,,,,,,,,,,,,,,,,,,,
2019-06-28 09:30:00.000000013,99996,100,99958,100,100001,100,99923,100,100026,100,99911,200,100058,100,,,100098,100,,,100126,100,,,,,,,,,,,,,,,,,,
2019-06-28 09:30:00.000000014,99996,100,99958,100,100001,100,99923,100,100026,100,99911,200,100033,100,,,100058,100,,,100059,100,,,100098,100,,,100126,100,,,,,,,,,,
2019-06-28 09:30:00.000000015,99996,100,99958,100,100001,100,99923,100,100026,100,99911,200,100033,100,,,100058,100,,,100059,100,,,100077,100,,,100098,100,,,100126,100,,,100179,100,,
2019-06-28 09:30:00.000000016,99996,100,99958,100,100001,100,99923,100,100026,100,99911,200,100033,100,99861,100,100058,100,,,100059,100,,,100077,100,,,100098,100,,,100126,100,,,100179,100,,
2019-06-28 09:30:00.000000020,99996,100,99923,100,100001,100,99911,200,100026,100,99861,100,100033,100,,,100058,100,,,100059,100,,,100077,100,,,100098,100,,,100115,100,,,100126,100,,
2019-06-28 09:30:00.000000023,99996,100,99923,100,100001,100,99911,200,100008,100,99861,100,100026,100,,,100033,100,,,100058,100,,,100059,100,,,100077,100,,,100098,100,,,100115,100,,
2019-06-28 09:30:00.000000024,99996,100,99923,100,100001,100,99916,100,100008,100,99911,200,100026,100,99861,100,100033,100,,,100058,100,,,100059,100,,,100077,100,,,100098,100,,,100115,100,,
2019-06-28 09:30:00.000000027,99996,100,99968,100,100001,100,99923,100,100008,100,99916,100,100026,100,99911,200,100033,100,99861,100,100040,100,,,100058,100,,,100059,100,,,100077,100,,,100081,100,,
2019-06-28 09:30:00.000000028,99996,100,99968,100,100001,100,99923,100,100008,100,99916,100,100026,100,99911,200,100033,100,99861,100,100040,100,,,100058,100,,,100059,100,,,100077,100,,,100081,100,,
2019-06-28 09:30:00.000000030,99996,100,99968,100,100001,100,99961,100,100008,100,99923,100,100026,100,99916,100,100033,100,99911,200,100040,100,99861,100,100058,100,,,100059,100,,,100077,100,,,100081,100,,
2019-06-28 09:30:00.000000031,99979,100,99968,100,99996,100,99961,100,100001,100,99923,100,100008,100,99916,100,100026,100,99911,200,100033,100,99861,100,100040,100,,,100058,100,,,100059,100,,,100077,100,,
2019-06-28 09:30:00.000000032,99979,100,99968,100,99996,100,99961,100,100001,100,99929,100,100008,100,99923,100,100026,100,99916,100,100033,100,99911,200,100040,100,99861,100,100058,100,,,100059,100,,,100077,100,,
2019-06-28 09:30:00.000000033,99979,100,99969,100,99996,100,99968,100,100001,100,99961,100,100008,100,99929,100,100026,100,99923,100,100033,100,99916,100,100040,100,99911,200,100058,100,99861,100,100059,100,,,100077,100,,
2019-06-28 09:30:00.000000034,99979,100,99969,100,99996,100,99968,100,100001,100,99961,100,100008,100,99929,100,100026,100,99923,100,100033,100,99916,100,100040,100,99912,100,100058,100,99911,200,100059,100,99861,100,100077,100,,
2019-06-28 09:30:00.000000036,99979,100,99969,200,99996,100,99968,100,100001,100,99961,100,100008,100,99929,100,100026,100,99923,100,100033,100,99916,100,100040,100,99912,100,100058,100,99911,200,100059,100,99861,100,100077,100,,
2019-06-28 09:30:00.000000037,99979,100,99969,200,99996,100,99968,100,100001,100,99964,100,100008,100,99961,100,100026,100,99929,100,100033,100,99923,100,100040,100,99916,100,100058,100,99912,100,100059,100,99911,200,100077,100,99861,100
2019-06-28 09:30:00.000000038,99979,100,99969,200,99996,100,99968,100,100001,100,99964,100,100008,100,99961,100,100026,100,99958,100,100033,100,99929,100,100040,100,99923,100,100058,100,99916,100,100059,100,99912,100,100077,100,99911,200
2019-06-28 09:30:00.000000040,99996,100,99969,200,100001,100,99968,100,100008,100,99964,100,100026,100,99961,100,100033,100,99958,100,100040,100,99929,100,100058,100,99923,100,100059,100,99916,100,100077,100,99912,100,100081,100,99911,200
2019-06-28 09:30:00.000000041,99996,100,99969,200,100001,100,99968,100,100008,100,99964,100,100026,100,99961,200,100033,100,99958,100,100040,100,99929,100,100058,100,99923,100,100059,100,99916,100,100077,100,99912,100,100081,100,99911,200
2019-06-28 09:30:00.000000046,99996,100,99969,200,100001,100,99968,100,100008,100,99964,100,100026,100,99961,200,100033,100,99958,100,100040,100,99929,100,100058,100,99923,100,100059,100,99917,100,100077,100,99916,100,100081,100,99912,100
2019-06-28 09:30:00.000000050,99996,100,99969,200,100001,100,99968,100,100008,100,99964,100,100026,100,99961,200,100033,100,99958,100,100040,100,99929,100,100058,100,99923,100,100059,100,99917,100,100077,100,99916,200,100081,100,99912,100
2019-06-28 09:30:00.000000051,99996,100,99969,200,100001,100,99968,100,100008,100,99964,100,100026,100,99961,200,100033,100,99958,100,100040,100,99929,100,100058,100,99923,100,100059,100,99917,200,100077,100,99916,200,100081,100,99912,100
2019-06-28 09:30:00.000000053,99996,100,99969,200,100001,100,99968,100,100008,100,99964,100,100026,100,99961,200,100033,100,99958,100,100040,100,99929,100,100058,100,99923,100,100059,100,99917,200,100077,100,99916,200,100081,100,99912,100
2019-06-28 09:30:00.000000059,99996,100,99969,100,100001,100,99968,100,100008,100,99964,100,100026,100,99961,200,100033,100,99958,100,100040,100,99929,100,100058,100,99923,100,100059,100,99917,200,100077,100,99916,200,100081,100,99912,100
2019-06-28 09:30:00.000000060,100001,100,99969,100,100008,100,99968,100,100026,100,99964,100,100033,100,99961,200,100040,100,99958,100,100049,100,99929,100,100058,100,99923,100,100059,100,99917,200,100077,100,99916,200,100081,100,99912,100
2019-06-28 09:30:00.000000063,100001,100,99969,100,100008,100,99968,100,100026,100,99964,100,100033,100,99961,200,100040,100,99958,100,100049,100,99929,100,100058,100,99923,100,100059,100,99917,200,100077,100,99916,200,100081,100,99912,100
2019-06-28 09:30:00.000000067,100008,100,99969,100,100026,100,99968,100,100033,100,99964,100,100040,100,99961,200,100049,100,99958,100,100058,100,99929,100,100059,100,99923,100,100062,100,99917,200,100073,100,99916,200,100077,100,99912,100
2019-06-28 09:30:00.000000070,100001,100,99968,100,100008,100,99964,100,100026,100,99961,200,100033,100,99958,100,100040,100,99929,100,100049,100,99923,100,100058,100,99917,200,100059,100,99916,200,100062,100,99912,100,100073,100,99911,200
2019-06-28 09:30:00.000000071,100001,100,99969,100,100008,100,99968,100,100026,100,99964,100,100033,100,99961,200,100040,100,99958,100,100049,100,99929,100,100058,100,99923,100,100059,100,99917,200,100062,100,99916,200,100073,100,99912,100
2019-06-28 09:30:00.000000072,99990,100,99969,100,100001,100,99968,100,100008,100,99964,100,100026,100,99961,200,100033,100,99958,100,100040,100,99929,100,100049,100,99923,100,100058,100,99917,200,100059,100,99916,200,100062,100,99912,100
2019-06-28 09:30:00.000000075,99990,100,99985,100,100001,100,99969,100,100008,100,99968,100,100026,100,99964,100,100033,100,99961,200,100040,100,99958,100,100049,100,99929,100,100058,100,99923,100,100059,100,99917,200,100062,100,99916,200
2019-06-28 09:30:00.000000076,99990,100,99985,100,100001,100,99969,100,100008,100,99968,100,100026,100,99964,100,100033,100,99961,200,100040,100,99958,100,100049,100,99929,100,100056,100,99923,100,100058,100,99917,200,100059,100,99916,200
2019-06-28 09:30:00.000000080,100001,100,99986,100,100008,100,99985,100,100026,100,99969,100,100033,100,99968,100,100040,100,99964,100,100049,100,99961,200,100056,100,99958,100,100058,100,99929,100,100059,100,99923,100,100062,100,99917,200
2019-06-28 09:30:00.000000082,100001,100,99995,100,100008,100,99986,100,100026,100,99985,100,100033,100,99969,100,100040,100,99968,100,100049,100,99964,100,100056,100,99961,200,100058,100,99958,100,100059,100,99929,100,100062,100,99923,100
2019-06-28 09:30:00.000000084,100001,100,99995,100,100008,100,99986,100,100026,100,99985,100,100033,100,99969,100,100040,100,99968,100,100049,100,99964,100,100056,100,99961,200,100058,100,99958,100,100059,100,99933,100,100062,100,99929,100
2019-06-28 09:30:00.000000087,100001,100,99995,100,100008,100,99986,200,100026,100,99985,100,100033,100,99969,100,100040,100,99968,100,100049,100,99964,100,100056,100,99961,200,100058,100,99958,100,100059,100,99933,100,100062,100,99929,100
2019-06-28 09:30:00.000000093,100001,100,99995,100,100008,100,99986,200,100026,100,99985,100,100033,100,99969,100,100040,100,99968,100,100049,100,99964,100,100056,100,99961,200,100058,100,99958,100,100059,100,99933,100,100062,100,99929,100
2019-06-28 09:30:00.000000095,100001,100,99986,200,100008,100,99985,100,100026,100,99969,100,100033,100,99968,100,100040,100,99964,100,100049,100,99961,200,100056,100,99958,100,100058,100,99933,100,100059,100,99929,100,100062,100,99923,100
2019-06-28 09:30:00.000000096,100001,100,99990,100,100008,100,99986,200,100017,100,99985,100,100026,100,99969,100,100033,100,99968,100,100040,100,99964,100,100049,100,99961,200,100056,100,99958,100,100058,100,99933,100,100059,100,99929,100
2019-06-28 09:30:00.000000097,100008,100,99990,100,100017,100,99986,200,100026,100,99985,100,100033,100,99969,100,100040,100,99968,100,100049,100,99964,100,100056,100,99961,200,100058,100,99958,100,100059,100,99933,100,100062,100,99929,100
2019-06-28 09:30:01.389579900,100008,100,99990,100,100017,100,99986,200,100026,100,99985,100,100033,100,99969,100,100040,100,99968,100,100049,100,99964,100,100056,100,99961,200,100058,100,99958,100,100059,100,99933,100,100062,100,99929,100
2019-06-28 09:30:10.000000000,100008,198,99990,198,100017,195,99986,295,100026,195,99985,195,100033,100,99969,100,100040,100,99968,100,100049,100,99964,100,100056,100,99961,200,100058,100,99958,100,100059,100,99933,100,100062,100,99929,100
2019-06-28 09:30:20.000000000,100008,388,99990,388,100017,100,99986,200,100026,100,99985,100,100033,100,99969,100,100040,100,99968,100,100049,100,99964,100,100056,100,99961,200,100058,100,99958,100,100059,100,99933,100,100062,100,99929,100
2019-06-28 09:30:29.416286641,100008,388,99990,388,100017,100,99986,200,100026,100,99985,100,100033,100,99969,100,100049,100,99968,100,100056,100,99964,100,100058,100,99961,200,100059,100,99958,100,100062,100,99933,100,100073,100,99929,100
2019-06-28 09:30:30.000000000,100008,158,99990,158,100017,158,99986,258,100026,158,99985,158,100033,158,99969,158,100049,158,99968,158,100056,100,99964,100,100058,100,99961,200,100059,100,99958,100,100062,100,99933,100,100073,100,99929,100
2019-06-28 09:30:30.928061475,100008,158,99990,158,100017,158,99986,258,100026,158,99985,158,100033,158,99969,158,100049,158,99968,158,100056,100,99964,100,100058,100,99961,200,100059,100,99958,100,100062,100,99933,100,100073,100,99929,100
2019-06-28 09:30:31.978079998,100008,58,99990,158,100017,158,99986,258,100026,58,99985,158,100033,158,99969,158,100049,158,99968,158,100056,100,99964,100,100058,100,99961,200,100059,100,99958,100,100062,100,99933,100,100073,100,99929,100
2019-06-28 09:30:40.000000000,100017,244,99990,244,100033,244,99986,344,100049,100,99985,100,100056,100,99969,100,100058,100,99968,100,100059,100,99964,100,100062,100,99961,200,100073,100,99958,100,100077,100,99933,100,100081,100,99929,100
2019-06-28 09:30:41.839875506,100017,244,99990,244,100033,244,99986,344,100049,100,99985,100,100056,100,99969,100,100058,100,99968,100,100059,100,99964,100,100062,100,99961,200,100065,100,99958,100,100073,100,99933,100,100077,100,99929,100
2019-06-28 09:30:50.000000000,100017,244,99990,244,100033,244,99986,344,100049,100,99985,100,100056,100,99969,100,100058,100,99968,100,100059,100,99964,100,100062,100,99961,200,100065,100,99958,100,100073,100,99933,100,100077,100,99929,100
2019-06-28 09:30:57.923791253,100017,144,99990,244,100033,244,99986,344,100049,100,99985,100,100056,100,99969,100,100058,100,99968,100,100059,100,99964,100,100062,100,99961,200,100065,100,99958,100,100073,100,99933,100,100077,100,99929,100
2019-06-28 09:31:00.000000000,100033,388,99990,388,100049,100,99986,200,100056,100,99985,100,100058,100,99969,100,100059,100,99968,100,100062,100,99964,100,100065,100,99961,200,100073,100,99958,100,100077,100,99933,100,100081,100,99929,100
2019-06-28 09:31:10.000000000,100033,158,99990,158,100049,158,99986,258,100056,158,99985,158,100058,158,99969,158,100059,158,99968,158,100062,100,99964,100,100065,100,99961,200,100073,100,99958,100,100077,100,99933,100,100081,100,99929,100
2019-06-28 09:31:11.989074927,100033,158,99990,158,100049,158,99986,258,100056,158,99985,158,100058,158,99969,158,100059,158,99968,158,100062,100,99964,100,100065,100,99961,200,100073,100,99958,100,100077,100,99933,100,100081,100,99929,100
2019-06-28 09:31:17.358589133,100007,100,99990,158,100033,158,99986,258,100049,158,99985,158,100056,158,99969,158,100058,158,99968,158,100059,158,99964,100,100062,100,99961,200,100065,100,99958,100,100073,100,99933,100,100077,100,99929,100
2019-06-28 09:31:20.000000000,100007,388,99990,388,100033,100,99986,200,100049,100,99985,100,100056,100,99969,100,100058,100,99968,100,100059,100,99964,100,100062,100,99961,200,100065,100,99958,100,100073,100,99933,100,100077,100,99929,100
2019-06-28 09:31:30.000000000,100007,244,99990,244,100033,244,99986,344,100049,100,99985,100,100056,100,99969,100,100058,100,99968,100,100059,100,99964,100,100062,100,99961,200,100065,100,99958,100,100073,100,99933,100,100077,100,99929,100
2019-06-28 09:31:40.000000000,100007,158,99990,158,100033,158,99986,258,100049,158,99985,158,100056,158,99969,158,100058,158,99968,158,100059,100,99964,100,100062,100,99961,200,100065,100,99958,100,100073,100,99933,100,100077,100,99929,100
2019-06-28 09:31:47.691223271,100007,158,99990,158,100033,158,99986,258,100049,158,99985,158,100056,158,99969,158,100058,158,99968,158,100059,100,99964,100,100062,100,99961,200,100065,100,99958,100,100073,100,99933,100,100077,100,99929,100
2019-06-28 09:31:50.000000000,100007,158,99990,158,100033,158,99986,258,100049,158,99985,158,100056,158,99969,158,100058,158,99968,158,100059,100,99964,100,100062,100,99961,200,100065,100,99958,100,100073,100,99933,100,100077,100,99929,100
2019-06-28 09:32:00.000000000,100007,198,99990,198,100033,195,99986,295,100049,195,99985,195,100056,100,99969,100,100058,100,99968,100,100059,100,99964,100,100062,100,99961,200,100065,100,99958,100,100073,100,99933,100,100077,100,99929,100
2019-06-28 09:32:10.000000000,100007,172,99990,172,100033,172,99986,272,100049,172,99985,172,100056,172,99969,172,100058,100,99968,100,100059,100,99964,100,100062,100,99961,200,100065,100,99958,100,100073,100,99933,100,100077,100,99929,100
2019-06-28 09:32:20.000000000,100007,158,99990,158,100033,158,99986,258,100049,158,99985,158,100056,158,99969,158,100058,158,99968,158,100059,100,99964,100,100062,100,99961,200,100065,100,99958,100,100073,100,99933,100,100077,100,99929,100
2019-06-28 09:32:28.682153605,100007,58,99990,158,100033,158,99986,258,100049,158,99985,158,100056,158,99969,158,100058,158,99968,158,100059,100,99964,100,100062,100,99961,200,100065,100,99958,100,100077,100,99933,100,100081,100,99929,100
2019-06-28 09:32:30.000000000,100033,158,99990,158,100049,158,99986,258,100056,158,99985,158,100058,158,99969,158,100059,158,99968,158,100062,100,99964,100,100065,100,99961,200,100077,100,99958,100,100081,100,99933,100,100082,100,99929,100
2019-06-28 09:32:40.000000000,100033,198,99990,198,100049,195,99986,295,100056,195,99985,195,100058,100,99969,100,100059,100,99968,100,100062,100,99964,100,100065,100,99961,200,100077,100,99958,100,100081,100,99933,100,100082,100,99929,100
2019-06-28 09:32:44.127371975,100033,198,99990,98,100049,195,99986,295,100056,195,99985,195,100058,100,99969,100,100059,100,99968,100,100062,100,99964,100,100065,100,99961,200,100077,100,99958,100,100081,100,99933,100,100082,100,99929,100
2019-06-28 09:32:50.000000000,100033,198,99986,298,100049,195,99985,195,100056,195,99969,195,100058,100,99968,100,100059,100,99964,100,100062,100,99961,200,100065,100,99958,100,100077,100,99933,100,100081,100,99929,100,100082,100,99923,100
2019-06-28 09:32:56.712630654,100006,100,99986,298,100033,198,99985,195,100049,195,99969,195,100056,195,99968,100,100058,100,99964,100,100059,100,99961,200,100062,100,99933,100,100065,100,99929,100,100077,100,99923,100,100081,100,99917,100
2019-06-28 09:33:00.000000000,100006,172,99986,272,100033,172,99985,172,100049,172,99969,172,100056,172,99968,172,100058,100,99964,100,100059,100,99961,200,100062,100,99933,100,100065,100,99929,100,100077,100,99923,100,100081,100,99917,100
2019-06-28 09:33:00.015837197,100006,172,99986,272,100030,100,99985,172,100033,172,99969,172,100049,172,99968,172,100056,172,99964,100,100058,100,99961,200,100059,100,99933,100,100062,100,99929,100,100065,100,99923,100,100077,100,99917,100
2019-06-28 09:33:02.701595083,100006,172,99986,272,100030,100,99985,172,100033,172,99969,172,100049,172,99968,172,100056,172,99964,100,100058,100,99961,200,100059,100,99933,100,100062,100,99929,100,100065,100,99923,100,100077,100,99917,100
2019-06-28 09:33:10.000000000,100006,158,99986,258,100030,158,99985,158,100033,158,99969,158,100049,158,99968,158,100056,158,99964,158,100058,100,99961,200,100059,100,99933,100,100062,100,99929,100,100065,100,99923,100,100077,100,99917,100
2019-06-28 09:33:12.901844815,100006,158,100001,100,100030,158,99986,258,100033,158,99985,158,100049,158,99969,158,100056,158,99968,158,100058,100,99964,158,100059,100,99961,200,100062,100,99933,100,100065,100,99929,100,100077,100,99923,100
2019-06-28 09:33:20.000000000,100006,158,100001,158,100030,158,99986,258,100033,158,99985,158,100049,158,99969,158,100056,158,99968,158,100058,100,99964,100,100059,100,99961,200,100062,100,99933,100,100065,100,99929,100,100077,100,99923,100
2019-06-28 09:33:30.000000000,100006,388,100001,388,100030,100,99986,200,100033,100,99985,100,100049,100,99969,100,100056,100,99968,100,100058,100,99964,100,100059,100,99961,200,100062,100,99933,100,100065,100,99929,100,100077,100,99923,100
2019-06-28 09:33:40.000000000,100006,388,100001,388,100030,100,99986,200,100033,100,99985,100,100049,100,99969,100,100056,100,99968,100,100058,100,99964,100,100059,100,99961,200,100062,100,99933,100,100065,100,99929,100,100077,100,99923,100
2019-06-28 09:33:42.313243823,100006,488,100001,388,100030,100,99986,200,100033,100,99985,100,100049,100,99969,100,100056,100,99968,100,100058,100,99964,100,100059,100,99961,200,100062,100,99933,100,100065,100,99929,100,100077,100,99923,100
2019-06-28 09:33:50.000000000,100006,298,100001,198,100030,195,99986,295,100033,195,99985,195,100049,100,99969,100,100056,100,99968,100,100058,100,99964,100,100059,100,99961,200,100062,100,99933,100,100065,100,99929,100,100077,100,99923,100
2019-06-28 09:33:53.978635621,100006,198,100001,198,100030,195,99986,295,100033,195,99985,195,100049,100,99969,100,100056,100,99968,100,100058,100,99964,100,100059,100,99961,200,100062,100,99933,100,100065,100,99929,100,100077,100,99923,100
2019-06-28 09:34:00.000000000,100006,172,100001,172,100030,172,99986,272,100033,172,99985,172,100049,172,99969,172,100056,100,99968,100,100058,100,99964,100,100059,100,99961,200,100062,100,99933,100,100065,100,99929,100,100077,100,99923,100
2019-06-28 09:34:10.000000000,100006,158,100001,158,100030,158,99986,258,100033,158,99985,158,100049,158,99969,158,100056,158,99968,158,100058,100,99964,100,100059,100,99961,200,100062,100,99933,100,100065,100,99929,100,100077,100,99923,100
2019-06-28 09:34:13.260834558,100006,158,100001,158,100030,158,99986,258,100033,158,99985,158,100049,158,99969,158,100056,158,99968,158,100058,100,99964,100,100059,100,99961,200,100062,100,99933,100,100065,100,99929,100,100077,100,99923,100
2019-06-28 09:34:14.372011434,100006,158,100001,158,100030,158,99986,258,100033,158,99985,158,100049,158,99969,158,100056,158,99968,158,100058,100,99964,100,100059,100,99961,200,100062,200,99933,100,100065,100,99929,100,100077,100,99923,100
2019-06-28 09:34:15.757288965,100005,100,100001,158,100006,158,99986,258,100030,158,99985,158,100033,158,99969,58,100049,158,99968,158,100056,158,99964,100,100058,100,99961,200,100059,100,99933,100,100062,200,99929,100,100065,100,99923,100
2019-06-28 09:34:20.000000000,100005,158,100001,158,100006,158,99986,258,100030,158,99985,158,100033,158,99968,158,100049,158,99964,158,100056,100,99961,200,100058,100,99933,100,100059,100,99929,100,100062,200,99923,100,100065,100,99917,100
2019-06-28 09:34:25.587445539,100005,158,100001,158,100006,158,99986,258,100030,158,99985,158,100033,158,99968,158,100049,158,99964,158,100056,100,99961,200,100058,100,99933,100,100059,100,99929,100,100062,200,99923,100,100065,100,99917,100
2019-06-28 09:34:30.000000000,100005,158,100001,158,100006,158,99986,258,100030,158,99985,158,100033,158,99968,158,100049,158,99964,158,100056,100,99961,200,100058,100,99933,100,100059,100,99929,100,100062,200,99923,100,100065,100,99917,100
2019-06-28 09:34:40.000000000,100005,158,100001,158,100006,158,99986,258,100030,158,99985,158,100033,158,99968,158,100049,158,99964,158,100056,100,99961,200,100058,100,99933,100,100059,100,99929,100,100062,200,99923,100,100065,100,99917,100
2019-06-28 09:34:50.000000000,100005,198,100001,198,100006,195,99986,295,100030,195,99985,195,100033,100,99968,100,100049,100,99964,100,100056,100,99961,200,100058,100,99933,100,100059,100,99929,100,100062,200,99923,100,100065,100,99917,100
2019-06-28 09:34:52.029500207,100005,198,100001,198,100006,195,99986,295,100030,195,99985,195,100033,100,99968,100,100049,100,99964,100,100056,100,99961,100,100058,100,99933,100,100059,100,99929,100,100062,200,99923,100,100065,100,99917,100
2019-06-28 09:35:00.000000000,100005,158,100001,158,100006,158,99986,258,100030,158,99985,158,100033,158,99968,158,100049,158,99964,158,100056,100,99961,100,100058,100,99933,100,100059,100,99929,100,100062,200,99923,100,100065,100,99917,100
2019-06-28 09:35:08.095608881,100005,158,100001,158,100006,158,99986,258,100030,158,99985,158,100033,158,99968,158,100049,158,99964,158,100056,100,99961,100,100058,100,99933,100,100059,100,99929,100,100062,200,99923,100,100065,100,99917,100
2019-06-28 09:35:10.000000000,100005,388,100001,388,100006,100,99986,200,100030,100,99985,100,100033,100,99968,100,100049,100,99964,100,100056,100,99961,100,100058,100,99933,100,100059,100,99929,100,100062,200,99923,100,100065,100,99917,100
2019-06-28 09:35:17.187513110,100005,488,100001,388,100006,100,99986,200,100030,100,99985,100,100033,100,99968,100,100049,100,99964,100,100056,100,99961,100,100058,100,99933,100,100059,100,99929,100,100062,200,99923,100,100065,100,99917,100
2019-06-28 09:35:20.000000000,100005,344,100001,244,100006,244,99986,344,100030,100,99985,100,100033,100,99968,100,100049,100,99964,100,100056,100,99961,100,100058,100,99933,100,100059,100,99929,100,100062,200,99923,100,100065,100,99917,100
2019-06-28 09:35:29.316063720,100005,344,100001,144,100006,244,99986,344,100030,100,99985,100,100033,100,99968,100,100049,100,99964,100,100056,100,99961,100,100058,100,99933,100,100059,100,99929,100,100062,200,99923,100,100065,100,99917,100
2019-06-28 09:35:30.000000000,100005,298,99986,298,100006,195,99985,195,100030,195,99968,195,100033,100,99964,100,100049,100,99961,100,100056,100,99933,100,100058,100,99929,100,100059,100,99923,100,100062,200,99917,100,100065,100,99911,200
2019-06-28 09:35:40.000000000,100005,488,99986,488,100006,100,99985,100,100030,100,99968,100,100033,100,99964,100,100049,100,99961,100,100056,100,99933,100,100058,100,99929,100,100059,100,99923,100,100062,200,99917,100,100065,100,99911,200
2019-06-28 09:35:40.535041183,100004,100,99986,488,100005,488,99985,100,100006,100,99968,100,100030,100,99964,100,100033,100,99961,100,100049,100,99933,100,100056,100,99929,100,100058,100,99923,100,100059,100,99917,100,100062,200,99911,200
2019-06-28 09:35:50.000000000,100004,172,99986,272,100005,272,99985,172,100006,172,99968,172,100030,172,99964,172,100033,100,99961,100,100049,100,99933,100,100056,100,99929,100,100058,100,99923,100,100059,100,99917,100,100062,200,99911,200
2019-06-28 09:35:58.950178700,100004,172,99986,172,100005,272,99985,172,100006,172,99968,172,100030,172,99964,172,100033,100,99961,100,100049,100,99933,100,100056,100,99929,100,100058,100,99923,100,100059,100,99917,100,100062,200,99911,200
2019-06-28 09:36:00.000000000,100004,244,99986,244,100005,344,99985,244,100006,100,99968,100,100030,100,99964,100,100033,100,99961,100,100049,100,99933,100,100056,100,99929,100,100058,100,99923,100,100059,100,99917,100,100062,200,99911,200
2019-06-28 09:36:10.000000000,100004,198,99986,198,100005,295,99985,195,100006,195,99968,195,100030,100,99964,100,100033,100,99961,100,100049,100,99933,100,100056,100,99929,100,100058,100,99923,100,100059,100,99917,100,100062,200,99911,200
2019-06-28 09:36:20.000000000,100004,388,99986,388,100005,200,99985,100,100006,100,99968,100,100030,100,99964,100,100033,100,99961,100,100049,100,99933,100,100056,100,99929,100,100058,100,99923,100,100059,100,99917,100,100062,200,99911,200
2019-06-28 09:36:20.762565197,100004,388,99986,388,100005,200,99985,100,100006,100,99968,100,100030,100,99964,100,100033,100,99961,100,100049,100,99933,100,100056,100,99929,100,100058,100,99923,100,100059,100,99917,100,100062,100,99911,200
2019-06-28 09:36:26.014120794,100004,388,99986,388,100005,200,99985,100,100006,100,99968,100,100030,100,99964,100,100033,100,99961,100,100049,100,99933,100,100056,100,99929,100,100058,100,99923,100,100059,100,99917,100,100062,100,99911,200
2019-06-28 09:36:30.000000000,100004,388,99986,388,100005,200,99985,100,100006,100,99968,100,100030,100,99964,100,100033,100,99961,100,100049,100,99933,100,100056,100,99929,100,100058,100,99923,100,100059,100,99917,100,100062,100,99911,200
2019-06-28 09:36:31.437389468,100004,388,99986,288,100005,200,99985,100,100006,100,99968,100,100030,100,99964,100,100033,100,99961,100,100049,100,99933,100,100056,100,99929,100,100058,100,99923,100,100059,100,99917,100,100062,100,99911,200
2019-06-28 09:36:32.281441182,100004,388,99986,188,100005,200,99985,100,100006,100,99968,100,100030,100,99964,100,100033,100,99961,100,100049,100,99933,100,100056,100,99929,100,100058,100,99923,100,100059,100,99917,100,100062,100,99911,200
2019-06-28 09:36:40.000000000,100004,158,99985,158,100005,258,99968,158,100006,158,99964,158,100030,158,99961,158,100033,158,99933,158,100049,100,99929,100,100056,100,99923,100,100058,100,99917,100,100059,100,99911,200,100062,100,99910,100
2019-06-28 09:36:50.000000000,100004,244,99985,244,100005,344,99968,244,100006,100,99964,100,100030,100,99961,100,100033,100,99933,100,100049,100,99929,100,100056,100,99923,100,100058,100,99917,100,100059,100,99911,200,100062,100,99910,100
2019-06-28 09:37:00.000000000,100004,158,99985,158,100005,258,99968,158,100006,158,99964,158,100030,158,99961,158,100033,158,99933,158,100049,100,99929,100,100056,100,99923,100,100058,100,99917,100,100059,100,99911,200,100062,100,99910,100
2019-06-28 09:37:10.000000000,100004,388,99985,388,100005,200,99968,100,100006,100,99964,100,100030,100,99961,100,100033,100,99933,100,100049,100,99929,100,100056,100,99923,100,100058,100,99917,100,100059,100,99911,200,100062,100,99910,100
2019-06-28 09:37:20.000000000,100004,158,99985,158,100005,258,99968,158,100006,158,99964,158,100030,158,99961,158,100033,158,99933,158,100049,100,99929,100,100056,100,99923,100,100058,100,99917,100,100059,100,99911,200,100062,100,99910,100
2019-06-28 09:37:30.000000000,100004,244,99985,244,100005,344,99968,244,100006,100,99964,100,100030,100,99961,100,100033,100,99933,100,100049,100,99929,100,100056,100,99923,100,100058,100,99917,100,100059,100,99911,200,100062,100,99910,100
2019-06-28 09:37:38.040553477,100004,244,99985,244,100005,344,99968,244,100006,100,99964,100,100030,100,99961,100,100033,100,99933,100,100049,100,99929,100,100056,100,99923,100,100058,100,99917,100,100059,100,99911,200,100062,100,99910,100
2019-06-28 09:37:40.000000000,100004,388,99985,388,100005,200,99968,100,100006,100,99964,100,100030,100,99961,100,100033,100,99933,100,100049,100,99929,100,100056,100,99923,100,100058,100,99917,100,100059,100,99911,200,100062,100,99910,100
2019-06-28 09:37:50.000000000,100004,158,99985,158,100005,258,99968,158,100006,158,99964,158,100030,158,99961,158,100033,158,99933,158,100049,100,99929,100,100056,100,99923,100,100058,100,99917,100,100059,100,99911,200,100062,100,99910,100
2019-06-28 09:37:54.309182511,100004,158,99985,58,100005,258,99968,158,100006,158,99964,158,100030,158,99961,158,100033,158,99933,158,100049,100,99929,100,100056,100,99923,100,100058,100,99917,100,100059,100,99911,200,100062,100,99910,100
2019-06-28 09:38:00.000000000,100004,172,99968,172,100005,272,99964,172,100006,172,99961,172,100030,172,99933,172,100033,100,99929,100,100049,100,99923,100,100056,100,99917,100,100058,100,99911,200,100059,100,99910,100,100062,100,99863,100
2019-06-28 09:38:10.000000000,100004,198,99968,198,100005,295,99964,195,100006,195,99961,195,100030,100,99933,100,100033,100,99929,100,100049,100,99923,100,100056,100,99917,100,100058,100,99911,200,100059,100,99910,100,100062,100,99863,100
2019-06-28 09:38:20.000000000,100004,172,99968,172,100005,272,99964,172,100006,172,99961,172,100030,172,99933,172,100033,100,99929,100,100049,100,99923,100,100056,100,99917,100,100058,100,99911,200,100059,100,99910,100,100062,100,99863,100
2019-06-28 09:38:28.791805486,99986,100,99968,172,100004,172,99964,172,100005,272,99961,172,100006,72,99933,172,100030,172,99929,100,100033,100,99923,100,100049,100,99917,100,100056,100,99911,200,100058,100,99910,100,100059,100,99863,100
2019-06-28 09:38:30.000000000,99986,172,99968,172,100004,172,99964,172,100005,272,99961,172,100030,172,99933,172,100033,100,99929,100,100049,100,99923,100,100056,100,99917,100,100058,100,99911,200,100059,100,99910,100,100062,100,99863,100
2019-06-28 09:38:36.440263710,99986,172,99968,72,100004,172,99964,172,100005,272,99961,172,100030,172,99933,172,100033,100,99923,100,100049,100,99917,100,100056,100,99911,200,100058,100,99910,100,100059,100,99863,100,100062,100,99862,100
2019-06-28 09:38:40.000000000,99986,388,99964,388,100004,100,99961,100,100005,200,99933,100,100030,100,99923,100,100033,100,99917,100,100049,100,99911,200,100056,100,99910,100,100058,100,99863,100,100059,100,99862,100,100062,100,99847,100
2019-06-28 09:38:48.772384736,99986,388,99964,288,100004,100,99961,100,100005,200,99933,100,100030,100,99923,100,100033,100,99917,100,100049,100,99911,200,100056,100,99910,100,100058,100,99863,100,100059,100,99862,100,100062,100,99847,100
2019-06-28 09:38:49.078737144,99986,388,99964,288,100004,100,99961,100,100005,200,99933,100,100030,100,99923,100,100033,100,99917,100,100049,100,99911,200,100056,100,99910,100,100058,100,99863,100,100059,100,99862,100,100062,100,99847,100
2019-06-28 09:38:50.000000000,99986,172,99961,172,100004,172,99933,172,100005,272,99923,172,100030,172,99917,172,100033,100,99911,200,100049,100,99910,100,100056,100,99863,100,100058,100,99862,100,100059,100,99847,100,100062,100,99711,100
2019-06-28 09:38:52.030533760,99986,172,99961,172,100004,172,99933,172,100005,172,99923,172,100030,172,99917,172,100033,100,99911,200,100049,100,99910,100,100056,100,99863,100,100058,100,99862,100,100059,100,99847,100,100062,100,99711,100
2019-06-28 09:39:00.000000000,99986,388,99961,388,100004,100,99933,100,100005,100,99923,100,100030,100,99917,100,100033,100,99911,200,100049,100,99910,100,100056,100,99863,100,100058,100,99862,100,100059,100,99847,100,100062,100,99711,100
2019-06-28 09:39:05.953095951,99986,388,99961,288,100004,100,99933,100,100005,100,99923,100,100030,100,99917,100,100033,100,99911,200,100049,100,99910,100,100056,100,99863,100,100058,100,99862,100,100059,100,99847,100,100062,100,99711,100
2019-06-28 09:39:10.000000000,99986,244,99933,244,100004,244,99923,244,100005,100,99917,100,100030,100,99911,200,100033,100,99910,100,100049,100,99863,100,100056,100,99862,100,100058,100,99847,100,100059,100,99711,100,100062,100,99614,100
2019-06-28 09:39:16.511972180,99964,100,99933,244,99986,244,99923,244,100004,244,99917,100,100005,100,99911,200,100030,100,99910,100,100033,100,99863,100,100049,100,99862,100,100056,100,99847,100,100058,100,99711,100,100059,100,99614,100
2019-06-28 09:39:20.000000000,99964,388,99933,388,99986,100,99923,100,100004,100,99917,100,100005,100,99911,200,100030,100,99910,100,100033,100,99863,100,100049,100,99862,100,100056,100,99847,100,100058,100,99711,100,100059,100,99614,100
2019-06-28 09:39:30.000000000,99964,244,99933,244,99986,244,99923,244,100004,100,99917,100,100005,100,99911,200,100030,100,99910,100,100033,100,99863,100,100049,100,99862,100,100056,100,99847,100,100058,100,99711,100,100059,100,99614,100
2019-06-28 09:39:32.921899528,99964,244,99933,244,99986,244,99923,244,100004,100,99917,100,100005,100,99911,200,100030,100,99910,100,100033,100,99863,100,100049,100,99862,100,100056,100,99847,100,100058,100,99711,100,100059,100,99614,100
2019-06-28 09:39:34.907737628,99964,244,99933,144,99986,244,99923,244,100004,100,99917,100,100005,100,99911,200,100030,100,99910,100,100033,100,99863,100,100049,100,99862,100,100056,100,99847,100,100058,100,99711,100,100059,100,99614,100
2019-06-28 09:39:35.579672112,99964,244,99933,44,99986,244,99923,244,100004,100,99917,100,100005,100,99911,200,100030,100,99910,100,100033,100,99863,100,100049,100,99862,100,100056,100,99847,100,100058,100,99711,100,100059,100,99614,100
2019-06-28 09:39:40.000000000,99964,388,99923,388,99986,100,99917,100,100004,100,99911,200,100005,100,99910,100,100030,100,99863,100,100033,100,99862,100,100049,100,99847,100,100056,100,99711,100,100058,100,99614,100,100059,100,99394,100
2019-06-28 09:39:50.000000000,99964,198,99923,198,99986,195,99917,195,100004,195,99911,295,100005,100,99910,100,100030,100,99863,100,100033,100,99862,100,100049,100,99847,100,100056,100,99711,100,100058,100,99614,100,100059,100,99394,100
2019-06-28 09:39:54.436375448,99964,198,99923,198,99986,195,99917,195,100004,195,99911,295,100005,100,99910,100,100030,100,99863,100,100033,100,99862,100,100049,100,99847,100,100056,100,99711,100,100058,100,99614,100,100062,100,99394,100
2019-06-28 09:40:00.000000000,99964,158,99923,158,99986,158,99917,158,100004,158,99911,258,100005,158,99910,158,100030,158,99863,158,100033,100,99862,100,100049,100,99847,100,100056,100,99711,100,100058,100,99614,100,100062,100,99394,100
2019-06-28 09:40:02.528643198,99964,158,99923,158,99986,158,99917,158,100004,158,99911,258,100005,158,99910,158,100030,158,99863,158,100033,100,99862,100,100049,100,99847,100,100056,100,99711,100,100058,100,99614,100,100062,100,99394,100
2019-06-28 09:40:10.000000000,99964,198,99923,198,99986,195,99917,195,100004,195,99911,295,100005,100,99910,100,100030,100,99863,100,100033,100,99862,100,100049,100,99847,100,100056,100,99711,100,100058,100,99614,100,100062,100,99394,100
2019-06-28 09:40:20.000000000,99964,172,99923,172,99986,172,99917,172,100004,172,99911,272,100005,172,99910,172,100030,100,99863,100,100033,100,99862,100,100049,100,99847,100,100056,100,99711,100,100058,100,99614,100,100062,100,99394,100
2019-06-28 09:40:27.915635451,99964,172,99923,172,99986,172,99917,172,100004,172,99911,272,100005,172,99910,272,100030,100,99863,100,100033,100,99862,100,100049,100,99847,100,100056,100,99711,100,100058,100,99394,100,100062,100,99390,100
2019-06-28 09:40:30.000000000,99964,158,99923,158,99986,158,99917,158,100004,158,99911,258,100005,158,99910,258,100030,158,99863,158,100033,100,99862,100,100049,100,99847,100,100056,100,99711,100,100058,100,99394,100,100062,100,99390,100
2019-06-28 09:40:32.145729472,99964,58,99923,158,99986,158,99917,158,100004,158,99911,258,100005,158,99910,258,100030,158,99863,158,100033,100,99862,100,100049,100,99847,100,100056,100,99711,100,100058,100,99394,100,100062,100,99390,100
2019-06-28 09:40:39.270194389,99963,100,99923,158,99964,58,99917,158,99986,158,99911,258,100004,158,99910,258,100005,158,99863,158,100030,158,99862,100,100033,100,99847,100,100049,100,99711,100,100056,100,99394,100,100058,100,99390,100
2019-06-28 09:40:40.000000000,99963,198,99923,198,99986,195,99917,195,100004,195,99911,295,100005,100,99910,200,100030,100,99863,100,100033,100,99862,100,100049,100,99847,100,100056,100,99711,100,100058,100,99394,100,100062,100,99390,100
2019-06-28 09:40:40.508130663,99963,198,99923,198,99986,195,99917,195,100004,195,99911,295,100005,100,99910,200,100030,100,99863,100,100033,100,99862,100,100049,100,99847,100,100056,100,99711,100,100058,100,99394,100,100062,100,99390,100
2019-06-28 09:40:42.021709054,99963,198,99923,198,99971,100,99917,195,99986,195,99911,295,100004,195,99910,200,100005,100,99863,100,100030,100,99862,100,100033,100,99847,100,100049,100,99711,100,100056,100,99394,100,100058,100,99390,100
2019-06-28 09:40:44.987335899,99963,198,99923,198,99986,195,99917,195,99991,100,99911,295,100004,195,99910,200,100005,100,99863,100,100030,100,99862,100,100033,100,99847,100,100049,100,99711,100,100056,100,99394,100,100058,100,99390,100
2019-06-28 09:40:50.000000000,99963,388,99923,388,99986,100,99917,100,99991,100,99911,200,100004,100,99910,200,100005,100,99863,100,100030,100,99862,100,100033,100,99847,100,100049,100,99711,100,100056,100,99394,100,100058,100,99390,100
2019-06-28 09:41:00.000000000,99963,244,99923,244,99986,244,99917,244,99991,100,99911,200,100004,100,99910,200,100005,100,99863,100,100030,100,99862,100,100033,100,99847,100,100049,100,99711,100,100056,100,99394,100,100058,100,99390,100
2019-06-28 09:41:10.000000000,99963,388,99923,388,99986,100,99917,100,99991,100,99911,200,100004,100,99910,200,100005,100,99863,100,100030,100,99862,100,100033,100,99847,100,100049,100,99711,100,100056,100,99394,100,100058,100,99390,100
2019-06-28 09:41:10.340454938,99963,388,99923,388,99991,100,99917,100,100004,100,99911,200,100005,100,99910,200,100030,100,99863,100,100033,100,99862,100,100049,100,99847,100,100056,100,99711,100,100058,100,99394,100,100062,100,99390,100
2019-06-28 09:41:15.237590588,99963,388,99923,388,99991,100,99917,100,100004,100,99911,200,100005,100,99910,200,100018,100,99863,100,100030,100,99862,100,100033,100,99847,100,100049,100,99711,100,100058,100,99394,100,100062,100,99390,100
2019-06-28 09:41:20.000000000,99963,172,99923,172,99991,172,99917,172,100004,172,99911,272,100005,172,99910,272,100018,100,99863,100,100030,100,99862,100,100033,100,99847,100,100049,100,99711,100,100058,100,99394,100,100062,100,99390,100
2019-06-28 09:41:30.000000000,99963,158,99923,158,99991,158,99917,158,100004,158,99911,258,100005,158,99910,258,100018,158,99863,158,100030,100,99862,100,100033,100,99847,100,100049,100,99711,100,100058,100,99394,100,100062,100,99390,100
2019-06-28 09:41:40.000000000,99963,158,99923,158,99991,158,99917,158,100004,158,99911,258,100005,158,99910,258,100018,158,99863,158,100030,100,99862,100,100033,100,99847,100,100049,100,99711,100,100058,100,99394,100,100062,100,99390,100
2019-06-28 09:41:44.536584644,99963,158,99936,100,99991,158,99923,158,100004,158,99917,158,100005,158,99911,258,100018,158,99910,258,100030,100,99863,158,100033,100,99862,100,100049,100,99847,100,100058,100,99711,100,100062,100,99394,100
2019-06-28 09:41:50.000000000,99963,198,99936,198,99991,195,99923,195,100004,195,99917,195,100005,100,99911,200,100018,100,99910,200,100030,100,99863,100,100033,100,99862,100,100049,100,99847,100,100058,100,99711,100,100062,100,99394,100
2019-06-28 09:41:51.956245076,99963,198,99936,198,99991,195,99923,195,100004,195,99917,195,100005,100,99911,200,100018,100,99910,200,100030,100,99863,100,100033,100,99862,100,100058,100,99847,100,100062,100,99711,100,100077,100,99394,100
2019-06-28 09:42:00.000000000,99963,158,99936,158,99991,158,99923,158,100004,158,99917,158,100005,158,99911,258,100018,158,99910,258,100030,100,99863,100,100033,100,99862,100,100058,100,99847,100,100062,100,99711,100,100077,100,99394,100
2019-06-28 09:42:01.649817568,99963,158,99936,158,99991,158,99933,100,100004,158,99923,158,100005,158,99917,158,100018,158,99911,258,100030,100,99910,258,100033,100,99863,100,100058,100,99862,100,100062,100,99847,100,100077,100,99711,100
2019-06-28 09:42:10.000000000,99963,198,99936,198,99991,195,99933,195,100004,195,99923,195,100005,100,99917,100,100018,100,99911,200,100030,100,99910,200,100033,100,99863,100,100058,100,99862,100,100062,100,99847,100,100077,100,99711,100
2019-06-28 09:42:20.000000000,99963,158,99936,158,99991,158,99933,158,100004,158,99923,158,100005,158,99917,158,100018,158,99911,258,100030,100,99910,200,100033,100,99863,100,100058,100,99862,100,100062,100,99847,100,100077,100,99711,100
2019-06-28 09:42:27.714149721,99963,158,99936,158,99991,158,99933,158,100004,158,99923,158,100005,158,99917,158,100018,158,99911,258,100030,100,99910,200,100033,100,99863,100,100058,100,99862,100,100062,100,99847,100,100078,100,99711,100
2019-06-28 09:42:30.000000000,99963,198,99936,198,99991,195,99933,195,100004,195,99923,195,100005,100,99917,100,100018,100,99911,200,100030,100,99910,200,100033,100,99863,100,100058,100,99862,100,100062,100,99847,100,100078,100,99711,100
2019-06-28 09:42:33.692881902,99963,198,99936,198,99991,195,99933,295,100004,195,99923,195,100005,100,99917,100,100018,100,99911,200,100030,100,99910,200,100033,100,99863,100,100058,100,99862,100,100062,100,99847,100,100078,100,99711,100
2019-06-28 09:42:37.643337272,99963,198,99936,198,99991,195,99933,395,100004,195,99923,195,100005,100,99917,100,100018,100,99911,200,100030,100,99910,200,100033,100,99863,100,100058,100,99862,100,100062,100,99847,100,100078,100,99711,100
2019-06-28 09:42:40.000000000,99963,172,99936,172,99991,172,99933,372,100004,172,99923,172,100005,172,99917,172,100018,100,99911,200,100030,100,99910,200,100033,100,99863,100,100058,100,99862,100,100062,100,99847,100,100078,100,99711,100
2019-06-28 09:42:44.889049245,99963,72,99936,172,99991,172,99933,372,100004,172,99923,172,100005,172,99917,172,100018,100,99911,200,100030,100,99910,200,100033,100,99863,100,100058,100,99862,100,100062,100,99847,100,100078,100,99711,100
2019-06-28 09:42:50.000000000,99991,388,99936,388,100004,100,99933,300,100005,100,99923,100,100018,100,99917,100,100030,100,99911,200,100033,100,99910,200,100058,100,99863,100,100062,100,99862,100,100078,100,99847,100,100081,100,99711,100
2019-06-28 09:43:00.000000000,99991,388,99936,388,100004,100,99933,300,100005,100,99923,100,100018,100,99917,100,100030,100,99911,200,100033,100,99910,200,100058,100,99863,100,100062,100,99862,100,100078,100,99847,100,100081,100,99711,100
2019-06-28 09:43:04.004541600,99991,388,99936,388,100004,100,99933,300,100005,100,99923,100,100018,100,99917,100,100030,100,99911,200,100033,100,99910,200,100058,100,99863,100,100062,100,99862,100,100078,100,99847,100,100081,100,99711,100
2019-06-28 09:43:09.375489765,99991,288,99936,388,100004,100,99933,300,100005,100,99923,100,100018,100,99917,100,100030,100,99911,200,100033,100,99910,200,100058,100,99863,100,100062,100,99862,100,100078,100,99847,100,100081,100,99711,100
2019-06-28 09:43:10.000000000,100004,172,99936,172,100005,172,99933,372,100018,172,99923,172,100030,172,99917,172,100033,100,99911,200,100058,100,99910,200,100062,100,99863,100,100078,100,99862,100,100081,100,99847,100,100082,100,99711,100
2019-06-28 09:43:20.000000000,100004,244,99936,244,100005,244,99933,444,100018,100,99923,100,100030,100,99917,100,100033,100,99911,200,100058,100,99910,200,100062,100,99863,100,100078,100,99862,100,100081,100,99847,100,100082,100,99711,100
2019-06-28 09:43:30.000000000,100004,198,99936,198,100005,195,99933,395,100018,195,99923,195,100030,100,99917,100,100033,100,99911,200,100058,100,99910,200,100062,100,99863,100,100078,100,99862,100,100081,100,99847,100,100082,100,99711,100
2019-06-28 09:43:31.171970207,100004,198,99963,100,100005,95,99936,198,100018,195,99933,395,100030,100,99923,195,100033,100,99917,100,100058,100,99911,200,100062,100,99910,200,100078,100,99863,100,100081,100,99862,100,100082,100,99847,100
2019-06-28 09:43:32.909224395,100004,98,99963,100,100005,95,99936,198,100018,195,99933,395,100030,100,99923,195,100033,100,99917,100,100058,100,99911,200,100062,100,99910,200,100078,100,99863,100,100081,100,99862,100,100082,100,99847,100
2019-06-28 09:43:38.559287138,100004,98,99991,100,100005,95,99963,100,100018,195,99936,198,100030,100,99933,295,100033,100,99923,195,100058,100,99917,100,100062,100,99911,200,100078,100,99910,200,100081,100,99863,100,100082,100,99862,100
2019-06-28 09:43:40.000000000,100018,158,99991,158,100030,158,99963,158,100033,158,99936,158,100058,158,99933,258,100062,158,99923,158,100078,100,99917,100,100081,100,99911,200,100082,100,99910,200,100084,100,99863,100,100115,100,99862,100
2019-06-28 09:43:50.000000000,100018,172,99991,172,100030,172,99963,172,100033,172,99936,172,100058,172,99933,272,100062,100,99923,100,100078,100,99917,100,100081,100,99911,200,100082,100,99910,200,100084,100,99863,100,100115,100,99862,100
2019-06-28 09:44:00.000000000,100018,198,99991,198,100030,195,99963,195,100033,195,99936,195,100058,100,99933,200,100062,100,99923,100,100078,100,99917,100,100081,100,99911,200,100082,100,99910,200,100084,100,99863,100,100115,100,99862,100
2019-06-28 09:44:10.000000000,100018,388,99991,388,100030,100,99963,100,100033,100,99936,100,100058,100,99933,200,100062,100,99923,100,100078,100,99917,100,100081,100,99911,200,100082,100,99910,200,100084,100,99863,100,100115,100,99862,100
2019-06-28 09:44:16.027750096,100018,388,99991,288,100030,100,99963,100,100033,100,99936,100,100058,100,99933,200,100062,100,99923,100,100078,100,99917,100,100081,100,99911,200,100082,100,99910,200,100084,100,99863,100,100115,100,99862,100
2019-06-28 09:44:20.000000000,100018,198,99963,198,100030,195,99936,195,100033,195,99933,295,100058,100,99923,100,100062,100,99917,100,100078,100,99911,200,100081,100,99910,200,100082,100,99863,100,100084,100,99862,100,100115,100,99847,100
2019-06-28 09:44:30.000000000,100018,244,99963,244,100030,244,99936,244,100033,100,99933,200,100058,100,99923,100,100062,100,99917,100,100078,100,99911,200,100081,100,99910,200,100082,100,99863,100,100084,100,99862,100,100115,100,99847,100
2019-06-28 09:44:40.000000000,100018,172,99963,172,100030,172,99936,172,100033,172,99933,272,100058,172,99923,172,100062,100,99917,100,100078,100,99911,200,100081,100,99910,200,100082,100,99863,100,100084,100,99862,100,100115,100,99847,100
2019-06-28 09:44:48.586125339,100018,172,99963,172,100030,172,99936,172,100033,172,99933,272,100058,172,99923,172,100062,100,99917,100,100078,100,99911,200,100081,100,99910,200,100082,100,99863,100,100084,100,99862,100,100115,100,99847,100
2019-06-28 09:44:50.000000000,100018,198,99963,198,100030,195,99936,195,100033,195,99933,295,100058,100,99923,100,100062,100,99917,100,100078,100,99911,200,100081,100,99910,200,100082,100,99863,100,100084,100,99862,100,100115,100,99847,100
2019-06-28 09:45:00.000000000,100018,244,99963,244,100030,244,99936,244,100033,100,99933,200,100058,100,99923,100,100062,100,99917,100,100078,100,99911,200,100081,100,99910,200,100082,100,99863,100,100084,100,99862,100,100115,100,99847,100
2019-06-28 09:45:10.000000000,100018,198,99963,198,100030,195,99936,195,100033,195,99933,295,100058,100,99923,100,100062,100,99917,100,100078,100,99911,200,100081,100,99910,200,100082,100,99863,100,100084,100,99862,100,100115,100,99847,100
2019-06-28 09:45:20.000000000,100018,198,99963,198,100030,195,99936,195,100033,195,99933,295,100058,100,99923,100,100062,100,99917,100,100078,100,99911,200,100081,100,99910,200,100082,100,99863,100,100084,100,99862,100,100115,100,99847,100
2019-06-28 09:45:24.432311440,100018,98,99963,198,100030,195,99936,95,100033,195,99933,295,100058,100,99923,100,100062,100,99917,100,100078,100,99911,200,100081,100,99910,200,100082,100,99863,100,100084,100,99862,100,100115,100,99847,100
2019-06-28 09:45:30.000000000,100030,388,99963,388,100033,100,99933,200,100058,100,99923,100,100062,100,99917,100,100078,100,99911,200,100081,100,99910,200,100082,100,99863,100,100084,100,99862,100,100115,100,99847,100,100123,100,99711,100
2019-06-28 09:45:40.000000000,100030,158,99963,158,100033,158,99933,258,100058,158,99923,158,100062,158,99917,158,100078,158,99911,258,100081,100,99910,200,100082,100,99863,100,100084,100,99862,100,100115,100,99847,100,100123,100,99711,100
2019-06-28 09:45:50.000000000,100030,198,99963,198,100033,195,99933,295,100058,195,99923,195,100062,100,99917,100,100078,100,99911,200,100081,100,99910,200,100082,100,99863,100,100084,100,99862,100,100115,100,99847,100,100123,100,99711,100
2019-06-28 09:46:00.000000000,100030,172,99963,172,100033,172,99933,272,100058,172,99923,172,100062,172,99917,172,100078,100,99911,200,100081,100,99910,200,100082,100,99863,100,100084,100,99862,100,100115,100,99847,100,100123,100,99711,100
2019-06-28 09:46:10.000000000,100030,244,99963,244,100033,244,99933,344,100058,100,99923,100,100062,100,99917,100,100078,100,99911,200,100081,100,99910,200,100082,100,99863,100,100084,100,99862,100,100115,100,99847,100,100123,100,99711,100
2019-06-28 09:46:20.000000000,100030,198,99963,198,100033,195,99933,295,100058,195,99923,195,100062,100,99917,100,100078,100,99911,200,100081,100,99910,200,100082,100,99863,100,100084,100,99862,100,100115,100,99847,100,100123,100,99711,100
2019-06-28 09:46:26.915873975,100030,198,99963,198,100033,195,99933,295,100058,195,99923,195,100062,100,99917,100,100078,100,99911,200,100081,100,99910,200,100082,100,99863,100,100084,100,99862,100,100115,100,99847,100,100123,100,99711,100
2019-06-28 09:46:28.120165115,100030,98,99963,198,100033,195,99933,295,100058,195,99923,195,100062,100,99917,100,100078,100,99911,200,100081,100,99910,200,100082,100,99863,100,100084,100,99862,100,100115,100,99847,100,100123,100,99711,100
2019-06-28 09:46:30.000000000,100033,198,99963,198,100058,195,99933,295,100062,195,99923,195,100078,100,99917,100,100081,100,99911,200,100082,100,99910,200,100084,100,99863,100,100115,100,99862,100,100123,100,99847,100,100179,100,99711,100
2019-06-28 09:46:40.000000000,100033,158,99963,158,100058,158,99933,258,100062,158,99923,158,100078,158,99917,158,100081,158,99911,258,100082,100,99910,200,100084,100,99863,100,100115,100,99862,100,100123,100,99847,100,100179,100,99711,100
2019-06-28 09:46:50.000000000,100033,388,99963,388,100058,100,99933,200,100062,100,99923,100,100078,100,99917,100,100081,100,99911,200,100082,100,99910,200,100084,100,99863,100,100115,100,99862,100,100123,100,99847,100,100179,100,99711,100
2019-06-28 09:46:51.533883343,100033,388,99963,388,100058,100,99933,200,100062,100,99923,100,100078,100,99917,100,100081,100,99911,200,100082,100,99910,200,100084,100,99863,100,100115,100,99862,100,100123,100,99847,100,100179,100,99711,100
2019-06-28 09:46:53.157670355,100033,288,99963,388,100058,100,99933,200,100062,100,99923,100,100078,100,99917,100,100081,100,99911,200,100082,100,99910,200,100084,100,99863,100,100115,100,99862,100,100123,100,99847,100,100179,100,99711,100
2019-06-28 09:47:00.000000000,100058,244,99963,244,100062,244,99933,344,100078,100,99923,100,100081,100,99917,100,100082,100,99911,200,100084,100,99910,200,100115,100,99863,100,100123,100,99862,100,100179,100,99847,100,100531,100,99711,100
2019-06-28 09:47:01.046803748,100058,144,99963,244,100062,244,99933,344,100078,100,99917,100,100081,100,99911,200,100082,100,99910,200,100084,100,99863,100,100115,100,99862,100,100123,100,99847,100,100179,100,99711,100,100531,100,99394,100
2019-06-28 09:47:10.000000000,100062,198,99963,198,100078,195,99933,295,100081,195,99917,195,100082,100,99911,200,100084,100,99910,200,100115,100,99863,100,100123,100,99862,100,100179,100,99847,100,100531,100,99711,100,100698,100,99394,100
2019-06-28 09:47:11.625379343,100062,198,99963,198,100078,195,99933,295,100081,195,99917,195,100082,100,99911,200,100084,100,99910,200,100115,100,99863,100,100123,100,99862,100,100179,100,99847,100,100531,100,99711,100,100698,100,99394,100
2019-06-28 09:47:20.000000000,100062,388,99963,388,100078,100,99933,200,100081,100,99917,100,100082,100,99911,200,100084,100,99910,200,100115,100,99863,100,100123,100,99862,100,100179,100,99847,100,100531,100,99711,100,100698,100,99394,100
2019-06-28 09:47:22.658327620,100062,388,100033,100,100078,100,99963,288,100081,100,99933,200,100082,100,99917,100,100084,100,99911,200,100115,100,99910,200,100123,100,99863,100,100179,100,99862,100,100531,100,99847,100,100698,100,99711,100
2019-06-28 09:47:30.000000000,100062,244,100033,244,100078,244,99933,344,100081,100,99917,100,100082,100,99911,200,100084,100,99910,200,100115,100,99863,100,100123,100,99862,100,100179,100,99847,100,100531,100,99711,100,100698,100,99394,100
2019-06-28 09:47:38.719676104,100062,144,100033,244,100078,244,99933,344,100081,100,99917,100,100082,100,99911,200,100084,100,99910,200,100115,100,99863,100,100123,100,99847,100,100179,100,99711,100,100531,100,99394,100,100698,100,99390,100
2019-06-28 09:47:40.000000000,100078,244,100033,244,100081,244,99933,344,100082,100,99917,100,100084,100,99911,200,100115,100,99910,200,100123,100,99863,100,100179,100,99847,100,100531,100,99711,100,100698,100,99394,100,100987,100,99390,100
2019-06-28 09:47:41.099276768,100078,244,100033,244,100081,244,99933,344,100082,100,99917,100,100084,100,99911,200,100115,100,99910,200,100123,100,99863,100,100179,100,99847,100,100531,100,99711,100,100698,100,99394,100,100983,100,99390,100
2019-06-28 09:47:43.860536944,100078,144,100033,244,100081,144,99933,344,100082,100,99917,100,100084,100,99911,200,100115,100,99910,200,100123,100,99863,100,100179,100,99847,100,100531,100,99711,100,100698,100,99394,100,100983,100,99390,100
2019-06-28 09:47:50.000000000,100082,388,100033,388,100084,100,99933,200,100115,100,99917,100,100123,100,99911,200,100179,100,99910,200,100531,100,99863,100,100698,100,99847,100,100983,100,99711,100,100987,100,99394,100,101185,100,99390,100
2019-06-28 09:47:59.412937712,100082,288,100033,388,100084,100,99933,200,100115,100,99917,100,100123,100,99911,200,100179,100,99910,100,100531,100,99863,100,100698,100,99847,100,100983,100,99711,100,100987,100,99394,100,101185,100,99390,100
2019-06-28 09:48:00.000000000,100084,172,100033,172,100115,172,99933,272,100123,172,99917,172,100179,172,99911,272,100531,100,99910,100,100698,100,99863,100,100983,100,99847,100,100987,100,99711,100,101185,100,99394,100,,,99390,100
2019-06-28 09:48:10.000000000,100084,388,100033,388,100115,100,99933,200,100123,100,99917,100,100179,100,99911,200,100531,100,99910,100,100698,100,99863,100,100983,100,99847,100,100987,100,99711,100,101185,100,99394,100,,,99390,100
2019-06-28 09:48:10.876737698,100084,388,100033,388,100115,100,99933,200,100123,100,99917,100,100179,100,99911,200,100531,100,99910,100,100698,100,99863,100,100805,100,99847,100,100983,100,99711,100,100987,100,99394,100,101185,100,99390,100
2019-06-28 09:48:18.563623203,100084,388,100033,388,100115,100,99933,200,100123,100,99917,100,100179,100,99911,200,100531,100,99910,100,100622,100,99863,100,100698,100,99711,100,100805,100,99394,100,100983,100,99390,100,100987,100,98775,100
2019-06-28 09:48:20.000000000,100084,244,100033,244,100115,244,99933,344,100123,100,99917,100,100179,100,99911,200,100531,100,99910,100,100622,100,99863,100,100698,100,99711,100,100805,100,99394,100,100983,100,99390,100,100987,100,98775,100
2019-06-28 09:48:25.649378091,100084,244,100033,244,100115,244,99933,344,100123,100,99917,100,100179,100,99911,200,100622,100,99910,100,100698,100,99863,100,100805,100,99711,100,100817,100,99394,100,100983,100,99390,100,100987,100,98775,100
2019-06-28 09:48:30.000000000,100084,172,100033,172,100115,172,99933,272,100123,172,99917,172,100179,172,99911,272,100622,100,99910,100,100698,100,99863,100,100805,100,99711,100,100817,100,99394,100,100983,100,99390,100,100987,100,98775,100
2019-06-28 09:48:40.000000000,100084,198,100033,198,100115,195,99933,295,100123,195,99917,195,100179,100,99911,200,100622,100,99910,100,100698,100,99863,100,100805,100,99711,100,100817,100,99394,100,100983,100,99390,100,100987,100,98775,100
2019-06-28 09:48:50.000000000,100084,158,100033,158,100115,158,99933,258,100123,158,99917,158,100179,158,99911,258,100622,158,99910,158,100698,100,99863,100,100805,100,99711,100,100817,100,99394,100,100983,100,99390,100,100987,100,98775,100
2019-06-28 09:48:50.180694095,100084,158,100033,58,100115,158,99933,258,100123,158,99917,158,100179,158,99911,258,100622,158,99910,158,100698,100,99863,100,100805,100,99711,100,100817,100,99394,100,100983,100,99390,100,100987,100,98775,100
2019-06-28 09:49:00.000000000,100084,244,99933,344,100115,244,99917,244,100123,100,99911,200,100179,100,99910,100,100622,100,99863,100,100698,100,99711,100,100805,100,99394,100,100817,100,99390,100,100983,100,98775,100,100987,100,,
2019-06-28 09:49:02.162044847,100084,244,99933,244,100115,244,99917,244,100123,100,99911,100,100179,100,99910,100,100622,100,99863,100,100698,100,99711,100,100805,100,99394,100,100817,100,99390,100,100983,100,98775,100,100987,100,,
2019-06-28 09:49:10.000000000,100084,198,99933,198,100115,195,99917,195,100123,195,99911,195,100179,100,99910,100,100622,100,99863,100,100698,100,99711,100,100805,100,99394,100,100817,100,99390,100,100983,100,98775,100,100987,100,,
2019-06-28 09:49:20.000000000,100084,198,99933,198,100115,195,99917,195,100123,195,99911,195,100179,100,99910,100,100622,100,99863,100,100698,100,99711,100,100805,100,99394,100,100817,100,99390,100,100983,100,98775,100,100987,100,,
2019-06-28 09:49:30.000000000,100084,198,99933,198,100115,195,99917,195,100123,195,99911,195,100179,100,99910,100,100622,100,99863,100,100698,100,99711,100,100805,100,99394,100,100817,100,99390,100,100983,100,98775,100,100987,100,,
2019-06-28 09:49:40.000000000,100084,172,99933,172,100115,172,99917,172,100123,172,99911,172,100179,172,99910,172,100622,100,99863,100,100698,100,99711,100,100805,100,99394,100,100817,100,99390,100,100983,100,98775,100,100987,100,,
2019-06-28 09:49:50.000000000,100084,388,99933,388,100115,100,99917,100,100123,100,99911,100,100179,100,99910,100,100622,100,99863,100,100698,100,99711,100,100805,100,99394,100,100817,100,99390,100,100983,100,98775,100,100987,100,,
2019-06-28 09:50:00.000000000,100084,158,99933,158,100115,158,99917,158,100123,158,99911,158,100179,158,99910,158,100622,158,99863,158,100698,100,99711,100,100805,100,99394,100,100817,100,99390,100,100983,100,98775,100,100987,100,,
2019-06-28 09:50:10.000000000,100084,244,99933,244,100115,244,99917,244,100123,100,99911,100,100179,100,99910,100,100622,100,99863,100,100698,100,99711,100,100805,100,99394,100,100817,100,99390,100,100983,100,98775,100,100987,100,,
2019-06-28 09:50:20.000000000,100084,172,99933,172,100115,172,99917,172,100123,172,99911,172,100179,172,99910,172,100622,100,99863,100,100698,100,99711,100,100805,100,99394,100,100817,100,99390,100,100983,100,98775,100,100987,100,,
2019-06-28 09:50:30.000000000,100084,158,99933,158,100115,158,99917,158,100123,158,99911,158,100179,158,99910,158,100622,158,99863,158,100698,100,99711,100,100805,100,99394,100,100817,100,99390,100,100983,100,98775,100,100987,100,,
2019-06-28 09:50:40.000000000,100084,388,99933,388,100115,100,99917,100,100123,100,99911,100,100179,100,99910,100,100622,100,99863,100,100698,100,99711,100,100805,100,99394,100,100817,100,99390,100,100983,100,98775,100,100987,100,,
2019-06-28 09:50:50.000000000,100084,158,99933,158,100115,158,99917,158,100123,158,99911,158,100179,158,99910,158,100622,158,99863,158,100698,100,99711,100,100805,100,99394,100,100817,100,99390,100,100983,100,98775,100,100987,100,,
2019-06-28 09:51:00.000000000,100084,388,99933,388,100115,100,99917,100,100123,100,99911,100,100179,100,99910,100,100622,100,99863,100,100698,100,99711,100,100805,100,99394,100,100817,100,99390,100,100983,100,98775,100,100987,100,,
2019-06-28 09:51:10.000000000,100084,172,99933,172,100115,172,99917,172,100123,172,99911,172,100179,172,99910,172,100622,100,99863,100,100698,100,99711,100,100805,100,99394,100,100817,100,99390,100,100983,100,98775,100,100987,100,,
2019-06-28 09:51:17.180606524,100084,172,99933,72,100115,172,99917,172,100123,172,99911,172,100179,172,99910,172,100622,100,99863,100,100698,100,99711,100,100805,100,99394,100,100817,100,99390,100,100983,100,98775,100,100987,100,,
2019-06-28 09:51:20.000000000,100084,388,99917,388,100115,100,99911,100,100123,100,99910,100,100179,100,99863,100,100622,100,99711,100,100698,100,99394,100,100805,100,99390,100,100817,100,98775,100,100983,100,,,100987,100,,
2019-06-28 09:51:24.955528866,100084,388,99917,288,100115,100,99911,100,100123,100,99910,100,100179,100,99863,100,100622,100,99711,100,100698,100,99394,100,100805,100,99390,100,100817,100,98775,100,100983,100,,,100987,100,,
2019-06-28 09:51:30.000000000,100084,158,99911,158,100115,158,99910,158,100123,158,99863,158,100179,158,99711,158,100622,158,99394,158,100698,100,99390,100,100805,100,98775,100,100817,100,,,100983,100,,,100987,100,,
2019-06-28 09:51:40.000000000,100084,198,99911,198,100115,195,99910,195,100123,195,99863,195,100179,100,99711,100,100622,100,99394,100,100698,100,99390,100,100805,100,98775,100,100817,100,,,100983,100,,,100987,100,,
2019-06-28 09:51:50.000000000,100084,158,99911,158,100115,158,99910,158,100123,158,99863,158,100179,158,99711,158,100622,158,99394,158,100698,100,99390,100,100805,100,98775,100,100817,100,,,100983,100,,,100987,100,,
2019-06-28 09:52:00.000000000,100084,198,99911,198,100115,195,99910,195,100123,195,99863,195,100179,100,99711,100,100622,100,99394,100,100698,100,99390,100,100805,100,98775,100,100817,100,,,100983,100,,,100987,100,,
2019-06-28 09:52:03.687399280,100084,198,99911,98,100115,195,99910,195,100123,195,99863,95,100179,100,99711,100,100622,100,99394,100,100698,100,99390,100,100805,100,98775,100,100817,100,,,100983,100,,,100987,100,,
2019-06-28 09:52:10.000000000,100084,388,99910,388,100115,100,99711,100,100123,100,99394,100,100179,100,99390,100,100622,100,98775,100,100698,100,,,100805,100,,,100817,100,,,100983,100,,,100987,100,,
2019-06-28 09:52:20.000000000,100084,158,99910,158,100115,158,99711,158,100123,158,99394,158,100179,158,99390,158,100622,158,98775,158,100698,100,,,100805,100,,,100817,100,,,100983,100,,,100987,100,,
2019-06-28 09:52:30.000000000,100084,158,99910,158,100115,158,99711,158,100123,158,99394,158,100179,158,99390,158,100622,158,98775,158,100698,100,,,100805,100,,,100817,100,,,100983,100,,,100987,100,,
2019-06-28 09:52:40.000000000,100084,198,99910,198,100115,195,99711,195,100123,195,99394,195,100179,100,99390,100,100622,100,98775,100,100698,100,,,100805,100,,,100817,100,,,100983,100,,,100987,100,,
2019-06-28 09:52:46.019103967,100084,198,99910,198,100115,195,99711,195,100123,195,99394,95,100179,100,99390,100,100622,100,98775,100,100698,100,98529,100,100805,100,,,100817,100,,,100983,100,,,100987,100,,
2019-06-28 09:52:49.510652806,100084,198,99910,98,100115,195,99711,195,100123,195,99394,95,100179,100,99390,100,100622,100,98775,100,100698,100,98529,100,100805,100,,,100817,100,,,100983,100,,,100987,100,,
2019-06-28 09:52:50.000000000,100084,198,99711,198,100115,195,99390,195,100123,195,98775,195,100179,100,98529,100,100622,100,,,100698,100,,,100805,100,,,100817,100,,,100983,100,,,100987,100,,
2019-06-28 09:52:52.023971106,100084,198,99711,98,100115,195,99390,195,100123,195,98775,195,100179,100,98529,100,100622,100,,,100698,100,,,100805,100,,,100817,100,,,100983,100,,,100987,100,,
2019-06-28 09:52:52.667678895,99711,2,99390,195,100084,198,98775,195,100115,195,98529,100,100123,195,,,100179,100,,,100622,100,,,100698,100,,,100805,100,,,100817,100,,,100983,100,,
2019-06-28 09:52:59.438494151,99711,102,99390,195,100084,198,98775,195,100115,195,98529,100,100123,195,,,100179,100,,,100622,100,,,100698,100,,,100805,100,,,100817,100,,,100983,100,,
2019-06-28 09:53:00.000000000,99711,246,99390,244,100084,244,98775,244,100115,100,98529,100,100123,100,,,100179,100,,,100622,100,,,100698,100,,,100805,100,,,100817,100,,,100983,100,,
2019-06-28 09:53:10.000000000,99711,246,99390,244,100084,244,98775,244,100115,100,98529,100,100123,100,,,100179,100,,,100622,100,,,100698,100,,,100805,100,,,100817,100,,,100983,100,,
2019-06-28 09:53:20.000000000,99711,200,99390,198,100084,195,98775,195,100115,195,98529,195,100123,100,,,100179,100,,,100622,100,,,100698,100,,,100805,100,,,100817,100,,,100983,100,,
2019-06-28 09:53:23.899610626,99711,200,99390,198,100084,195,98775,195,100115,195,98738,100,100123,100,98529,195,100179,100,,,100622,100,,,100698,100,,,100805,100,,,100817,100,,,100983,100,,
2019-06-28 09:53:30.000000000,99711,246,99390,244,100084,244,98775,244,100115,100,98738,100,100123,100,98529,100,100179,100,,,100622,100,,,100698,100,,,100805,100,,,100817,100,,,100983,100,,
2019-06-28 09:53:39.601636922,99711,246,99390,244,100084,244,98775,244,100115,100,98738,100,100123,100,98684,100,100179,100,98529,100,100622,100,,,100698,100,,,100805,100,,,100817,100,,,100983,100,,
2019-06-28 09:53:40.000000000,99711,390,99390,388,100084,100,98775,100,100115,100,98738,100,100123,100,98684,100,100179,100,98529,100,100622,100,,,100698,100,,,100805,100,,,100817,100,,,100983,100,,
2019-06-28 09:53:45.598364575,99711,390,99390,388,100084,100,98775,100,100115,100,98738,100,100123,100,98684,100,100179,100,98595,100,100622,100,98529,100,100698,100,,,100817,100,,,100983,100,,,100987,100,,
2019-06-28 09:53:50.000000000,99711,390,99390,388,100084,100,98775,100,100115,100,98738,100,100123,100,98684,100,100179,100,98595,100,100622,100,98529,100,100698,100,,,100817,100,,,100983,100,,,100987,100,,
2019-06-28 09:54:00.000000000,99711,174,99390,172,100084,172,98775,172,100115,172,98738,172,100123,172,98684,172,100179,100,98595,100,100622,100,98529,100,100698,100,,,100817,100,,,100983,100,,,100987,100,,
2019-06-28 09:54:10.000000000,99711,200,99390,198,100084,195,98775,195,100115,195,98738,195,100123,100,98684,100,100179,100,98595,100,100622,100,98529,100,100698,100,,,100817,100,,,100983,100,,,100987,100,,
2019-06-28 09:54:20.000000000,99711,160,99390,158,100084,158,98775,158,100115,158,98738,158,100123,158,98684,158,100179,158,98595,158,100622,100,98529,100,100698,100,,,100817,100,,,100983,100,,,100987,100,,
2019-06-28 09:54:24.600326432,99711,160,99390,158,100084,158,98775,158,100115,158,98738,158,100123,158,98684,158,100179,158,98595,158,100622,100,98529,100,100698,100,98365,100,100817,100,,,100983,100,,,100987,100,,
2019-06-28 09:54:30.000000000,99711,160,99390,158,100084,158,98775,158,100115,158,98738,158,100123,158,98684,158,100179,158,98595,158,100622,100,98529,100,100698,100,98365,100,100817,100,,,100983,100,,,100987,100,,
2019-06-28 09:54:40.000000000,99711,174,99390,172,100084,172,98775,172,100115,172,98738,172,100123,172,98684,172,100179,100,98595,100,100622,100,98529,100,100698,100,98365,100,100817,100,,,100983,100,,,100987,100,,
2019-06-28 09:54:41.613984648,99711,174,99390,72,100084,172,98775,172,100115,172,98738,172,100123,172,98684,172,100179,100,98595,100,100622,100,98529,100,100698,100,98365,100,100817,100,,,100983,100,,,100987,100,,
2019-06-28 09:54:50.000000000,99711,160,98775,158,100084,158,98738,158,100115,158,98684,158,100123,158,98595,158,100179,158,98529,158,100622,100,98365,100,100698,100,,,100817,100,,,100983,100,,,100987,100,,
2019-06-28 09:54:55.110663358,98876,100,98775,158,99711,160,98738,158,100084,158,98684,158,100115,158,98595,158,100123,158,98529,158,100179,158,98365,100,100622,100,,,100698,100,,,100817,100,,,100983,100,,
2019-06-28 09:55:00.000000000,98876,244,98775,244,99711,246,98738,244,100084,100,98684,100,100115,100,98595,100,100123,100,98529,100,100179,100,98365,100,100622,100,,,100698,100,,,100817,100,,,100983,100,,
2019-06-28 09:55:10.000000000,98876,172,98775,172,99711,174,98738,172,100084,172,98684,172,100115,172,98595,172,100123,100,98529,100,100179,100,98365,100,100622,100,,,100698,100,,,100817,100,,,100983,100,,
2019-06-28 09:55:20.000000000,98876,244,98775,244,99711,246,98738,244,100084,100,98684,100,100115,100,98595,100,100123,100,98529,100,100179,100,98365,100,100622,100,,,100698,100,,,100817,100,,,100983,100,,
2019-06-28 09:55:30.000000000,98876,388,98775,388,99711,102,98738,100,100084,100,98684,100,100115,100,98595,100,100123,100,98529,100,100179,100,98365,100,100622,100,,,100698,100,,,100817,100,,,100983,100,,
2019-06-28 09:55:40.000000000,98876,198,98775,198,99711,197,98738,195,100084,195,98684,195,100115,100,98595,100,100123,100,98529,100,100179,100,98365,100,100622,100,,,100698,100,,,100817,100,,,100983,100,,
2019-06-28 09:55:50.000000000,98876,388,98775,388,99711,102,98738,100,100084,100,98684,100,100115,100,98595,100,100123,100,98529,100,100179,100,98365,100,100622,100,,,100698,100,,,100817,100,,,100983,100,,
2019-06-28 09:56:00.000000000,98876,198,98775,198,99711,197,98738,195,100084,195,98684,195,100115,100,98595,100,100123,100,98529,100,100179,100,98365,100,100622,100,,,100698,100,,,100817,100,,,100983,100,,
2019-06-28 09:56:03.768370457,98876,198,98775,198,99711,197,98738,195,100084,195,98684,195,100115,100,98595,100,100123,100,98529,100,100622,100,98365,100,100698,100,,,100817,100,,,100983,100,,,100987,100,,
2019-06-28 09:56:10.000000000,98876,388,98775,388,99711,102,98738,100,100084,100,98684,100,100115,100,98595,100,100123,100,98529,100,100622,100,98365,100,100698,100,,,100817,100,,,100983,100,,,100987,100,,
2019-06-28 09:56:14.304575055,98876,388,98775,388,99529,100,98738,100,99711,102,98684,100,100084,100,98595,100,100115,100,98529,100,100123,100,98365,100,100622,100,,,100698,100,,,100817,100,,,100983,100,,
2019-06-28 09:56:20.000000000,98876,388,98775,388,99529,100,98738,100,99711,102,98684,100,100084,100,98595,100,100115,100,98529,100,100123,100,98365,100,100622,100,,,100698,100,,,100817,100,,,100983,100,,
2019-06-28 09:56:30.000000000,98876,158,98775,158,99529,158,98738,158,99711,160,98684,158,100084,158,98595,158,100115,158,98529,158,100123,100,98365,100,100622,100,,,100698,100,,,100817,100,,,100983,100,,
2019-06-28 09:56:34.829203961,98876,58,98775,158,99529,158,98738,158,99711,160,98684,158,100084,158,98595,158,100115,158,98529,158,100123,100,98365,100,100622,100,,,100698,100,,,100817,100,,,100983,100,,
2019-06-28 09:56:40.000000000,99529,198,98775,198,99711,197,98738,195,100084,195,98684,195,100115,100,98595,100,100123,100,98529,100,100622,100,98365,100,100698,100,,,100817,100,,,100983,100,,,100987,100,,
2019-06-28 09:56:41.175880497,99529,198,98876,100,99711,197,98775,198,100084,195,98738,195,100115,100,98684,195,100123,100,98595,100,100622,100,98529,100,100698,100,98365,100,100817,100,,,100983,100,,,100987,100,,
2019-06-28 09:56:50.000000000,99529,244,98876,244,99711,246,98775,244,100084,100,98738,100,100115,100,98684,100,100123,100,98595,100,100622,100,98529,100,100698,100,98365,100,100817,100,,,100983,100,,,100987,100,,
2019-06-28 09:56:50.259091453,99323,100,98876,244,99529,244,98775,244,99711,246,98738,100,100084,100,98684,100,100115,100,98595,100,100123,100,98529,100,100622,100,98365,100,100698,100,,,100817,100,,,100983,100,,
2019-06-28 09:56:51.901919758,99323,100,99225,100,99529,244,98876,244,99711,246,98775,244,100084,100,98738,100,100115,100,98684,100,100123,100,98595,100,100622,100,98529,100,100698,100,98365,100,100817,100,,,100983,100,,
2019-06-28 09:57:00.000000000,99323,388,99225,388,99529,100,98876,100,99711,102,98775,100,100084,100,98738,100,100115,100,98684,100,100123,100,98595,100,100622,100,98529,100,100698,100,98365,100,100817,100,,,100983,100,,
2019-06-28 09:57:10.000000000,99323,244,99225,244,99529,244,98876,244,99711,102,98775,100,100084,100,98738,100,100115,100,98684,100,100123,100,98595,100,100622,100,98529,100,100698,100,98365,100,100817,100,,,100983,100,,
2019-06-28 09:57:19.622749179,99323,244,99225,244,99529,244,98876,344,99711,102,98775,100,100084,100,98738,100,100115,100,98684,100,100123,100,98595,100,100622,100,98529,100,100698,100,98365,100,100817,100,,,100983,100,,
2019-06-28 09:57:20.000000000,99323,198,99225,198,99529,195,98876,295,99711,197,98775,195,100084,100,98738,100,100115,100,98684,100,100123,100,98595,100,100622,100,98529,100,100698,100,98365,100,100817,100,,,100983,100,,
2019-06-28 09:57:30.000000000,99323,172,99225,172,99529,172,98876,272,99711,174,98775,172,100084,172,98738,172,100115,100,98684,100,100123,100,98595,100,100622,100,98529,100,100698,100,98365,100,100817,100,,,100983,100,,
2019-06-28 09:57:32.349788911,99323,172,99225,172,99529,172,98876,272,99561,100,98775,172,99711,174,98738,172,100084,172,98684,100,100115,100,98595,100,100123,100,98529,100,100622,100,98365,100,100698,100,,,100817,100,,
2019-06-28 09:57:40.000000000,99323,198,99225,198,99529,195,98876,295,99561,195,98775,195,99711,102,98738,100,100084,100,98684,100,100115,100,98595,100,100123,100,98529,100,100622,100,98365,100,100698,100,,,100817,100,,
2019-06-28 09:57:50.000000000,99323,198,99225,198,99529,195,98876,295,99561,195,98775,195,99711,102,98738,100,100084,100,98684,100,100115,100,98595,100,100123,100,98529,100,100622,100,98365,100,100698,100,,,100817,100,,
2019-06-28 09:58:00.000000000,99323,244,99225,244,99529,244,98876,344,99561,100,98775,100,99711,102,98738,100,100084,100,98684,100,100115,100,98595,100,100123,100,98529,100,100622,100,98365,100,100698,100,,,100817,100,,
2019-06-28 09:58:00.596273419,99323,244,99225,244,99529,144,99011,100,99561,100,98876,344,99711,102,98775,100,100084,100,98738,100,100115,100,98684,100,100123,100,98595,100,100622,100,98529,100,100698,100,98365,100,100817,100,,
2019-06-28 09:58:10.000000000,99323,158,99225,158,99561,158,99011,158,99711,160,98876,258,100084,158,98775,158,100115,158,98738,158,100123,100,98684,100,100622,100,98595,100,100698,100,98529,100,100817,100,98365,100,100983,100,,
2019-06-28 09:58:12.239473739,99323,158,99225,158,99561,158,99011,158,99711,160,98876,358,100084,158,98775,158,100115,158,98738,158,100123,100,98684,100,100622,100,98595,100,100698,100,98529,100,100817,100,98365,100,100983,100,,
2019-06-28 09:58:20.000000000,99323,244,99225,244,99561,244,99011,244,99711,102,98876,300,100084,100,98775,100,100115,100,98738,100,100123,100,98684,100,100622,100,98595,100,100698,100,98529,100,100817,100,98365,100,100983,100,,
2019-06-28 09:58:23.352717553,99323,244,99225,144,99561,244,99011,244,99711,102,98876,300,100115,100,98775,100,100123,100,98738,100,100622,100,98684,100,100698,100,98595,100,100817,100,98529,100,100983,100,98365,100,100987,100,,
2019-06-28 09:58:30.000000000,99323,158,99011,158,99561,158,98876,358,99711,160,98775,158,100115,158,98738,158,100123,158,98684,158,100622,100,98595,100,100698,100,98529,100,100817,100,98365,100,100983,100,,,100987,100,,
2019-06-28 09:58:40.000000000,99323,198,99011,198,99561,195,98876,395,99711,197,98775,195,100115,100,98738,100,100123,100,98684,100,100622,100,98595,100,100698,100,98529,100,100817,100,98365,100,100983,100,,,100987,100,,
2019-06-28 09:58:50.000000000,99323,158,99011,158,99561,158,98876,358,99711,160,98775,158,100115,158,98738,158,100123,158,98684,158,100622,100,98595,100,100698,100,98529,100,100817,100,98365,100,100983,100,,,100987,100,,
2019-06-28 09:58:53.692112358,99323,58,99011,158,99561,158,98876,358,99711,160,98775,158,100115,158,98738,158,100123,158,98684,158,100622,100,98595,100,100817,100,98529,100,100983,100,98365,100,100987,100,,,101185,100,,
2019-06-28 09:59:00.000000000,99561,244,99011,244,99711,246,98876,444,100115,100,98775,100,100123,100,98738,100,100622,100,98684,100,100817,100,98595,100,100983,100,98529,100,100987,100,98365,100,101185,100,,,,,,
2019-06-28 09:59:10.000000000,99561,388,99011,388,99711,102,98876,300,100115,100,98775,100,100123,100,98738,100,100622,100,98684,100,100817,100,98595,100,100983,100,98529,100,100987,100,98365,100,101185,100,,,,,,
2019-06-28 09:59:18.690231555,99561,388,99226,100,99711,102,99011,388,100115,100,98876,200,100123,100,98775,100,100622,100,98738,100,100817,100,98684,100,100983,100,98595,100,100987,100,98529,100,101185,100,98365,100,,,,
2019-06-28 09:59:20.000000000,99561,172,99226,172,99711,174,99011,172,100115,172,98876,272,100123,172,98775,172,100622,100,98738,100,100817,100,98684,100,100983,100,98595,100,100987,100,98529,100,101185,100,98365,100,,,,
2019-06-28 09:59:28.363820675,99561,72,99226,172,99711,174,99011,172,100115,172,98876,272,100123,172,98775,172,100622,100,98738,100,100817,100,98684,100,100983,100,98595,100,100987,100,98529,100,101185,100,98365,100,,,,
2019-06-28 09:59:30.000000000,99711,390,99226,388,100115,100,99011,100,100123,100,98876,200,100622,100,98775,100,100817,100,98738,100,100983,100,98684,100,100987,100,98595,100,101185,100,98529,100,,,98365,100,,,,
2019-06-28 09:59:40.000000000,99711,246,99226,244,100115,244,99011,244,100123,100,98876,200,100622,100,98775,100,100817,100,98738,100,100983,100,98684,100,100987,100,98595,100,101185,100,98529,100,,,98365,100,,,,
2019-06-28 09:59:50.000000000,99711,174,99226,172,100115,172,99011,172,100123,172,98876,272,100622,172,98775,172,100817,100,98738,100,100983,100,98684,100,100987,100,98595,100,101185,100,98529,100,,,98365,100,,,,
2019-06-28 09:59:52.794947577,99711,174,99323,100,100115,172,99226,172,100123,172,99011,172,100622,172,98876,272,100817,100,98775,172,100983,100,98738,100,100987,100,98684,100,101185,100,98595,100,,,98529,100,,,98365,100
2019-06-28 09:59:59.802575095,99711,174,99323,100,99991,100,99226,172,100115,172,99011,172,100123,172,98876,272,100622,172,98775,172,100817,100,98738,100,100983,100,98684,100,100987,100,98595,100,101185,100,98529,100,,,98365,100
2019-06-28 10:00:00.000000000,99711,160,99323,158,99991,158,99226,158,100115,158,99011,158,100123,158,98876,258,100622,158,98775,158,100817,100,98738,100,100983,100,98684,100,100987,100,98595,100,101185,100,98529,100,,,98365,100
2019-06-28 10:00:04.934895696,99711,58,99323,158,99991,158,99226,158,100115,158,99011,158,100123,158,98876,258,100622,158,98775,158,100817,100,98738,100,100983,100,98684,100,100987,100,98595,100,101185,100,98529,100,,,98365,100
2019-06-28 10:00:10.000000000,99991,172,99323,172,100115,172,99226,172,100123,172,99011,172,100622,172,98876,272,100817,100,98775,100,100983,100,98738,100,100987,100,98684,100,101185,100,98595,100,,,98529,100,,,98365,100
2019-06-28 10:00:20.000000000,99991,158,99323,158,100115,158,99226,158,100123,158,99011,158,100622,158,98876,258,100817,158,98775,158,100983,100,98738,100,100987,100,98684,100,101185,100,98595,100,,,98529,100,,,98365,100
2019-06-28 10:00:26.386831295,99991,158,99832,100,100115,158,99323,158,100123,158,99226,158,100622,158,99011,158,100817,158,98876,258,100987,100,98775,158,101185,100,98738,100,,,98684,100,,,98595,100,,,98529,100
2019-06-28 10:00:30.000000000,99991,198,99832,198,100115,195,99323,195,100123,195,99226,195,100622,100,99011,100,100817,100,98876,200,100987,100,98775,100,101185,100,98738,100,,,98684,100,,,98595,100,,,98529,100
2019-06-28 10:00:40.000000000,99991,172,99832,172,100115,172,99323,172,100123,172,99226,172,100622,172,99011,172,100817,100,98876,200,100987,100,98775,100,101185,100,98738,100,,,98684,100,,,98595,100,,,98529,100
2019-06-28 10:00:50.000000000,99991,158,99832,158,100115,158,99323,158,100123,158,99226,158,100622,158,99011,158,100817,158,98876,258,100987,100,98775,100,101185,100,98738,100,,,98684,100,,,98595,100,,,98529,100
2019-06-28 10:00:57.722941702,99991,158,99832,58,100115,158,99323,158,100123,158,99226,158,100622,158,99011,158,100817,158,98876,258,100987,100,98775,100,101185,100,98738,100,,,98684,100,,,98595,100,,,98529,100
2019-06-28 10:01:00.000000000,99991,158,99323,158,100115,158,99226,158,100123,158,99011,158,100622,158,98876,258,100817,158,98775,158,100987,100,98738,100,101185,100,98684,100,,,98595,100,,,98529,100,,,98365,100
2019-06-28 10:01:03.679243853,99991,158,99560,100,100115,158,99323,158,100123,158,99226,158,100622,158,99011,158,100817,158,98876,258,100987,100,98775,158,101185,100,98738,100,,,98684,100,,,98595,100,,,98529,100
2019-06-28 10:01:10.000000000,99991,158,99560,158,100115,158,99323,158,100123,158,99226,158,100622,158,99011,158,100817,158,98876,258,100987,100,98775,100,101185,100,98738,100,,,98684,100,,,98595,100,,,98529,100
2019-06-28 10:01:20.000000000,99991,244,99560,244,100115,244,99323,244,100123,100,99226,100,100622,100,99011,100,100817,100,98876,200,100987,100,98775,100,101185,100,98738,100,,,98684,100,,,98595,100,,,98529,100
2019-06-28 10:01:30.000000000,99991,158,99560,158,100115,158,99323,158,100123,158,99226,158,100622,158,99011,158,100817,158,98876,258,100987,100,98775,100,101185,100,98738,100,,,98684,100,,,98595,100,,,98529,100
2019-06-28 10:01:40.000000000,99991,172,99560,172,100115,172,99323,172,100123,172,99226,172,100622,172,99011,172,100817,100,98876,200,100987,100,98775,100,101185,100,98738,100,,,98684,100,,,98595,100,,,98529,100
2019-06-28 10:01:43.612586545,99991,172,99572,100,100115,172,99560,172,100123,172,99323,172,100622,172,99226,172,100817,100,99011,172,100987,100,98876,200,101185,100,98775,100,,,98684,100,,,98595,100,,,98529,100
2019-06-28 10:01:48.998733791,99832,100,99572,100,99991,172,99560,172,100115,172,99323,172,100123,172,99226,172,100622,172,99011,172,100817,100,98876,200,100987,100,98775,100,101185,100,98684,100,,,98595,100,,,98529,100
2019-06-28 10:01:50.000000000,99832,244,99572,244,99991,244,99560,244,100115,100,99323,100,100123,100,99226,100,100622,100,99011,100,100817,100,98876,200,100987,100,98775,100,101185,100,98684,100,,,98595,100,,,98529,100
2019-06-28 10:01:54.368325792,99832,244,99572,244,99991,244,99560,244,100115,100,99533,100,100123,100,99323,100,100622,100,99226,100,100817,100,99011,100,100987,100,98876,200,101185,100,98775,100,,,98684,100,,,98595,100
2019-06-28 10:02:00.000000000,99832,198,99572,198,99991,195,99560,195,100115,195,99533,195,100123,100,99323,100,100622,100,99226,100,100817,100,99011,100,100987,100,98876,200,101185,100,98775,100,,,98684,100,,,98595,100
2019-06-28 10:02:10.000000000,99832,158,99572,158,99991,158,99560,158,100115,158,99533,158,100123,158,99323,158,100622,158,99226,158,100817,100,99011,100,100987,100,98876,200,101185,100,98775,100,,,98684,100,,,98595,100
2019-06-28 10:02:20.000000000,99832,172,99572,172,99991,172,99560,172,100115,172,99533,172,100123,172,99323,172,100622,100,99226,100,100817,100,99011,100,100987,100,98876,200,101185,100,98775,100,,,98684,100,,,98595,100
2019-06-28 10:02:25.106657539,99832,172,99572,72,99991,172,99560,172,100115,172,99533,172,100123,172,99323,172,100622,100,99226,100,100817,100,99011,100,100987,100,98876,200,101185,100,98775,100,,,98684,100,,,98595,100
2019-06-28 10:02:30.000000000,99832,388,99560,388,99991,100,99533,100,100115,100,99323,100,100123,100,99226,100,100622,100,99011,100,100817,100,98876,200,100987,100,98775,100,101185,100,98684,100,,,98595,100,,,98529,100
2019-06-28 10:02:33.834983815,99831,100,99560,388,99832,388,99533,100,99991,100,99323,100,100115,100,99226,100,100123,100,99011,100,100622,100,98876,200,100817,100,98775,100,100987,100,98684,100,101185,100,98595,100,,,98529,100
2019-06-28 10:02:35.480371125,99831,100,99560,388,99832,388,99533,100,99991,100,99323,100,100115,100,99011,100,100123,100,98876,200,100622,100,98775,100,100817,100,98684,100,100987,100,98595,100,101185,100,98529,100,,,98365,100
2019-06-28 10:02:40.000000000,99831,158,99560,158,99832,158,99533,158,99991,158,99323,158,100115,158,99011,158,100123,158,98876,258,100622,100,98775,100,100817,100,98684,100,100987,100,98595,100,101185,100,98529,100,,,98365,100
2019-06-28 10:02:50.000000000,99831,388,99560,388,99832,100,99533,100,99991,100,99323,100,100115,100,99011,100,100123,100,98876,200,100622,100,98775,100,100817,100,98684,100,100987,100,98595,100,101185,100,98529,100,,,98365,100
2019-06-28 10:03:00.000000000,99831,388,99560,388,99832,100,99533,100,99991,100,99323,100,100115,100,99011,100,100123,100,98876,200,100622,100,98775,100,100817,100,98684,100,100987,100,98595,100,101185,100,98529,100,,,98365,100
2019-06-28 10:03:10.000000000,99831,172,99560,172,99832,172,99533,172,99991,172,99323,172,100115,172,99011,172,100123,100,98876,200,100622,100,98775,100,100817,100,98684,100,100987,100,98595,100,101185,100,98529,100,,,98365,100
2019-06-28 10:03:10.150831834,99831,172,99560,172,99832,172,99533,172,99991,172,99323,172,100115,172,99059,100,100123,100,99011,172,100622,100,98876,200,100817,100,98775,100,100987,100,98684,100,101185,100,98595,100,,,98529,100
2019-06-28 10:03:20.000000000,99831,198,99560,198,99832,195,99533,195,99991,195,99323,195,100115,100,99059,100,100123,100,99011,100,100622,100,98876,200,100817,100,98775,100,100987,100,98684,100,101185,100,98595,100,,,98529,100
2019-06-28 10:03:30.000000000,99831,158,99560,158,99832,158,99533,158,99991,158,99323,158,100115,158,99059,158,100123,158,99011,158,100622,100,98876,200,100817,100,98775,100,100987,100,98684,100,101185,100,98595,100,,,98529,100
2019-06-28 10:03:40.000000000,99831,158,99560,158,99832,158,99533,158,99991,158,99323,158,100115,158,99059,158,100123,158,99011,158,100622,100,98876,200,100817,100,98775,100,100987,100,98684,100,101185,100,98595,100,,,98529,100
2019-06-28 10:03:48.022957489,99831,158,99560,158,99832,158,99533,58,99991,158,99358,100,100115,158,99323,158,100123,158,99059,158,100622,100,99011,158,100817,100,98876,200,100987,100,98775,100,101185,100,98684,100,,,98595,100
2019-06-28 10:03:50.000000000,99831,198,99560,198,99832,195,99358,195,99991,195,99323,195,100115,100,99059,100,100123,100,99011,100,100622,100,98876,200,100817,100,98775,100,100987,100,98684,100,101185,100,98595,100,,,98529,100
2019-06-28 10:03:53.523015481,99831,198,99560,198,99832,195,99358,195,99991,195,99323,195,100115,100,99155,100,100123,100,99011,100,100622,100,98876,200,100817,100,98775,100,100987,100,98684,100,101185,100,98595,100,,,98529,100
2019-06-28 10:03:55.856655873,99831,198,99560,198,99832,195,99358,195,99991,195,99323,195,100115,100,99211,100,100123,100,99155,100,100622,100,99011,100,100817,100,98876,200,100987,100,98775,100,101185,100,98684,100,,,98595,100
2019-06-28 10:04:00.000000000,99831,244,99560,244,99832,244,99358,244,99991,100,99323,100,100115,100,99211,100,100123,100,99155,100,100622,100,99011,100,100817,100,98876,200,100987,100,98775,100,101185,100,98684,100,,,98595,100
2019-06-28 10:04:09.620554552,99831,344,99560,244,99832,244,99358,244,99991,100,99323,100,100115,100,99211,100,100123,100,99155,100,100622,100,99011,100,100817,100,98876,200,100987,100,98775,100,101185,100,98684,100,,,98595,100
2019-06-28 10:04:10.000000000,99831,344,99560,244,99832,244,99358,244,99991,100,99323,100,100115,100,99211,100,100123,100,99155,100,100622,100,99011,100,100817,100,98876,200,100987,100,98775,100,101185,100,98684,100,,,98595,100
2019-06-28 10:04:12.037957421,99831,344,99560,244,99832,244,99358,244,99991,100,99323,100,100115,100,99292,100,100123,100,99211,100,100817,100,99155,100,100987,100,99011,100,101185,100,98876,200,,,98775,100,,,98684,100
2019-06-28 10:04:18.296477570,99831,344,99560,244,99832,244,99358,244,99991,100,99323,100,100115,100,99292,100,100123,100,99155,100,100817,100,99120,100,100987,100,99011,100,101185,100,98876,200,,,98775,100,,,98684,100
2019-06-28 10:04:20.000000000,99831,298,99560,198,99832,195,99358,195,99991,195,99323,195,100115,100,99292,100,100123,100,99155,100,100817,100,99120,100,100987,100,99011,100,101185,100,98876,200,,,98775,100,,,98684,100
2019-06-28 10:04:25.397638833,99831,298,99560,198,99832,195,99468,100,99991,195,99358,195,100115,100,99323,195,100123,100,99292,100,100987,100,99155,100,101185,100,99120,100,,,99011,100,,,98876,200,,,98775,100
2019-06-28 10:04:30.000000000,99831,344,99560,244,99832,244,99468,244,99991,100,99358,100,100115,100,99323,100,100123,100,99292,100,100987,100,99155,100,101185,100,99120,100,,,99011,100,,,98876,200,,,98775,100
2019-06-28 10:04:33.120142382,99831,344,99560,244,99832,244,99468,244,99991,100,99358,100,100115,100,99292,100,100123,100,99155,100,100987,100,99120,100,101185,100,99011,100,,,98876,200,,,98775,100,,,98684,100
2019-06-28 10:04:40.000000000,99831,298,99560,198,99832,195,99468,195,99991,195,99358,195,100115,100,99292,100,100123,100,99155,100,100987,100,99120,100,101185,100,99011,100,,,98876,200,,,98775,100,,,98684,100
2019-06-28 10:04:50.000000000,99831,272,99560,172,99832,172,99468,172,99991,172,99358,172,100115,172,99292,172,100123,100,99155,100,100987,100,99120,100,101185,100,99011,100,,,98876,200,,,98775,100,,,98684,100
2019-06-28 10:05:00.000000000,99831,488,99560,388,99832,100,99468,100,99991,100,99358,100,100115,100,99292,100,100123,100,99155,100,100987,100,99120,100,101185,100,99011,100,,,98876,200,,,98775,100,,,98684,100
2019-06-28 10:05:00.798407211,99831,488,99560,388,99832,100,99468,100,99991,100,99358,100,100123,100,99292,100,100987,100,99155,100,101185,100,99120,100,,,99011,100,,,98876,200,,,98775,100,,,98684,100
2019-06-28 10:05:08.339492589,99831,488,99560,388,99832,100,99468,100,99991,100,99358,100,100123,100,99292,100,100987,100,99155,100,101185,100,99120,100,,,99011,100,,,98906,100,,,98876,200,,,98775,100
2019-06-28 10:05:10.000000000,99831,298,99560,198,99832,195,99468,195,99991,195,99358,195,100123,100,99292,100,100987,100,99155,100,101185,100,99120,100,,,99011,100,,,98906,100,,,98876,200,,,98775,100
2019-06-28 10:05:20.000000000,99831,298,99560,198,99832,195,99468,195,99991,195,99358,195,100123,100,99292,100,100987,100,99155,100,101185,100,99120,100,,,99011,100,,,98906,100,,,98876,200,,,98775,100
2019-06-28 10:05:30.000000000,99831,272,99560,172,99832,172,99468,172,99991,172,99358,172,100123,172,99292,172,100987,100,99155,100,101185,100,99120,100,,,99011,100,,,98906,100,,,98876,200,,,98775,100
2019-06-28 10:05:40.000000000,99831,298,99560,198,99832,195,99468,195,99991,195,99358,195,100123,100,99292,100,100987,100,99155,100,101185,100,99120,100,,,99011,100,,,98906,100,,,98876,200,,,98775,100
2019-06-28 10:05:41.368603588,99831,298,99560,98,99832,195,99468,195,99991,195,99358,195,100123,100,99292,100,100987,100,99120,100,101185,100,99011,100,,,98906,100,,,98876,200,,,98775,100,,,98684,100
2019-06-28 10:05:46.479099134,99572,100,99560,98,99831,298,99468,195,99832,195,99358,195,99991,195,99292,100,100123,100,99120,100,100987,100,99011,100,101185,100,98906,100,,,98876,200,,,98775,100,,,98684,100
2019-06-28 10:05:50.000000000,99572,244,99468,244,99831,344,99358,244,99832,100,99292,100,99991,100,99120,100,100123,100,99011,100,100987,100,98906,100,101185,100,98876,200,,,98775,100,,,98684,100,,,98595,100
2019-06-28 10:06:00.000000000,99572,198,99468,198,99831,295,99358,195,99832,195,99292,195,99991,100,99120,100,100123,100,99011,100,100987,100,98906,100,101185,100,98876,200,,,98775,100,,,98684,100,,,98595,100
2019-06-28 10:06:10.000000000,99572,244,99468,244,99831,344,99358,244,99832,100,99292,100,99991,100,99120,100,100123,100,99011,100,100987,100,98906,100,101185,100,98876,200,,,98775,100,,,98684,100,,,98595,100
2019-06-28 10:06:13.462374315,99572,244,99468,144,99831,344,99358,244,99832,100,99292,100,99991,100,99120,100,100123,100,99011,100,100987,100,98906,100,101185,100,98876,200,,,98775,100,,,98684,100,,,98595,100
2019-06-28 10:06:20.000000000,99572,198,99358,198,99831,295,99292,195,99832,195,99120,195,99991,100,99011,100,100123,100,98906,100,100987,100,98876,200,101185,100,98775,100,,,98684,100,,,98595,100,,,98529,100
2019-06-28 10:06:23.063346586,99572,198,99358,198,99831,295,99292,195,99832,195,99120,195,99991,100,99044,100,100123,100,99011,100,100987,100,98906,100,101185,100,98876,200,,,98775,100,,,98684,100,,,98595,100
2019-06-28 10:06:30.000000000,99572,172,99358,172,99831,272,99292,172,99832,172,99120,172,99991,172,99044,172,100123,100,99011,100,100987,100,98906,100,101185,100,98876,200,,,98775,100,,,98684,100,,,98595,100
2019-06-28 10:06:40.000000000,99572,172,99358,172,99831,272,99292,172,99832,172,99120,172,99991,172,99044,172,100123,100,99011,100,100987,100,98906,100,101185,100,98876,200,,,98775,100,,,98684,100,,,98595,100
2019-06-28 10:06:46.936123041,99572,172,99358,72,99831,272,99292,172,99832,172,99120,172,99991,172,99044,172,100123,100,99011,100,100987,100,98906,100,101185,100,98876,200,,,98775,100,,,98684,100,,,98595,100
2019-06-28 10:06:50.000000000,99572,172,99292,172,99831,272,99120,172,99832,172,99044,172,99991,172,99011,172,100123,100,98906,100,100987,100,98876,200,101185,100,98775,100,,,98684,100,,,98595,100,,,98529,100
2019-06-28 10:07:00.000000000,99572,172,99292,172,99831,272,99120,172,99832,172,99044,172,99991,172,99011,172,100123,100,98906,100,100987,100,98876,200,101185,100,98775,100,,,98684,100,,,98595,100,,,98529,100
2019-06-28 10:07:10.000000000,99572,388,99292,388,99831,200,99120,100,99832,100,99044,100,99991,100,99011,100,100123,100,98906,100,100987,100,98876,200,101185,100,98775,100,,,98684,100,,,98595,100,,,98529,100
2019-06-28 10:07:20.000000000,99572,172,99292,172,99831,272,99120,172,99832,172,99044,172,99991,172,99011,172,100123,100,98906,100,100987,100,98876,200,101185,100,98775,100,,,98684,100,,,98595,100,,,98529,100
2019-06-28 10:07:26.396121302,99572,172,99292,172,99831,272,99138,100,99832,172,99120,172,99991,172,99044,172,100123,100,99011,172,100987,100,98906,100,101185,100,98876,200,,,98775,100,,,98684,100,,,98595,100
2019-06-28 10:07:27.247415128,99572,172,99310,100,99831,272,99292,172,99832,172,99138,100,99991,172,99120,172,100123,100,99044,172,100987,100,99011,172,101185,100,98906,100,,,98876,200,,,98775,100,,,98684,100
2019-06-28 10:07:30.000000000,99572,198,99310,198,99831,295,99292,195,99832,195,99138,195,99991,100,99120,100,100123,100,99044,100,100987,100,99011,100,101185,100,98906,100,,,98876,200,,,98775,100,,,98684,100
2019-06-28 10:07:40.000000000,99572,158,99310,158,99831,258,99292,158,99832,158,99138,158,99991,158,99120,158,100123,158,99044,158,100987,100,99011,100,101185,100,98906,100,,,98876,200,,,98775,100,,,98684,100
2019-06-28 10:07:47.508785436,99572,58,99310,158,99831,258,99292,158,99832,158,99138,58,99991,158,99120,158,100123,158,99044,158,100987,100,99011,100,101185,100,98906,100,,,98876,200,,,98775,100,,,98684,100
2019-06-28 10:07:50.000000000,99831,272,99310,172,99832,172,99292,172,99991,172,99120,172,100123,172,99044,172,100987,100,99011,100,101185,100,98906,100,,,98876,200,,,98775,100,,,98684,100,,,98595,100
2019-06-28 10:08:00.000000000,99831,272,99310,172,99832,172,99292,172,99991,172,99120,172,100123,172,99044,172,100987,100,99011,100,101185,100,98906,100,,,98876,200,,,98775,100,,,98684,100,,,98595,100
2019-06-28 10:08:10.000000000,99831,258,99310,158,99832,158,99292,158,99991,158,99120,158,100123,158,99044,158,100987,158,99011,158,101185,100,98906,100,,,98876,200,,,98775,100,,,98684,100,,,98595,100
2019-06-28 10:08:20.000000000,99831,298,99310,198,99832,195,99292,195,99991,195,99120,195,100123,100,99044,100,100987,100,99011,100,101185,100,98906,100,,,98876,200,,,98775,100,,,98684,100,,,98595,100
2019-06-28 10:08:30.000000000,99831,344,99310,244,99832,244,99292,244,99991,100,99120,100,100123,100,99044,100,100987,100,99011,100,101185,100,98906,100,,,98876,200,,,98775,100,,,98684,100,,,98595,100
2019-06-28 10:08:30.968455835,99831,344,99359,100,99832,244,99310,244,99991,100,99292,244,100123,100,99120,100,100987,100,99044,100,101185,100,99011,100,,,98906,100,,,98876,200,,,98775,100,,,98684,100
2019-06-28 10:08:31.893984053,99831,344,99359,100,99832,244,99310,244,99991,100,99292,244,100033,100,99120,100,100123,100,99044,100,100987,100,99011,100,,,98906,100,,,98876,200,,,98775,100,,,98684,100
2019-06-28 10:08:40.000000000,99831,344,99359,244,99832,244,99310,244,99991,100,99292,100,100033,100,99120,100,100123,100,99044,100,100987,100,99011,100,,,98906,100,,,98876,200,,,98775,100,,,98684,100
2019-06-28 10:08:41.918762915,99831,344,99359,244,99832,244,99310,244,99943,100,99292,100,99991,100,99120,100,100033,100,99044,100,100123,100,99011,100,100987,100,98906,100,,,98876,200,,,98775,100,,,98684,100
2019-06-28 10:08:50.000000000,99831,488,99359,388,99832,100,99310,100,99943,100,99292,100,99991,100,99120,100,100033,100,99044,100,100123,100,99011,100,100987,100,98906,100,,,98876,200,,,98775,100,,,98684,100
2019-06-28 10:09:00.000000000,99831,258,99359,158,99832,158,99310,158,99943,158,99292,158,99991,158,99120,158,100033,158,99044,158,100123,100,99011,100,100987,100,98906,100,,,98876,200,,,98775,100,,,98684,100
2019-06-28 10:09:04.230314979,99831,158,99359,158,99832,158,99310,158,99943,158,99292,158,99991,158,99120,158,100033,158,99044,158,100123,100,99011,100,100987,100,98906,100,,,98876,200,,,98775,100,,,98684,100
2019-06-28 10:09:10.000000000,99831,172,99359,172,99832,172,99310,172,99943,172,99292,172,99991,172,99120,172,100033,100,99044,100,100123,100,99011,100,100987,100,98906,100,,,98876,200,,,98775,100,,,98684,100
2019-06-28 10:09:20.000000000,99831,388,99359,388,99832,100,99310,100,99943,100,99292,100,99991,100,99120,100,100033,100,99044,100,100123,100,99011,100,100987,100,98906,100,,,98876,200,,,98775,100,,,98684,100
2019-06-28 10:09:30.000000000,99831,244,99359,244,99832,244,99310,244,99943,100,99292,100,99991,100,99120,100,100033,100,99044,100,100123,100,99011,100,100987,100,98906,100,,,98876,200,,,98775,100,,,98684,100
2019-06-28 10:09:40.000000000,99831,198,99359,198,99832,195,99310,195,99943,195,99292,195,99991,100,99120,100,100033,100,99044,100,100123,100,99011,100,100987,100,98906,100,,,98876,200,,,98775,100,,,98684,100
2019-06-28 10:09:45.048091021,99831,198,99359,198,99832,195,99310,195,99943,195,99292,195,99991,100,99120,100,100033,100,99044,100,100123,100,99011,100,100866,100,98906,100,100987,100,98876,200,,,98775,100,,,98684,100
2019-06-28 10:09:50.000000000,99831,244,99359,244,99832,244,99310,244,99943,100,99292,100,99991,100,99120,100,100033,100,99044,100,100123,100,99011,100,100866,100,98906,100,100987,100,98876,200,,,98775,100,,,98684,100
2019-06-28 10:09:54.328247590,99831,244,99359,244,99832,244,99310,244,99943,100,99292,100,99991,100,99120,100,100033,100,99044,100,100123,100,99011,100,100927,100,98906,100,100987,100,98876,200,,,98775,100,,,98684,100
2019-06-28 10:10:00.000000000,99831,388,99359,388,99832,100,99310,100,99943,100,99292,100,99991,100,99120,100,100033,100,99044,100,100123,100,99011,100,100927,100,98906,100,100987,100,98876,200,,,98775,100,,,98684,100
2019-06-28 10:10:10.000000000,99831,172,99359,172,99832,172,99310,172,99943,172,99292,172,99991,172,99120,172,100033,100,99044,100,100123,100,99011,100,100927,100,98906,100,100987,100,98876,200,,,98775,100,,,98684,100
2019-06-28 10:10:17.763340325,99831,172,99359,172,99832,172,99310,172,99943,172,99292,172,99991,172,99120,172,100033,100,99044,100,100123,100,99011,100,100527,100,98906,100,100927,100,98876,200,100987,100,98775,100,,,98684,100
2019-06-28 10:10:20.000000000,99831,198,99359,198,99832,195,99310,195,99943,195,99292,195,99991,100,99120,100,100033,100,99044,100,100123,100,99011,100,100527,100,98906,100,100927,100,98876,200,100987,100,98775,100,,,98684,100
2019-06-28 10:10:24.743770130,99831,98,99359,198,99832,195,99310,195,99943,195,99292,195,99991,100,99120,100,100033,100,99044,100,100123,100,99011,100,100527,100,98906,100,100927,100,98876,200,100987,100,98775,100,,,98684,100
2019-06-28 10:10:30.000000000,99832,244,99359,244,99943,244,99310,244,99991,100,99292,100,100033,100,99120,100,100123,100,99044,100,100527,100,99011,100,100927,100,98906,100,100987,100,98876,200,,,98775,100,,,98684,100
2019-06-28 10:10:30.296302791,99832,144,99359,244,99943,244,99310,244,99991,100,99292,100,100033,100,99120,100,100123,100,99044,100,100527,100,99011,100,100927,100,98906,100,100987,100,98876,200,,,98775,100,,,98684,100
2019-06-28 10:10:40.000000000,99943,244,99359,244,99991,244,99310,244,100033,100,99292,100,100123,100,99120,100,100527,100,99044,100,100927,100,99011,100,100987,100,98906,100,,,98876,200,,,98775,100,,,98684,100
2019-06-28 10:10:50.000000000,99943,172,99359,172,99991,172,99310,172,100033,172,99292,172,100123,172,99120,172,100527,100,99044,100,100927,100,99011,100,100987,100,98906,100,,,98876,200,,,98775,100,,,98684,100
