,ask_price_1,ask_size_1,bid_price_1,bid_size_1,ask_price_2,ask_size_2,bid_price_2,bid_size_2,ask_price_3,ask_size_3,bid_price_3,bid_size_3,ask_price_4,ask_size_4,bid_price_4,bid_size_4,ask_price_5,ask_size_5,bid_price_5,bid_size_5,ask_price_6,ask_size_6,bid_price_6,bid_size_6,ask_price_7,ask_size_7,bid_price_7,bid_size_7,ask_price_8,ask_size_8,bid_price_8,bid_size_8,ask_price_9,ask_size_9,bid_price_9,bid_size_9,ask_price_10,ask_size_10,bid_price_10,bid_size_10
2019-06-28 09:30:00.000000001,100076,100,,,,,,,,,,,,,,,,,,,,,,,,,,,,,,,,,,,,,,
2019-06-28 09:30:00.000000003,100076,100,99999,100,,,,,,,,,,,,,,,,,,,,,,,,,,,,,,,,,,,,
2019-06-28 09:30:00.000000005,100033,100,99999,100,100076,100,,,,,,,,,,,,,,,,,,,,,,,,,,,,,,,,,,
2019-06-28 09:30:00.000000009,100033,100,99902,100,100076,100,,,,,,,,,,,,,,,,,,,,,,,,,,,,,,,,,,
2019-06-28 09:30:00.000000012,100033,100,99902,100,100076,100,99804,100,,,,,,,,,,,,,,,,,,,,,,,,,,,,,,,,
2019-06-28 09:30:00.000000013,100033,100,99902,100,100060,100,99804,100,100076,100,,,,,,,,,,,,,,,,,,,,,,,,,,,,,,
2019-06-28 09:30:00.000000015,100033,100,99998,100,100060,100,99902,100,100076,100,99804,100,,,,,,,,,,,,,,,,,,,,,,,,,,,,
2019-06-28 09:30:00.000000016,100033,100,99998,100,100060,100,99902,100,100076,100,99876,100,,,99804,100,,,,,,,,,,,,,,,,,,,,,,,,
2019-06-28 09:30:00.000000017,100033,100,99998,100,100060,100,99902,100,100076,100,99876,100,100125,100,99804,100,,,,,,,,,,,,,,,,,,,,,,,,
2019-06-28 09:30:00.000000018,100033,100,99998,100,100060,100,99902,100,100076,100,99887,100,100125,100,99876,100,,,99804,100,,,,,,,,,,,,,,,,,,,,
2019-06-28 09:30:00.000000023,100028,100,99998,100,100033,100,99902,100,100060,100,99887,100,100076,100,99876,100,100125,100,99804,100,,,,,,,,,,,,,,,,,,,,
2019-06-28 09:30:00.000000026,100017,100,99998,100,100028,100,99943,100,100033,100,99902,100,100060,100,99887,100,100076,100,99876,100,100125,100,99804,100,,,,,,,,,,,,,,,,
2019-06-28 09:30:00.000000027,100017,100,99998,100,100028,100,99943,100,100033,100,99902,100,100060,100,99887,100,100067,100,99876,100,100076,100,99829,100,100125,100,99804,100,,,,,,,,,,,,
2019-06-28 09:30:00.000000028,100017,100,99998,100,100028,100,99943,100,100033,200,99938,100,100060,100,99902,100,100067,100,99887,100,100076,100,99876,100,100125,100,99829,100,,,99804,100,,,,,,,,
2019-06-28 09:30:00.000000029,100017,100,99943,100,100028,100,99938,100,100033,200,99902,100,100052,100,99887,100,100060,100,99876,100,100067,100,99829,100,100076,100,99804,100,100125,100,,,,,,,,,,
2019-06-28 09:30:00.000000031,100017,100,99938,100,100028,100,99902,100,100033,200,99887,100,100052,100,99876,100,100060,100,99829,100,100067,100,99804,100,100076,100,,,100125,100,,,,,,,,,,
2019-06-28 09:30:00.000000032,100017,100,99938,100,100028,100,99902,200,100033,200,99887,100,100052,100,99876,100,100060,100,99829,100,100067,100,99804,100,100076,100,,,100125,100,,,,,,,,,,
2019-06-28 09:30:00.000000036,100028,100,99938,100,100033,200,99902,200,100052,100,99887,100,100060,100,99876,100,100067,100,99829,100,100076,100,99804,100,100125,100,,,100131,100,,,,,,,,,,
2019-06-28 09:30:00.000000037,100028,100,99938,100,100033,200,99902,200,100052,100,99887,100,100060,100,99876,100,100067,100,99829,100,100076,100,99804,100,100125,100,,,100131,100,,,100206,100,,,,,,
2019-06-28 09:30:00.000000040,100028,100,99951,100,100033,200,99943,100,100052,100,99938,100,100060,100,99902,200,100067,100,99887,100,100076,100,99876,100,100125,100,99829,100,100131,100,99804,100,100206,100,,,,,,
2019-06-28 09:30:00.000000041,100017,100,99951,100,100028,100,99943,100,100033,200,99938,100,100052,100,99902,200,100060,100,99887,100,100067,100,99876,100,100076,100,99829,100,100125,100,99804,100,100131,100,,,100206,100,,
2019-06-28 09:30:00.000000042,100017,100,99951,100,100028,100,99943,100,100033,200,99938,100,100052,100,99902,200,100060,100,99901,100,100067,100,99887,100,100076,100,99876,100,100125,100,99829,100,100131,100,99804,100,100206,100,,
2019-06-28 09:30:00.000000048,100028,100,99951,100,100033,200,99943,100,100042,100,99938,100,100052,100,99902,200,100060,100,99901,100,100067,100,99887,100,100076,100,99876,100,100125,100,99829,100,100131,100,99804,100,100206,100,,
2019-06-28 09:30:00.000000051,100028,100,99951,100,100033,200,99943,100,100042,100,99938,100,100052,100,99902,200,100060,100,99901,100,100067,100,99887,100,100076,100,99876,100,100077,100,99829,100,100125,100,99804,100,100131,100,,
2019-06-28 09:30:00.000000052,100028,100,99951,100,100033,200,99943,100,100042,100,99938,100,100052,100,99902,200,100060,100,99901,100,100067,100,99899,100,100076,100,99887,100,100077,100,99876,100,100125,100,99829,100,100131,100,99804,100
2019-06-28 09:30:00.000000053,100028,100,99973,100,100033,200,99951,100,100042,100,99943,100,100052,100,99938,100,100060,100,99902,200,100067,100,99901,100,100076,100,99899,100,100077,100,99887,100,100125,100,99876,100,100131,100,99829,100
2019-06-28 09:30:00.000000054,100028,100,99973,100,100033,200,99951,100,100042,100,99943,100,100052,100,99938,100,100060,100,99902,200,100067,100,99901,100,100076,100,99899,100,100077,100,99894,100,100125,100,99887,100,100131,100,99876,100
2019-06-28 09:30:00.000000061,100028,100,99973,100,100033,200,99951,100,100042,100,99943,100,100052,100,99938,100,100060,100,99933,100,100067,100,99902,200,100076,100,99901,100,100077,100,99899,100,100125,100,99894,100,100131,100,99887,100
2019-06-28 09:30:00.000000062,100028,100,99973,100,100033,200,99951,100,100042,100,99943,100,100052,100,99938,100,100060,100,99933,100,100067,100,99902,200,100076,100,99901,100,100077,100,99900,100,100125,100,99899,100,100131,100,99894,100
2019-06-28 09:30:00.000000064,100028,100,99973,100,100033,200,99951,100,100042,100,99943,100,100052,100,99938,100,100060,100,99933,100,100067,100,99924,100,100076,100,99902,200,100077,100,99901,100,100125,100,99900,100,100131,100,99899,100
2019-06-28 09:30:00.000000066,100028,100,99973,100,100033,200,99951,100,100042,100,99943,100,100052,100,99938,100,100060,100,99933,100,100067,100,99924,100,100076,100,99902,200,100077,100,99901,100,100089,100,99900,100,100125,100,99899,100
2019-06-28 09:30:00.000000069,100033,200,99973,100,100042,100,99951,100,100052,100,99943,100,100060,100,99938,100,100067,100,99933,100,100076,100,99924,100,100077,100,99902,200,100089,100,99901,100,100125,100,99900,100,100131,100,99899,100
2019-06-28 09:30:00.000000071,100033,200,99951,100,100042,100,99943,100,100052,100,99938,100,100060,100,99933,100,100067,100,99924,100,100076,100,99902,200,100077,100,99901,100,100089,100,99900,100,100125,100,99899,100,100131,100,99894,100
2019-06-28 09:30:00.000000072,100033,200,99951,100,100042,100,99943,100,100052,100,99938,100,100060,100,99933,100,100067,100,99924,100,100076,100,99902,200,100077,100,99901,100,100089,100,99900,100,100125,100,99899,100,100131,100,99894,100
2019-06-28 09:30:00.000000073,100025,100,99951,100,100033,200,99943,100,100042,100,99938,100,100052,100,99933,100,100060,100,99924,100,100067,100,99902,200,100076,100,99901,100,100077,100,99900,100,100089,100,99899,100,100125,100,99894,100
2019-06-28 09:30:00.000000074,100025,100,99964,100,100033,200,99951,100,100042,100,99943,100,100052,100,99938,100,100059,100,99933,100,100060,100,99924,100,100067,100,99902,200,100076,100,99901,100,100077,100,99900,100,100089,100,99899,100
2019-06-28 09:30:00.000000075,100025,100,99964,100,100028,100,99951,100,100033,200,99943,100,100042,100,99938,100,100052,100,99933,100,100059,100,99924,100,100060,100,99902,200,100067,100,99901,100,100076,100,99900,100,100077,100,99899,100
2019-06-28 09:30:00.000000076,100025,100,99964,100,100028,100,99951,100,100033,200,99943,100,100042,100,99938,100,100052,100,99933,100,100059,100,99924,100,100060,100,99902,200,100067,100,99901,100,100076,100,99900,100,100077,100,99899,100
2019-06-28 09:30:00.000000078,100025,100,99964,100,100028,100,99951,100,100033,200,99943,100,100042,100,99938,100,100052,100,99933,100,100059,100,99924,100,100060,100,99902,200,100067,100,99901,100,100076,100,99900,100,100077,100,99899,100
2019-06-28 09:30:00.000000080,100025,100,99964,100,100028,100,99951,100,100033,200,99943,100,100042,100,99938,100,100052,100,99933,100,100059,100,99924,100,100060,100,99902,200,100067,100,99901,100,100076,100,99900,100,100077,100,99899,100
2019-06-28 09:30:00.000000081,100025,100,99964,100,100028,100,99951,100,100033,200,99944,100,100042,100,99943,100,100052,100,99938,100,100059,100,99933,100,100060,100,99924,100,100067,100,99902,200,100076,100,99901,100,100077,100,99900,100
2019-06-28 09:30:00.000000083,100025,100,99964,100,100028,200,99951,100,100033,200,99944,100,100042,100,99943,100,100052,100,99938,100,100059,100,99933,100,100060,100,99924,100,100067,100,99902,200,100076,100,99901,100,100077,100,99900,100
2019-06-28 09:30:00.000000084,100025,100,99973,100,100028,200,99964,100,100033,200,99951,100,100042,100,99944,100,100052,100,99943,100,100059,100,99938,100,100060,100,99933,100,100067,100,99924,100,100076,100,99902,200,100077,100,99901,100
2019-06-28 09:30:00.000000085,100025,100,99964,100,100028,200,99951,100,100033,200,99944,100,100042,100,99943,100,100052,100,99938,100,100059,100,99933,100,100060,100,99924,100,100067,100,99902,200,100076,100,99901,100,100077,100,99900,100
2019-06-28 09:30:00.000000088,100025,100,99964,100,100028,200,99951,100,100033,200,99944,100,100042,100,99943,100,100052,100,99938,100,100059,100,99933,100,100060,100,99924,100,100067,100,99902,200,100076,100,99901,100,100077,100,99900,100
2019-06-28 09:30:00.000000091,100025,100,99973,100,100028,200,99964,100,100033,200,99951,100,100042,100,99944,100,100052,100,99943,100,100059,100,99938,100,100060,100,99933,100,100067,100,99924,100,100076,100,99902,200,100077,100,99901,100
2019-06-28 09:30:00.000000093,100025,100,99964,100,100028,200,99951,100,100033,200,99944,100,100042,100,99943,100,100052,100,99938,100,100059,100,99933,100,100060,100,99924,100,100067,100,99902,200,100076,100,99901,100,100077,100,99900,100
2019-06-28 09:30:00.000000095,100025,100,99986,100,100028,200,99964,100,100033,200,99951,100,100042,100,99944,100,100052,100,99943,100,100059,100,99938,100,100060,100,99933,100,100067,100,99924,100,100076,100,99902,200,100077,100,99901,100
2019-06-28 09:30:00.000000096,100025,100,99986,100,100028,200,99964,100,100033,200,99951,100,100042,100,99944,100,100052,100,99943,100,100059,100,99938,100,100060,100,99933,100,100067,100,99924,100,100076,100,99902,200,100077,100,99901,100
2019-06-28 09:30:00.000000097,100028,200,99986,100,100033,200,99964,100,100042,100,99951,100,100052,100,99944,100,100059,100,99943,100,100060,100,99938,100,100067,100,99933,100,100076,100,99924,100,100077,100,99902,200,100088,100,99901,100
2019-06-28 09:30:00.000000098,100012,100,99986,100,100028,200,99969,100,100033,200,99964,100,100042,100,99951,100,100052,100,99944,100,100059,100,99943,100,100060,100,99938,100,100067,100,99933,100,100076,100,99924,100,100077,100,99902,200
2019-06-28 09:30:00.000000099,100012,100,99986,100,100028,200,99969,100,100033,200,99964,100,100042,100,99951,100,100052,100,99944,100,100059,100,99943,100,100060,100,99938,100,100067,100,99933,100,100072,100,99924,100,100076,100,99902,200
2019-06-28 09:30:10.000000000,100012,347,99986,347,100028,447,99969,347,100033,200,99964,100,100042,100,99951,100,100052,100,99944,100,100059,100,99943,100,100060,100,99938,100,100067,100,99933,100,100072,100,99924,100,100076,100,99902,200
2019-06-28 09:30:20.000000000,100012,268,99986,268,100028,363,99969,263,100033,363,99964,263,100042,100,99951,100,100052,100,99944,100,100059,100,99943,100,100060,100,99938,100,100067,100,99933,100,100072,100,99924,100,100076,100,99902,200
2019-06-28 09:30:28.961119793,100012,268,99986,68,100028,363,99969,263,100033,363,99964,263,100042,100,99951,100,100052,100,99944,100,100059,100,99943,100,100060,100,99938,100,100067,100,99933,100,100072,100,99924,100,100076,100,99902,200
2019-06-28 09:30:30.000000000,100012,347,99969,347,100028,447,99964,347,100033,200,99951,100,100042,100,99944,100,100052,100,99943,100,100059,100,99938,100,100060,100,99933,100,100067,100,99924,100,100072,100,99902,200,100076,100,99901,100
2019-06-28 09:30:30.837987985,99984,100,99969,347,100012,347,99964,347,100028,447,99951,100,100033,200,99944,100,100042,100,99943,100,100052,100,99938,100,100059,100,99933,100,100060,100,99924,100,100067,100,99902,200,100072,100,99901,100
2019-06-28 09:30:40.000000000,99984,594,99969,594,100012,100,99964,100,100028,200,99951,100,100033,200,99944,100,100042,100,99943,100,100052,100,99938,100,100059,100,99933,100,100060,100,99924,100,100067,100,99902,200,100072,100,99901,100
2019-06-28 09:30:50.000000000,99984,347,99969,347,100012,347,99964,347,100028,200,99951,100,100033,200,99944,100,100042,100,99943,100,100052,100,99938,100,100059,100,99933,100,100060,100,99924,100,100067,100,99902,200,100072,100,99901,100
2019-06-28 09:31:00.000000000,99984,199,99969,199,100012,199,99964,199,100028,299,99951,199,100033,299,99944,199,100042,199,99943,199,100052,100,99938,100,100059,100,99933,100,100060,100,99924,100,100067,100,99902,200,100072,100,99901,100
2019-06-28 09:31:10.000000000,99984,594,99969,594,100012,100,99964,100,100028,200,99951,100,100033,200,99944,100,100042,100,99943,100,100052,100,99938,100,100059,100,99933,100,100060,100,99924,100,100067,100,99902,200,100072,100,99901,100
2019-06-28 09:31:20.000000000,99984,268,99969,268,100012,263,99964,263,100028,363,99951,263,100033,200,99944,100,100042,100,99943,100,100052,100,99938,100,100059,100,99933,100,100060,100,99924,100,100067,100,99902,200,100072,100,99901,100
2019-06-28 09:31:30.000000000,99984,224,99969,224,100012,224,99964,224,100028,324,99951,224,100033,324,99944,224,100042,100,99943,100,100052,100,99938,100,100059,100,99933,100,100060,100,99924,100,100067,100,99902,200,100072,100,99901,100
2019-06-28 09:31:40.000000000,99984,199,99969,199,100012,199,99964,199,100028,299,99951,199,100033,299,99944,199,100042,199,99943,199,100052,100,99938,100,100059,100,99933,100,100060,100,99924,100,100067,100,99902,200,100072,100,99901,100
2019-06-28 09:31:50.000000000,99984,347,99969,347,100012,347,99964,347,100028,200,99951,100,100033,200,99944,100,100042,100,99943,100,100052,100,99938,100,100059,100,99933,100,100060,100,99924,100,100067,100,99902,200,100072,100,99901,100
2019-06-28 09:32:00.000000000,99984,347,99969,347,100012,347,99964,347,100028,200,99951,100,100033,200,99944,100,100042,100,99943,100,100052,100,99938,100,100059,100,99933,100,100060,100,99924,100,100067,100,99902,200,100072,100,99901,100
2019-06-28 09:32:10.000000000,99984,268,99969,268,100012,263,99964,263,100028,363,99951,263,100033,200,99944,100,100042,100,99943,100,100052,100,99938,100,100059,100,99933,100,100060,100,99924,100,100067,100,99902,200,100072,100,99901,100
2019-06-28 09:32:10.488900108,99984,268,99969,268,100012,263,99964,263,100028,363,99951,263,100033,200,99943,100,100042,100,99938,100,100052,100,99933,100,100059,100,99924,100,100060,100,99902,200,100067,100,99901,100,100072,100,99900,100
2019-06-28 09:32:20.000000000,99984,199,99969,199,100012,199,99964,199,100028,299,99951,199,100033,299,99943,199,100042,199,99938,199,100052,100,99933,100,100059,100,99924,100,100060,100,99902,200,100067,100,99901,100,100072,100,99900,100
2019-06-28 09:32:30.000000000,99984,594,99969,594,100012,100,99964,100,100028,200,99951,100,100033,200,99943,100,100042,100,99938,100,100052,100,99933,100,100059,100,99924,100,100060,100,99902,200,100067,100,99901,100,100072,100,99900,100
2019-06-28 09:32:30.547360299,99984,494,99969,594,100012,100,99964,100,100028,200,99951,100,100033,200,99943,100,100042,100,99938,100,100052,100,99933,100,100059,100,99924,100,100060,100,99902,200,100067,100,99901,100,100072,100,99900,100
2019-06-28 09:32:40.000000000,100012,224,99969,224,100028,324,99964,224,100033,324,99951,224,100042,224,99943,224,100052,100,99938,100,100059,100,99933,100,100060,100,99924,100,100067,100,99902,200,100072,100,99901,100,100076,100,99900,100
2019-06-28 09:32:50.000000000,100012,268,99969,268,100028,363,99964,263,100033,363,99951,263,100042,100,99943,100,100052,100,99938,100,100059,100,99933,100,100060,100,99924,100,100067,100,99902,200,100072,100,99901,100,100076,100,99900,100
2019-06-28 09:33:00.000000000,100012,199,99969,199,100028,299,99964,199,100033,299,99951,199,100042,199,99943,199,100052,199,99938,199,100059,100,99933,100,100060,100,99924,100,100067,100,99902,200,100072,100,99901,100,100076,100,99900,100
2019-06-28 09:33:10.000000000,100012,199,99969,199,100028,299,99964,199,100033,299,99951,199,100042,199,99943,199,100052,199,99938,199,100059,100,99933,100,100060,100,99924,100,100067,100,99902,200,100072,100,99901,100,100076,100,99900,100
2019-06-28 09:33:11.667381013,100012,99,99969,199,100028,299,99964,199,100033,299,99951,199,100042,199,99943,199,100052,199,99938,199,100059,100,99933,100,100060,100,99924,100,100067,100,99902,200,100072,100,99901,100,100076,100,99900,100
2019-06-28 09:33:15.089650413,100028,299,100012,1,100033,199,99969,199,100042,199,99964,199,100052,199,99951,199,100059,100,99943,199,100060,100,99938,199,100067,100,99933,100,100072,100,99924,100,100076,100,99902,200,100086,100,99901,100
2019-06-28 09:33:20.000000000,100028,447,100012,248,100033,347,99969,347,100042,100,99964,100,100052,100,99951,100,100059,100,99943,100,100060,100,99938,100,100067,100,99933,100,100072,100,99924,100,100076,100,99902,200,100086,100,99901,100
2019-06-28 09:33:30.000000000,100028,447,100012,248,100033,347,99969,347,100042,100,99964,100,100052,100,99951,100,100059,100,99943,100,100060,100,99938,100,100067,100,99933,100,100072,100,99924,100,100076,100,99902,200,100086,100,99901,100
2019-06-28 09:33:37.624677514,100028,447,100012,248,100033,347,99969,347,100042,100,99964,100,100059,100,99951,100,100060,100,99943,100,100067,100,99938,100,100072,100,99933,100,100076,100,99924,100,100086,100,99902,200,100088,100,99901,100
2019-06-28 09:33:40.000000000,100028,368,100012,169,100033,263,99969,263,100042,263,99964,263,100059,100,99951,100,100060,100,99943,100,100067,100,99938,100,100072,100,99933,100,100076,100,99924,100,100086,100,99902,200,100088,100,99901,100
2019-06-28 09:33:42.026276476,100028,368,100012,169,100033,263,99969,263,100042,263,99964,263,100059,100,99951,100,100060,100,99943,100,100067,100,99938,100,100072,100,99933,100,100076,100,99924,100,100086,100,99902,200,100089,100,99901,100
2019-06-28 09:33:50.000000000,100028,299,100012,100,100033,199,99969,199,100042,199,99964,199,100059,199,99951,199,100060,199,99943,199,100067,100,99938,100,100072,100,99933,100,100076,100,99924,100,100086,100,99902,200,100089,100,99901,100
2019-06-28 09:33:59.461023662,100028,199,100012,100,100033,199,99969,199,100042,199,99964,199,100059,199,99951,199,100060,199,99943,199,100067,100,99938,100,100072,100,99933,100,100076,100,99924,100,100086,100,99902,200,100089,100,99901,100
2019-06-28 09:34:00.000000000,100028,347,100012,248,100033,347,99969,347,100042,100,99964,100,100059,100,99951,100,100060,100,99943,100,100067,100,99938,100,100072,100,99933,100,100076,100,99924,100,100086,100,99902,200,100089,100,99901,100
2019-06-28 09:34:03.870864383,100028,347,100012,248,100033,347,99969,347,100042,100,99964,100,100059,100,99943,100,100060,100,99938,100,100067,100,99933,100,100072,100,99924,100,100076,100,99902,200,100086,100,99901,100,100089,100,99900,100
2019-06-28 09:34:10.000000000,100028,268,100012,169,100033,263,99969,263,100042,263,99964,263,100059,100,99943,100,100060,100,99938,100,100067,100,99933,100,100072,100,99924,100,100076,100,99902,200,100086,100,99901,100,100089,100,99900,100
2019-06-28 09:34:20.000000000,100028,224,100012,125,100033,224,99969,224,100042,224,99964,224,100059,224,99943,224,100060,100,99938,100,100067,100,99933,100,100072,100,99924,100,100076,100,99902,200,100086,100,99901,100,100089,100,99900,100
2019-06-28 09:34:30.000000000,100028,224,100012,125,100033,224,99969,224,100042,224,99964,224,100059,224,99943,224,100060,100,99938,100,100067,100,99933,100,100072,100,99924,100,100076,100,99902,200,100086,100,99901,100,100089,100,99900,100
2019-06-28 09:34:40.000000000,100028,347,100012,248,100033,347,99969,347,100042,100,99964,100,100059,100,99943,100,100060,100,99938,100,100067,100,99933,100,100072,100,99924,100,100076,100,99902,200,100086,100,99901,100,100089,100,99900,100
2019-06-28 09:34:50.000000000,100028,347,100012,248,100033,347,99969,347,100042,100,99964,100,100059,100,99943,100,100060,100,99938,100,100067,100,99933,100,100072,100,99924,100,100076,100,99902,200,100086,100,99901,100,100089,100,99900,100
2019-06-28 09:35:00.000000000,100028,199,100012,100,100033,199,99969,199,100042,199,99964,199,100059,199,99943,199,100060,199,99938,199,100067,100,99933,100,100072,100,99924,100,100076,100,99902,200,100086,100,99901,100,100089,100,99900,100
2019-06-28 09:35:01.568525331,100028,99,100012,100,100033,199,99969,199,100042,199,99964,199,100059,199,99943,199,100060,199,99938,199,100067,100,99933,100,100072,100,99924,100,100076,100,99902,200,100086,100,99900,100,100089,100,99899,100
2019-06-28 09:35:10.000000000,100033,199,100012,100,100042,199,99969,199,100059,199,99964,199,100060,199,99943,199,100067,199,99938,199,100072,100,99933,100,100076,100,99924,100,100086,100,99902,200,100089,100,99900,100,100091,100,99899,100
2019-06-28 09:35:14.354193911,100033,199,100012,100,100042,199,99969,199,100059,199,99964,199,100060,199,99943,199,100067,199,99938,199,100072,100,99933,100,100076,100,99924,100,100086,100,99902,200,100089,100,99900,100,100091,100,99894,100
2019-06-28 09:35:15.232562869,100033,199,100012,100,100042,199,99969,199,100059,199,99964,199,100060,199,99943,199,100067,199,99938,199,100072,100,99933,100,100076,100,99924,100,100086,100,99902,200,100089,100,99900,100,100091,100,99894,100
2019-06-28 09:35:20.000000000,100033,199,100012,100,100042,199,99969,199,100059,199,99964,199,100060,199,99943,199,100067,199,99938,199,100072,100,99933,100,100076,100,99924,100,100086,100,99902,200,100089,100,99900,100,100091,100,99894,100
2019-06-28 09:35:30.000000000,100033,347,100012,248,100042,347,99969,347,100059,100,99964,100,100060,100,99943,100,100067,100,99938,100,100072,100,99933,100,100076,100,99924,100,100086,100,99902,200,100089,100,99900,100,100091,100,99894,100
2019-06-28 09:35:37.385006026,100033,347,100012,248,100042,347,99969,347,100059,100,99964,100,100060,100,99943,100,100067,100,99938,100,100072,100,99933,100,100076,100,99924,100,100086,100,99902,200,100089,100,99900,100,100091,100,99894,100
2019-06-28 09:35:40.000000000,100033,347,100012,248,100042,347,99969,347,100059,100,99964,100,100060,100,99943,100,100067,100,99938,100,100072,100,99933,100,100076,100,99924,100,100086,100,99902,200,100089,100,99900,100,100091,100,99894,100
2019-06-28 09:35:50.000000000,100033,594,100012,495,100042,100,99969,100,100059,100,99964,100,100060,100,99943,100,100067,100,99938,100,100072,100,99933,100,100076,100,99924,100,100086,100,99902,200,100089,100,99900,100,100091,100,99894,100
2019-06-28 09:36:00.000000000,100033,594,100012,495,100042,100,99969,100,100059,100,99964,100,100060,100,99943,100,100067,100,99938,100,100072,100,99933,100,100076,100,99924,100,100086,100,99902,200,100089,100,99900,100,100091,100,99894,100
2019-06-28 09:36:06.612486190,100027,100,100012,495,100033,594,99969,100,100042,100,99964,100,100059,100,99943,100,100067,100,99938,100,100072,100,99933,100,100076,100,99924,100,100086,100,99902,200,100089,100,99900,100,100091,100,99894,100
2019-06-28 09:36:10.000000000,100027,594,100012,495,100033,100,99969,100,100042,100,99964,100,100059,100,99943,100,100067,100,99938,100,100072,100,99933,100,100076,100,99924,100,100086,100,99902,200,100089,100,99900,100,100091,100,99894,100
2019-06-28 09:36:14.421529537,100027,594,100012,395,100033,100,99969,100,100059,100,99964,100,100067,100,99943,100,100072,100,99938,100,100076,100,99933,100,100086,100,99924,100,100089,100,99902,200,100091,100,99900,100,100092,100,99894,100
2019-06-28 09:36:20.000000000,100027,268,99969,268,100033,263,99964,263,100059,263,99943,263,100067,100,99938,100,100072,100,99933,100,100076,100,99924,100,100086,100,99902,200,100089,100,99900,100,100091,100,99894,100,100092,100,99876,100
2019-06-28 09:36:30.000000000,100027,594,99969,594,100033,100,99964,100,100059,100,99943,100,100067,100,99938,100,100072,100,99933,100,100076,100,99924,100,100086,100,99902,200,100089,100,99900,100,100091,100,99894,100,100092,100,99876,100
2019-06-28 09:36:31.309551015,100027,594,99969,494,100033,100,99964,100,100059,100,99943,100,100067,100,99938,100,100072,100,99933,100,100076,100,99924,100,100086,100,99902,200,100089,100,99900,100,100091,100,99894,100,100092,100,99876,100
2019-06-28 09:36:34.603469802,100027,494,99969,494,100033,100,99964,100,100059,100,99943,100,100067,100,99938,100,100072,100,99933,100,100076,100,99924,100,100086,100,99902,200,100089,100,99900,100,100091,100,99894,100,100092,100,99876,100
2019-06-28 09:36:40.000000000,100033,268,99964,268,100059,263,99943,263,100067,263,99938,263,100072,100,99933,100,100076,100,99924,100,100086,100,99902,200,100089,100,99900,100,100091,100,99894,100,100092,100,99876,100,100113,100,99868,100
2019-06-28 09:36:45.247314455,100033,268,99964,268,100059,263,99943,263,100067,263,99938,263,100072,100,99933,100,100076,100,99924,100,100086,100,99902,200,100089,100,99900,100,100091,100,99894,100,100092,100,99876,100,100113,100,99868,100
2019-06-28 09:36:50.000000000,100033,347,99964,347,100059,347,99943,347,100067,100,99938,100,100072,100,99933,100,100076,100,99924,100,100086,100,99902,200,100089,100,99900,100,100091,100,99894,100,100092,100,99876,100,100113,100,99868,100
2019-06-28 09:36:55.940971696,100033,347,99964,247,100059,347,99943,347,100067,100,99938,100,100072,100,99933,100,100076,100,99924,100,100086,100,99902,200,100089,100,99900,100,100091,100,99894,100,100092,100,99876,100,100113,100,99868,100
2019-06-28 09:37:00.000000000,100033,594,99943,594,100059,100,99938,100,100067,100,99933,100,100072,100,99924,100,100076,100,99902,200,100086,100,99900,100,100089,100,99894,100,100091,100,99876,100,100092,100,99868,100,100113,100,99828,100
2019-06-28 09:37:10.000000000,100033,268,99943,268,100059,263,99938,263,100067,263,99933,263,100072,100,99924,100,100076,100,99902,200,100086,100,99900,100,100089,100,99894,100,100091,100,99876,100,100092,100,99868,100,100113,100,99828,100
2019-06-28 09:37:20.000000000,100033,268,99943,268,100059,263,99938,263,100067,263,99933,263,100072,100,99924,100,100076,100,99902,200,100086,100,99900,100,100089,100,99894,100,100091,100,99876,100,100092,100,99868,100,100113,100,99828,100
2019-06-28 09:37:30.000000000,100033,268,99943,268,100059,263,99938,263,100067,263,99933,263,100072,100,99924,100,100076,100,99902,200,100086,100,99900,100,100089,100,99894,100,100091,100,99876,100,100092,100,99868,100,100113,100,99828,100
2019-06-28 09:37:33.589352990,100033,268,99943,268,100059,263,99938,263,100067,263,99933,263,100072,100,99924,100,100076,100,99902,200,100086,100,99900,100,100089,100,99894,100,100091,100,99876,100,100092,100,99868,100,100113,100,99828,100
2019-06-28 09:37:40.000000000,100033,199,99943,199,100059,199,99938,199,100067,199,99933,199,100072,199,99924,199,100076,199,99902,299,100086,100,99900,100,100089,100,99894,100,100091,100,99876,100,100092,100,99868,100,100113,100,99828,100
2019-06-28 09:37:49.438962365,100033,199,99943,199,100059,199,99938,199,100067,199,99933,199,100072,199,99924,199,100076,199,99902,299,100086,100,99900,100,100089,100,99894,100,100091,100,99876,100,100092,100,99868,100,100113,100,99828,100
2019-06-28 09:37:50.000000000,100033,199,99943,199,100059,199,99938,199,100067,199,99933,199,100072,199,99924,199,100076,199,99902,299,100086,100,99900,100,100089,100,99894,100,100091,100,99876,100,100092,100,99868,100,100113,100,99828,100
2019-06-28 09:37:59.901764498,100033,199,99943,99,100059,199,99938,199,100067,199,99933,199,100072,199,99924,199,100076,199,99902,299,100086,100,99900,100,100089,100,99894,100,100091,100,99876,100,100092,100,99868,100,100113,100,99828,100
2019-06-28 09:38:00.000000000,100033,347,99938,347,100059,347,99933,347,100067,100,99924,100,100072,100,99902,200,100076,100,99900,100,100086,100,99894,100,100089,100,99876,100,100091,100,99868,100,100092,100,99828,100,100113,100,99804,100
2019-06-28 09:38:09.707219505,100033,347,99938,347,100059,347,99933,347,100067,100,99924,100,100072,100,99902,200,100076,100,99900,100,100086,100,99894,100,100089,100,99876,100,100091,100,99868,100,100113,100,99847,100,100125,100,99828,100
2019-06-28 09:38:10.000000000,100033,594,99938,594,100059,100,99933,100,100067,100,99924,100,100072,100,99902,200,100076,100,99900,100,100086,100,99894,100,100089,100,99876,100,100091,100,99868,100,100113,100,99847,100,100125,100,99828,100
2019-06-28 09:38:20.000000000,100033,224,99938,224,100059,224,99933,224,100067,224,99924,224,100072,224,99902,324,100076,100,99900,100,100086,100,99894,100,100089,100,99876,100,100091,100,99868,100,100113,100,99847,100,100125,100,99828,100
2019-06-28 09:38:30.000000000,100033,347,99938,347,100059,347,99933,347,100067,100,99924,100,100072,100,99902,200,100076,100,99900,100,100086,100,99894,100,100089,100,99876,100,100091,100,99868,100,100113,100,99847,100,100125,100,99828,100
2019-06-28 09:38:40.000000000,100033,199,99938,199,100059,199,99933,199,100067,199,99924,199,100072,199,99902,299,100076,199,99900,199,100086,100,99894,100,100089,100,99876,100,100091,100,99868,100,100113,100,99847,100,100125,100,99828,100
2019-06-28 09:38:50.000000000,100033,224,99938,224,100059,224,99933,224,100067,224,99924,224,100072,224,99902,324,100076,100,99900,100,100086,100,99894,100,100089,100,99876,100,100091,100,99868,100,100113,100,99847,100,100125,100,99828,100
2019-06-28 09:39:00.000000000,100033,224,99938,224,100059,224,99933,224,100067,224,99924,224,100072,224,99902,324,100076,100,99900,100,100086,100,99894,100,100089,100,99876,100,100091,100,99868,100,100113,100,99847,100,100125,100,99828,100
2019-06-28 09:39:10.000000000,100033,199,99938,199,100059,199,99933,199,100067,199,99924,199,100072,199,99902,299,100076,199,99900,199,100086,100,99894,100,100089,100,99876,100,100091,100,99868,100,100113,100,99847,100,100125,100,99828,100
2019-06-28 09:39:18.704618696,100033,199,99938,199,100059,199,99933,199,100067,199,99924,199,100072,199,99902,199,100076,199,99900,199,100086,100,99894,100,100089,100,99876,100,100091,100,99868,100,100113,100,99847,100,100125,100,99828,100
2019-06-28 09:39:20.000000000,100033,268,99938,268,100059,263,99933,263,100067,263,99924,263,100072,100,99902,100,100076,100,99900,100,100086,100,99894,100,100089,100,99876,100,100091,100,99868,100,100113,100,99847,100,100125,100,99828,100
2019-06-28 09:39:23.096793215,99964,100,99938,268,100033,268,99933,263,100059,263,99924,263,100067,263,99902,100,100072,100,99900,100,100076,100,99894,100,100086,100,99876,100,100089,100,99868,100,100091,100,99847,100,100113,100,99828,100
2019-06-28 09:39:23.926188691,99960,100,99938,268,99964,100,99933,263,100033,268,99924,263,100059,263,99902,100,100067,263,99900,100,100072,100,99894,100,100076,100,99876,100,100086,100,99868,100,100089,100,99847,100,100091,100,99828,100
2019-06-28 09:39:24.575484993,99960,100,99938,268,99964,100,99933,263,100033,268,99924,263,100059,263,99902,100,100067,263,99900,100,100072,100,99894,100,100076,100,99876,100,100086,100,99868,100,100089,100,99828,100,100091,100,99804,100
2019-06-28 09:39:25.305408613,99960,100,99938,268,99964,100,99933,263,100033,268,99924,263,100059,263,99902,100,100067,263,99900,100,100072,100,99894,100,100076,100,99876,100,100086,100,99868,100,100089,100,99828,100,100091,100,99823,100
2019-06-28 09:39:27.275011399,99964,100,99938,268,100033,268,99933,263,100059,263,99924,263,100067,263,99902,100,100072,100,99900,100,100076,100,99894,100,100086,100,99876,100,100091,100,99868,100,100113,100,99828,100,100125,100,99823,100
2019-06-28 09:39:30.000000000,99964,347,99938,347,100033,347,99933,347,100059,100,99924,100,100067,100,99902,100,100072,100,99900,100,100076,100,99894,100,100086,100,99876,100,100091,100,99868,100,100113,100,99828,100,100125,100,99823,100
2019-06-28 09:39:40.000000000,99964,594,99938,594,100033,100,99933,100,100059,100,99924,100,100067,100,99902,100,100072,100,99900,100,100076,100,99894,100,100086,100,99876,100,100091,100,99868,100,100113,100,99828,100,100125,100,99823,100
2019-06-28 09:39:50.000000000,99964,594,99938,594,100033,100,99933,100,100059,100,99924,100,100067,100,99902,100,100072,100,99900,100,100076,100,99894,100,100086,100,99876,100,100091,100,99868,100,100113,100,99828,100,100125,100,99823,100
2019-06-28 09:39:52.826234037,99964,594,99938,594,100033,100,99933,100,100059,100,99924,100,100067,100,99902,100,100072,100,99900,100,100076,100,99894,100,100086,100,99876,100,100091,100,99868,100,100113,100,99828,100,100125,100,99823,100
2019-06-28 09:40:00.000000000,99964,347,99938,347,100033,347,99933,347,100059,100,99924,100,100067,100,99902,100,100072,100,99900,100,100076,100,99894,100,100086,100,99876,100,100091,100,99868,100,100113,100,99828,100,100125,100,99823,100
2019-06-28 09:40:03.120707559,99964,347,99938,247,100033,347,99933,347,100059,100,99924,100,100067,100,99902,100,100072,100,99900,100,100076,100,99894,100,100086,100,99876,100,100091,100,99868,100,100113,100,99828,100,100125,100,99823,100
2019-06-28 09:40:10.000000000,99964,347,99933,347,100033,347,99924,347,100059,100,99902,100,100067,100,99900,100,100072,100,99894,100,100076,100,99876,100,100086,100,99868,100,100091,100,99828,100,100113,100,99823,100,100125,100,99804,100
2019-06-28 09:40:13.908754403,99964,347,99933,347,100033,347,99924,347,100059,100,99902,100,100067,100,99900,100,100072,100,99894,100,100076,100,99876,100,100086,100,99868,100,100091,100,99828,100,100113,100,99823,100,100150,100,99804,100
2019-06-28 09:40:16.236079011,99964,347,99933,347,100033,347,99924,347,100059,100,99902,100,100067,100,99900,100,100072,100,99894,100,100076,100,99889,100,100086,100,99876,100,100091,100,99868,100,100113,100,99828,100,100150,100,99823,100
2019-06-28 09:40:17.097293067,99960,100,99933,347,99964,347,99924,347,100033,347,99902,100,100059,100,99900,100,100067,100,99894,100,100072,100,99889,100,100076,100,99876,100,100086,100,99868,100,100091,100,99828,100,100113,100,99823,100
2019-06-28 09:40:20.000000000,99960,347,99933,347,99964,347,99924,347,100033,100,99902,100,100059,100,99900,100,100067,100,99894,100,100072,100,99889,100,100076,100,99876,100,100086,100,99868,100,100091,100,99828,100,100113,100,99823,100
2019-06-28 09:40:30.000000000,99960,224,99933,224,99964,224,99924,224,100033,224,99902,224,100059,224,99900,224,100067,100,99894,100,100072,100,99889,100,100076,100,99876,100,100086,100,99868,100,100091,100,99828,100,100113,100,99823,100
2019-06-28 09:40:40.000000000,99960,594,99933,594,99964,100,99924,100,100033,100,99902,100,100059,100,99900,100,100067,100,99894,100,100072,100,99889,100,100076,100,99876,100,100086,100,99868,100,100091,100,99828,100,100113,100,99823,100
2019-06-28 09:40:45.193775929,99960,494,99933,594,99964,100,99924,100,100033,100,99902,100,100059,100,99900,100,100067,100,99894,100,100072,100,99889,100,100076,100,99876,100,100086,100,99868,100,100091,100,99828,100,100113,100,99823,100
2019-06-28 09:40:48.886049566,99960,494,99939,100,99964,100,99933,594,100033,100,99924,100,100059,100,99902,100,100067,100,99900,100,100072,100,99894,100,100076,100,99889,100,100086,100,99876,100,100091,100,99868,100,100113,100,99828,100
2019-06-28 09:40:50.000000000,99964,224,99939,224,100033,224,99933,224,100059,224,99924,224,100067,224,99902,224,100072,100,99900,100,100076,100,99894,100,100086,100,99889,100,100091,100,99876,100,100113,100,99868,100,100150,100,99828,100
2019-06-28 09:40:56.146174165,99964,224,99939,224,100033,224,99933,224,100059,224,99924,224,100067,224,99902,224,100076,100,99900,100,100086,100,99894,100,100091,100,99889,100,100113,100,99876,100,100143,100,99868,100,100150,100,99828,100
2019-06-28 09:41:00.000000000,99964,594,99939,594,100033,100,99933,100,100059,100,99924,100,100067,100,99902,100,100076,100,99900,100,100086,100,99894,100,100091,100,99889,100,100113,100,99876,100,100143,100,99868,100,100150,100,99828,100
2019-06-28 09:41:06.152278197,99964,494,99939,594,100033,100,99933,100,100059,100,99924,100,100067,100,99902,100,100076,100,99900,100,100086,100,99894,100,100091,100,99889,100,100113,100,99876,100,100143,100,99868,100,100150,100,99828,100
2019-06-28 09:41:10.000000000,100033,224,99939,224,100059,224,99933,224,100067,224,99924,224,100076,224,99902,224,100086,100,99900,100,100091,100,99894,100,100113,100,99889,100,100143,100,99876,100,100150,100,99868,100,100151,100,99828,100
2019-06-28 09:41:20.000000000,100033,347,99939,347,100059,347,99933,347,100067,100,99924,100,100076,100,99902,100,100086,100,99900,100,100091,100,99894,100,100113,100,99889,100,100143,100,99876,100,100150,100,99868,100,100151,100,99828,100
2019-06-28 09:41:30.000000000,100033,268,99939,268,100059,263,99933,263,100067,263,99924,263,100076,100,99902,100,100086,100,99900,100,100091,100,99894,100,100113,100,99889,100,100143,100,99876,100,100150,100,99868,100,100151,100,99828,100
2019-06-28 09:41:40.000000000,100033,347,99939,347,100059,347,99933,347,100067,100,99924,100,100076,100,99902,100,100086,100,99900,100,100091,100,99894,100,100113,100,99889,100,100143,100,99876,100,100150,100,99868,100,100151,100,99828,100
2019-06-28 09:41:50.000000000,100033,268,99939,268,100059,263,99933,263,100067,263,99924,263,100076,100,99902,100,100086,100,99900,100,100091,100,99894,100,100113,100,99889,100,100143,100,99876,100,100150,100,99868,100,100151,100,99828,100
2019-06-28 09:42:00.000000000,100033,199,99939,199,100059,199,99933,199,100067,199,99924,199,100076,199,99902,199,100086,199,99900,199,100091,100,99894,100,100113,100,99889,100,100143,100,99876,100,100150,100,99868,100,100151,100,99828,100
2019-06-28 09:42:05.168394250,100033,99,99939,199,100059,199,99933,199,100067,199,99924,199,100076,199,99902,199,100086,199,99900,99,100091,100,99894,100,100113,100,99889,100,100143,100,99876,100,100150,100,99868,100,100151,100,99828,100
2019-06-28 09:42:08.610422373,100059,199,100033,1,100067,199,99939,199,100076,199,99933,199,100086,199,99924,199,100091,100,99902,199,100113,100,99900,99,100143,100,99889,100,100150,100,99876,100,100151,100,99868,100,100179,100,99828,100
2019-06-28 09:42:09.115179908,100059,99,100033,1,100067,199,99939,199,100076,199,99933,199,100086,199,99924,199,100091,100,99902,199,100113,100,99900,99,100150,100,99889,100,100151,100,99876,100,100179,100,99868,100,100205,100,99828,100
2019-06-28 09:42:10.000000000,100067,199,100033,100,100076,199,99939,199,100086,199,99933,199,100091,199,99924,199,100113,199,99902,199,100150,100,99889,100,100151,100,99876,100,100179,100,99868,100,100205,100,99828,100,100206,100,99823,100
2019-06-28 09:42:20.000000000,100067,594,100033,495,100076,100,99939,100,100086,100,99933,100,100091,100,99924,100,100113,100,99902,100,100150,100,99889,100,100151,100,99876,100,100179,100,99868,100,100205,100,99828,100,100206,100,99823,100
2019-06-28 09:42:25.632267421,100067,494,100033,495,100076,100,99939,100,100086,100,99933,100,100091,100,99924,100,100113,100,99902,100,100150,100,99889,100,100151,100,99876,100,100179,100,99868,100,100205,100,99828,100,100206,100,99823,100
2019-06-28 09:42:30.000000000,100076,594,100033,495,100086,100,99939,100,100091,100,99933,100,100113,100,99924,100,100150,100,99902,100,100151,100,99889,100,100179,100,99876,100,100205,100,99868,100,100206,100,99828,100,101181,100,99823,100
2019-06-28 09:42:34.270243768,100076,494,100033,495,100086,100,99939,100,100091,100,99933,100,100113,100,99924,100,100150,100,99902,100,100151,100,99889,100,100179,100,99876,100,100205,100,99868,100,100206,100,99828,100,101181,100,99823,100
2019-06-28 09:42:34.418432014,100076,494,100033,495,100086,100,99939,100,100091,100,99933,100,100113,100,99924,100,100150,100,99902,100,100151,100,99889,100,100179,100,99876,100,100205,100,99868,100,100206,100,99828,100,100558,100,99823,100
2019-06-28 09:42:40.000000000,100086,224,100033,125,100091,224,99939,224,100113,224,99933,224,100150,224,99924,224,100151,100,99902,100,100179,100,99889,100,100205,100,99876,100,100206,100,99868,100,100558,100,99828,100,101181,100,99823,100
2019-06-28 09:42:40.181578725,100086,224,100067,100,100091,224,100033,125,100113,224,99939,224,100150,224,99933,224,100151,100,99924,224,100179,100,99902,100,100205,100,99889,100,100206,100,99876,100,100558,100,99868,100,101181,100,99828,100
2019-06-28 09:42:43.162068621,100086,224,100067,100,100091,224,100033,125,100113,224,99939,224,100150,224,99933,224,100151,100,99924,224,100179,100,99902,100,100205,100,99889,100,100206,100,99876,100,100394,100,99868,100,100558,100,99828,100
2019-06-28 09:42:50.000000000,100086,268,100067,268,100091,263,100033,164,100113,263,99939,263,100150,100,99933,100,100151,100,99924,100,100179,100,99902,100,100205,100,99889,100,100206,100,99876,100,100394,100,99868,100,100558,100,99828,100
2019-06-28 09:42:56.824947654,100086,268,100067,268,100091,263,100033,164,100113,263,99939,163,100150,100,99933,100,100151,100,99924,100,100179,100,99902,100,100205,100,99889,100,100206,100,99876,100,100394,100,99868,100,100558,100,99828,100
2019-06-28 09:42:58.854649260,100086,268,100067,268,100091,263,100033,164,100113,263,99939,163,100150,100,99933,100,100151,100,99924,100,100179,100,99902,100,100205,100,99889,100,100206,100,99876,100,100369,100,99868,100,100394,100,99828,100
2019-06-28 09:43:00.000000000,100086,347,100067,347,100091,347,100033,248,100113,100,99933,100,100150,100,99924,100,100151,100,99902,100,100179,100,99889,100,100205,100,99876,100,100206,100,99868,100,100369,100,99828,100,100394,100,99823,100
2019-06-28 09:43:10.000000000,100086,594,100067,594,100091,100,100033,1,100113,100,99933,100,100150,100,99924,100,100151,100,99902,100,100179,100,99889,100,100205,100,99876,100,100206,100,99868,100,100369,100,99828,100,100394,100,99823,100
2019-06-28 09:43:20.000000000,100086,224,100067,224,100091,224,100033,125,100113,224,99933,224,100150,224,99924,224,100151,100,99902,100,100179,100,99889,100,100205,100,99876,100,100206,100,99868,100,100369,100,99828,100,100394,100,99823,100
2019-06-28 09:43:30.000000000,100086,268,100067,268,100091,263,100033,164,100113,263,99933,263,100150,100,99924,100,100151,100,99902,100,100179,100,99889,100,100205,100,99876,100,100206,100,99868,100,100369,100,99828,100,100394,100,99823,100
2019-06-28 09:43:40.000000000,100086,347,100067,347,100091,347,100033,248,100113,100,99933,100,100150,100,99924,100,100151,100,99902,100,100179,100,99889,100,100205,100,99876,100,100206,100,99868,100,100369,100,99828,100,100394,100,99823,100
2019-06-28 09:43:45.228374264,100086,347,100067,247,100091,347,100033,248,100113,100,99933,100,100150,100,99924,100,100151,100,99902,100,100179,100,99889,100,100205,100,99876,100,100206,100,99868,100,100369,100,99828,100,100394,100,99823,100
2019-06-28 09:43:49.394886745,100086,347,100067,247,100091,347,100033,248,100113,100,99969,100,100150,100,99933,100,100151,100,99924,100,100179,100,99902,100,100205,100,99889,100,100206,100,99876,100,100369,100,99868,100,100394,100,99828,100
2019-06-28 09:43:50.000000000,100086,594,100033,495,100091,100,99969,100,100113,100,99933,100,100150,100,99924,100,100151,100,99902,100,100179,100,99889,100,100205,100,99876,100,100206,100,99868,100,100369,100,99828,100,100394,100,99823,100
2019-06-28 09:44:00.000000000,100086,224,100033,125,100091,224,99969,224,100113,224,99933,224,100150,224,99924,224,100151,100,99902,100,100179,100,99889,100,100205,100,99876,100,100206,100,99868,100,100369,100,99828,100,100394,100,99823,100
2019-06-28 09:44:10.000000000,100086,199,100033,100,100091,199,99969,199,100113,199,99933,199,100150,199,99924,199,100151,199,99902,199,100179,100,99889,100,100205,100,99876,100,100206,100,99868,100,100369,100,99828,100,100394,100,99823,100
2019-06-28 09:44:20.000000000,100086,347,100033,248,100091,347,99969,347,100113,100,99933,100,100150,100,99924,100,100151,100,99902,100,100179,100,99889,100,100205,100,99876,100,100206,100,99868,100,100369,100,99828,100,100394,100,99823,100
2019-06-28 09:44:30.000000000,100086,594,100033,495,100091,100,99969,100,100113,100,99933,100,100150,100,99924,100,100151,100,99902,100,100179,100,99889,100,100205,100,99876,100,100206,100,99868,100,100369,100,99828,100,100394,100,99823,100
2019-06-28 09:44:40.000000000,100086,224,100033,125,100091,224,99969,224,100113,224,99933,224,100150,224,99924,224,100151,100,99902,100,100179,100,99889,100,100205,100,99876,100,100206,100,99868,100,100369,100,99828,100,100394,100,99823,100
2019-06-28 09:44:45.035257291,100086,224,100033,25,100091,224,99969,224,100113,224,99933,224,100150,224,99924,224,100151,100,99902,100,100179,100,99889,100,100205,100,99876,100,100206,100,99868,100,100369,100,99828,100,100558,100,99823,100
2019-06-28 09:44:50.000000000,100086,268,99969,268,100091,263,99933,263,100113,263,99924,263,100150,100,99902,100,100151,100,99889,100,100179,100,99876,100,100205,100,99868,100,100206,100,99828,100,100369,100,99823,100,100558,100,99804,100
2019-06-28 09:44:51.541365650,100086,268,99969,268,100091,263,99933,263,100113,263,99924,263,100150,100,99902,100,100151,100,99889,100,100179,100,99876,100,100205,100,99868,100,100206,100,99828,100,100244,100,99823,100,100369,100,99804,100
2019-06-28 09:44:56.647718134,100086,268,99969,268,100091,263,99933,263,100113,263,99924,263,100149,100,99902,100,100150,100,99889,100,100151,100,99876,100,100205,100,99868,100,100206,100,99828,100,100244,100,99823,100,100369,100,99804,100
2019-06-28 09:44:58.975227784,100036,100,99969,268,100086,268,99933,263,100091,263,99924,263,100113,263,99902,100,100149,100,99889,100,100150,100,99876,100,100151,100,99868,100,100205,100,99828,100,100206,100,99823,100,100244,100,99804,100
2019-06-28 09:45:00.000000000,100036,199,99969,199,100086,199,99933,199,100091,199,99924,199,100113,199,99902,199,100149,199,99889,199,100150,100,99876,100,100151,100,99868,100,100205,100,99828,100,100206,100,99823,100,100244,100,99804,100
2019-06-28 09:45:01.990403881,100036,99,99969,199,100086,199,99933,199,100091,199,99924,199,100113,199,99902,199,100149,199,99889,199,100150,100,99876,100,100151,100,99868,100,100205,100,99828,100,100206,100,99823,100,100244,100,99804,100
2019-06-28 09:45:10.000000000,100086,199,99969,199,100091,199,99933,199,100113,199,99924,199,100149,199,99902,199,100150,199,99889,199,100151,100,99876,100,100205,100,99868,100,100206,100,99828,100,100244,100,99823,100,100369,100,99804,100
2019-06-28 09:45:20.000000000,100086,594,99969,594,100091,100,99933,100,100113,100,99924,100,100149,100,99902,100,100150,100,99889,100,100151,100,99876,100,100205,100,99868,100,100206,100,99828,100,100244,100,99823,100,100369,100,99804,100
2019-06-28 09:45:21.133399129,100068,100,99969,594,100086,594,99933,100,100091,100,99924,100,100113,100,99902,100,100149,100,99889,100,100150,100,99876,100,100151,100,99868,100,100205,100,99828,100,100206,100,99823,100,100244,100,99804,100
2019-06-28 09:45:21.596339505,100035,100,99969,594,100068,100,99933,100,100086,594,99924,100,100091,100,99902,100,100113,100,99889,100,100149,100,99876,100,100150,100,99868,100,100151,100,99828,100,100205,100,99823,100,100206,100,99804,100
2019-06-28 09:45:24.523888067,100035,100,99983,100,100068,100,99969,594,100086,594,99933,100,100091,100,99924,100,100113,100,99889,100,100149,100,99876,100,100150,100,99868,100,100151,100,99828,100,100205,100,99823,100,100206,100,99804,100
2019-06-28 09:45:30.000000000,100035,199,99983,199,100068,199,99969,199,100086,199,99933,199,100091,199,99924,199,100113,199,99889,199,100149,100,99876,100,100150,100,99868,100,100151,100,99828,100,100205,100,99823,100,100206,100,99804,100
2019-06-28 09:45:40.000000000,100035,347,99983,347,100068,347,99969,347,100086,100,99933,100,100091,100,99924,100,100113,100,99889,100,100149,100,99876,100,100150,100,99868,100,100151,100,99828,100,100205,100,99823,100,100206,100,99804,100
2019-06-28 09:45:50.000000000,100035,347,99983,347,100068,347,99969,347,100086,100,99933,100,100091,100,99924,100,100113,100,99889,100,100149,100,99876,100,100150,100,99868,100,100151,100,99828,100,100205,100,99823,100,100206,100,99804,100
2019-06-28 09:46:00.000000000,100035,268,99983,268,100068,263,99969,263,100086,263,99933,263,100091,100,99924,100,100113,100,99889,100,100149,100,99876,100,100150,100,99868,100,100151,100,99828,100,100205,100,99823,100,100206,100,99804,100
2019-06-28 09:46:02.355521025,100035,268,100034,100,100068,263,99983,268,100086,263,99969,263,100091,100,99933,263,100113,100,99924,100,100149,100,99889,100,100150,100,99876,100,100151,100,99868,100,100205,100,99828,100,100206,100,99823,100
2019-06-28 09:46:06.724531654,100035,268,100034,100,100068,263,99983,268,100086,263,99969,263,100091,100,99933,263,100113,100,99924,100,100149,100,99889,100,100150,100,99876,100,100151,100,99868,100,100205,100,99828,100,100206,100,99823,100
2019-06-28 09:46:10.000000000,100035,268,100034,268,100068,263,99983,263,100086,263,99969,263,100091,100,99933,100,100113,100,99924,100,100149,100,99889,100,100150,100,99876,100,100151,100,99868,100,100205,100,99828,100,100206,100,99823,100
2019-06-28 09:46:18.310182469,100035,168,100034,268,100068,263,99983,263,100086,263,99969,263,100091,100,99933,100,100113,100,99924,100,100149,100,99889,100,100150,100,99876,100,100151,100,99868,100,100205,100,99828,100,100206,100,99823,100
2019-06-28 09:46:20.000000000,100068,594,100034,594,100086,100,99983,100,100091,100,99969,100,100113,100,99933,100,100149,100,99924,100,100150,100,99889,100,100151,100,99876,100,100205,100,99868,100,100206,100,99828,100,100244,100,99823,100
2019-06-28 09:46:30.000000000,100068,594,100034,594,100086,100,99983,100,100091,100,99969,100,100113,100,99933,100,100149,100,99924,100,100150,100,99889,100,100151,100,99876,100,100205,100,99868,100,100206,100,99828,100,100244,100,99823,100
2019-06-28 09:46:30.154600097,100068,594,100055,100,100086,100,100034,594,100091,100,99983,100,100113,100,99933,100,100149,100,99924,100,100150,100,99889,100,100151,100,99876,100,100205,100,99868,100,100206,100,99828,100,100244,100,99823,100
2019-06-28 09:46:32.178076812,100068,594,100055,100,100086,100,100034,594,100091,100,99983,100,100113,100,99933,100,100149,100,99924,100,100150,100,99889,100,100151,100,99876,100,100205,100,99868,100,100206,100,99849,100,100244,100,99828,100
2019-06-28 09:46:40.000000000,100068,594,100055,594,100086,100,100034,100,100091,100,99983,100,100113,100,99933,100,100149,100,99924,100,100150,100,99889,100,100151,100,99876,100,100205,100,99868,100,100206,100,99849,100,100244,100,99828,100
2019-06-28 09:46:50.000000000,100068,224,100055,224,100086,224,100034,224,100091,224,99983,224,100113,224,99933,224,100149,100,99924,100,100150,100,99889,100,100151,100,99876,100,100205,100,99868,100,100206,100,99849,100,100244,100,99828,100
2019-06-28 09:46:59.285505795,100068,224,100055,224,100086,224,100034,224,100091,224,99983,224,100113,224,99933,124,100149,100,99924,100,100150,100,99889,100,100151,100,99876,100,100205,100,99868,100,100206,100,99849,100,100244,100,99828,100
2019-06-28 09:47:00.000000000,100068,224,100055,224,100086,224,100034,224,100091,224,99983,224,100113,224,99924,224,100149,100,99889,100,100150,100,99876,100,100151,100,99868,100,100205,100,99849,100,100206,100,99828,100,100244,100,99823,100
2019-06-28 09:47:10.000000000,100068,224,100055,224,100086,224,100034,224,100091,224,99983,224,100113,224,99924,224,100149,100,99889,100,100150,100,99876,100,100151,100,99868,100,100205,100,99849,100,100206,100,99828,100,100244,100,99823,100
2019-06-28 09:47:11.632746717,100068,224,100055,224,100086,224,100035,100,100091,224,100034,224,100113,224,99983,224,100149,100,99924,224,100150,100,99889,100,100151,100,99876,100,100205,100,99868,100,100206,100,99849,100,100244,100,99828,100
2019-06-28 09:47:20.000000000,100068,268,100055,268,100086,263,100035,263,100091,263,100034,263,100113,100,99983,100,100149,100,99924,100,100150,100,99889,100,100151,100,99876,100,100205,100,99868,100,100206,100,99849,100,100244,100,99828,100
2019-06-28 09:47:20.033797881,100068,268,100055,268,100086,263,100035,363,100091,263,100034,263,100113,100,99983,100,100149,100,99924,100,100150,100,99889,100,100151,100,99876,100,100205,100,99868,100,100206,100,99849,100,100244,100,99828,100
2019-06-28 09:47:22.141336817,100068,268,100055,268,100086,263,100035,363,100091,263,100034,263,100113,100,99983,100,100149,100,99924,100,100150,100,99889,100,100151,100,99876,100,100205,100,99868,100,100206,100,99828,100,100244,100,99823,100
2019-06-28 09:47:30.000000000,100068,347,100055,347,100086,347,100035,447,100091,100,100034,100,100113,100,99983,100,100149,100,99924,100,100150,100,99889,100,100151,100,99876,100,100205,100,99868,100,100206,100,99828,100,100244,100,99823,100
2019-06-28 09:47:40.000000000,100068,347,100055,347,100086,347,100035,447,100091,100,100034,100,100113,100,99983,100,100149,100,99924,100,100150,100,99889,100,100151,100,99876,100,100205,100,99868,100,100206,100,99828,100,100244,100,99823,100
2019-06-28 09:47:42.452537674,100068,247,100055,347,100086,347,100035,447,100091,100,100034,100,100113,100,99983,100,100149,100,99924,100,100150,100,99889,100,100151,100,99876,100,100205,100,99868,100,100206,100,99828,100,100244,100,99823,100
2019-06-28 09:47:45.753397911,100068,147,100055,347,100086,347,100035,447,100091,100,100034,100,100113,100,99983,100,100149,100,99924,100,100150,100,99889,100,100151,100,99876,100,100205,100,99868,100,100206,100,99828,100,100244,100,99823,100
2019-06-28 09:47:50.000000000,100086,224,100055,224,100091,224,100035,324,100113,224,100034,224,100149,224,99983,224,100150,100,99924,100,100151,100,99889,100,100205,100,99876,100,100206,100,99868,100,100244,100,99828,100,100290,100,99823,100
2019-06-28 09:48:00.000000000,100086,199,100055,199,100091,199,100035,299,100113,199,100034,199,100149,199,99983,199,100150,199,99924,199,100151,100,99889,100,100205,100,99876,100,100206,100,99868,100,100244,100,99828,100,100290,100,99823,100
2019-06-28 09:48:10.000000000,100086,224,100055,224,100091,224,100035,324,100113,224,100034,224,100149,224,99983,224,100150,100,99924,100,100151,100,99889,100,100205,100,99876,100,100206,100,99868,100,100244,100,99828,100,100290,100,99823,100
2019-06-28 09:48:12.127969736,100086,224,100068,100,100091,224,100055,224,100113,224,100035,324,100149,224,100034,224,100150,100,99983,224,100151,100,99924,100,100205,100,99889,100,100206,100,99876,100,100244,100,99868,100,100290,100,99828,100
2019-06-28 09:48:16.777331287,100086,224,100068,100,100091,224,100055,224,100113,224,100035,324,100149,224,100034,224,100150,100,99983,224,100151,100,99924,100,100205,100,99889,100,100206,100,99876,100,100244,100,99868,100,100290,100,99828,100
2019-06-28 09:48:20.000000000,100086,199,100068,199,100091,199,100055,199,100113,199,100035,299,100149,199,100034,199,100150,199,99983,199,100151,100,99924,100,100205,100,99889,100,100206,100,99876,100,100244,100,99868,100,100290,100,99828,100
2019-06-28 09:48:24.912298318,100086,199,100068,199,100091,199,100055,199,100113,199,100035,299,100149,199,100034,199,100150,199,99983,199,100151,100,99924,100,100205,100,99889,100,100206,100,99876,100,100244,100,99868,100,100290,100,99828,100
2019-06-28 09:48:30.000000000,100086,594,100068,594,100091,100,100055,100,100113,100,100035,200,100149,100,100034,100,100150,100,99983,100,100151,100,99924,100,100205,100,99889,100,100206,100,99876,100,100244,100,99868,100,100290,100,99828,100
2019-06-28 09:48:40.000000000,100086,268,100068,268,100091,263,100055,263,100113,263,100035,363,100149,100,100034,100,100150,100,99983,100,100151,100,99924,100,100205,100,99889,100,100206,100,99876,100,100244,100,99868,100,100290,100,99828,100
2019-06-28 09:48:50.000000000,100086,594,100068,594,100091,100,100055,100,100113,100,100035,200,100149,100,100034,100,100150,100,99983,100,100151,100,99924,100,100205,100,99889,100,100206,100,99876,100,100244,100,99868,100,100290,100,99828,100
2019-06-28 09:48:52.290264351,100086,594,100068,594,100091,100,100055,100,100113,100,100035,200,100149,100,100034,100,100150,100,99983,100,100151,100,99924,100,100205,100,99889,100,100206,100,99876,100,100244,100,99868,100,100290,100,99828,100
2019-06-28 09:48:58.486580966,100086,594,100068,594,100091,100,100055,100,100113,100,100035,200,100149,100,100034,100,100150,100,99983,100,100151,100,99924,100,100205,100,99889,100,100206,100,99876,100,100244,100,99868,100,100290,100,99828,100
2019-06-28 09:49:00.000000000,100086,594,100068,594,100091,100,100055,100,100113,100,100035,200,100149,100,100034,100,100150,100,99983,100,100151,100,99924,100,100205,100,99889,100,100206,100,99876,100,100244,100,99868,100,100290,100,99828,100
2019-06-28 09:49:10.000000000,100086,347,100068,347,100091,347,100055,347,100113,100,100035,200,100149,100,100034,100,100150,100,99983,100,100151,100,99924,100,100205,100,99889,100,100206,100,99876,100,100244,100,99868,100,100290,100,99828,100
2019-06-28 09:49:20.000000000,100086,347,100068,347,100091,347,100055,347,100113,100,100035,200,100149,100,100034,100,100150,100,99983,100,100151,100,99924,100,100205,100,99889,100,100206,100,99876,100,100244,100,99868,100,100290,100,99828,100
2019-06-28 09:49:30.000000000,100086,199,100068,199,100091,199,100055,199,100113,199,100035,299,100149,199,100034,199,100150,199,99983,199,100151,100,99924,100,100205,100,99889,100,100206,100,99876,100,100244,100,99868,100,100290,100,99828,100
2019-06-28 09:49:40.000000000,100086,224,100068,224,100091,224,100055,224,100113,224,100035,324,100149,224,100034,224,100150,100,99983,100,100151,100,99924,100,100205,100,99889,100,100206,100,99876,100,100244,100,99868,100,100290,100,99828,100
2019-06-28 09:49:46.684256602,100086,124,100068,224,100091,224,100055,224,100113,224,100035,324,100149,224,100034,224,100150,100,99983,100,100151,100,99924,100,100205,100,99889,100,100206,100,99876,100,100244,100,99868,100,100290,100,99828,100
2019-06-28 09:49:50.000000000,100091,268,100068,268,100113,263,100055,263,100149,263,100035,363,100150,100,100034,100,100151,100,99983,100,100205,100,99924,100,100206,100,99889,100,100244,100,99876,100,100290,100,99868,100,100318,100,99828,100
2019-06-28 09:49:56.359837730,100091,268,100068,268,100113,263,100055,263,100149,263,100035,363,100150,100,100034,100,100151,100,99983,100,100205,100,99924,100,100206,100,99889,100,100244,100,99876,100,100290,100,99868,100,100318,100,99828,100
2019-06-28 09:49:57.210270343,100091,268,100069,100,100113,263,100068,268,100149,263,100055,263,100150,100,100035,263,100151,100,100034,100,100205,100,99983,100,100206,100,99924,100,100244,100,99889,100,100290,100,99876,100,100318,100,99868,100
2019-06-28 09:50:00.000000000,100091,268,100069,268,100113,263,100068,263,100149,263,100055,263,100150,100,100035,100,100151,100,100034,100,100205,100,99983,100,100206,100,99924,100,100244,100,99889,100,100290,100,99876,100,100318,100,99868,100
2019-06-28 09:50:03.112767072,100091,268,100069,368,100113,263,100068,263,100149,263,100055,263,100150,100,100035,100,100151,100,100034,100,100205,100,99983,100,100206,100,99924,100,100244,100,99889,100,100290,100,99876,100,100318,100,99868,100
2019-06-28 09:50:04.666467286,100091,268,100069,368,100113,263,100068,263,100149,263,100055,263,100150,100,100035,100,100151,100,100034,100,100205,100,99983,100,100206,100,99924,100,100244,100,99889,100,100290,100,99876,100,100318,100,99868,100
2019-06-28 09:50:06.638303547,100091,168,100069,368,100113,263,100068,263,100149,263,100055,263,100150,100,100035,100,100151,100,100034,100,100205,100,99983,100,100206,100,99924,100,100244,100,99889,100,100290,100,99876,100,100318,100,99868,100
2019-06-28 09:50:10.000000000,100113,347,100069,447,100149,347,100068,347,100150,100,100055,100,100151,100,100035,100,100205,100,100034,100,100206,100,99983,100,100244,100,99924,100,100290,100,99889,100,100318,100,99876,100,100514,100,99868,100
2019-06-28 09:50:20.000000000,100113,224,100069,324,100149,224,100068,224,100150,224,100055,224,100151,224,100035,224,100205,100,100034,100,100206,100,99983,100,100244,100,99924,100,100290,100,99889,100,100318,100,99876,100,100514,100,99868,100
2019-06-28 09:50:25.724339148,100113,224,100069,324,100149,224,100068,224,100150,224,100055,224,100151,224,100035,224,100205,100,100034,100,100206,100,99983,100,100244,100,99924,100,100290,100,99889,100,100318,100,99876,100,100514,100,99868,100
2019-06-28 09:50:29.603765931,100113,224,100069,324,100149,224,100068,224,100150,224,100055,224,100151,224,100035,224,100205,100,100034,100,100206,100,99983,100,100244,100,99924,100,100290,100,99876,100,100318,100,99868,100,100514,100,99828,100
2019-06-28 09:50:29.840050018,100113,224,100069,324,100149,224,100068,224,100150,224,100055,224,100151,224,100035,224,100205,100,100034,100,100206,100,99983,100,100244,100,99924,100,100290,100,99876,100,100318,100,99868,100,100514,100,99828,100
2019-06-28 09:50:30.000000000,100113,224,100069,324,100149,224,100068,224,100150,224,100055,224,100151,224,100035,224,100205,100,100034,100,100206,100,99983,100,100244,100,99924,100,100290,100,99876,100,100318,100,99868,100,100514,100,99828,100
2019-06-28 09:50:34.734904430,100113,224,100069,324,100149,224,100068,224,100150,224,100055,224,100151,224,100035,224,100205,100,100034,100,100206,100,99983,100,100244,100,99876,100,100290,100,99868,100,100318,100,99828,100,100514,100,99804,100
2019-06-28 09:50:35.015334453,100113,224,100069,324,100149,224,100068,224,100150,224,100055,224,100151,224,100035,224,100205,100,100034,100,100206,100,99983,100,100244,100,99876,100,100290,100,99868,100,100318,100,99828,100,100514,100,99804,100
2019-06-28 09:50:40.000000000,100113,268,100069,368,100149,263,100068,263,100150,263,100055,263,100151,100,100035,100,100205,100,100034,100,100206,100,99983,100,100244,100,99876,100,100290,100,99868,100,100318,100,99828,100,100514,100,99804,100
2019-06-28 09:50:50.000000000,100113,224,100069,324,100149,224,100068,224,100150,224,100055,224,100151,224,100035,224,100205,100,100034,100,100206,100,99983,100,100244,100,99876,100,100290,100,99868,100,100318,100,99828,100,100514,100,99804,100
2019-06-28 09:51:00.000000000,100113,594,100069,694,100149,100,100068,100,100150,100,100055,100,100151,100,100035,100,100205,100,100034,100,100206,100,99983,100,100244,100,99876,100,100290,100,99868,100,100318,100,99828,100,100514,100,99804,100
2019-06-28 09:51:10.000000000,100113,594,100069,694,100149,100,100068,100,100150,100,100055,100,100151,100,100035,100,100205,100,100034,100,100206,100,99983,100,100244,100,99876,100,100290,100,99868,100,100318,100,99828,100,100514,100,99804,100
2019-06-28 09:51:20.000000000,100113,268,100069,368,100149,263,100068,263,100150,263,100055,263,100151,100,100035,100,100205,100,100034,100,100206,100,99983,100,100244,100,99876,100,100290,100,99868,100,100318,100,99828,100,100514,100,99804,100
2019-06-28 09:51:30.000000000,100113,347,100069,447,100149,347,100068,347,100150,100,100055,100,100151,100,100035,100,100205,100,100034,100,100206,100,99983,100,100244,100,99876,100,100290,100,99868,100,100318,100,99828,100,100514,100,99804,100
2019-06-28 09:51:30.770926648,100113,347,100086,100,100149,347,100069,447,100150,100,100068,347,100151,100,100055,100,100205,100,100035,100,100206,100,100034,100,100244,100,99983,100,100290,100,99876,100,100318,100,99868,100,100514,100,99828,100
2019-06-28 09:51:40.000000000,100113,224,100086,224,100149,224,100069,324,100150,224,100068,224,100151,224,100055,224,100205,100,100035,100,100206,100,100034,100,100244,100,99983,100,100290,100,99876,100,100318,100,99868,100,100514,100,99828,100
2019-06-28 09:51:43.367896745,100113,224,100086,224,100149,224,100069,324,100150,224,100068,224,100151,224,100055,224,100205,100,100035,100,100206,100,100034,100,100244,100,99983,100,100290,100,99876,100,100318,100,99868,100,100514,100,99828,100
2019-06-28 09:51:50.000000000,100113,199,100086,199,100149,199,100069,299,100150,199,100068,199,100151,199,100055,199,100205,199,100035,199,100206,100,100034,100,100244,100,99983,100,100290,100,99876,100,100318,100,99868,100,100514,100,99828,100
2019-06-28 09:52:00.000000000,100113,594,100086,594,100149,100,100069,200,100150,100,100068,100,100151,100,100055,100,100205,100,100035,100,100206,100,100034,100,100244,100,99983,100,100290,100,99876,100,100318,100,99868,100,100514,100,99828,100
2019-06-28 09:52:10.000000000,100113,594,100086,594,100149,100,100069,200,100150,100,100068,100,100151,100,100055,100,100205,100,100035,100,100206,100,100034,100,100244,100,99983,100,100290,100,99876,100,100318,100,99868,100,100514,100,99828,100
2019-06-28 09:52:19.972063468,100113,494,100086,594,100149,100,100069,200,100150,100,100068,100,100151,100,100055,100,100205,100,100035,100,100206,100,100034,100,100244,100,99983,100,100290,100,99876,100,100318,100,99868,100,100514,100,99828,100
2019-06-28 09:52:20.000000000,100149,268,100086,268,100150,263,100069,363,100151,263,100068,263,100205,100,100055,100,100206,100,100035,100,100244,100,100034,100,100290,100,99983,100,100318,100,99876,100,100514,100,99868,100,100761,100,99828,100
2019-06-28 09:52:30.000000000,100149,199,100086,199,100150,199,100069,299,100151,199,100068,199,100205,199,100055,199,100206,199,100035,199,100244,100,100034,100,100290,100,99983,100,100318,100,99876,100,100514,100,99868,100,100761,100,99828,100
2019-06-28 09:52:34.115316165,100149,199,100086,199,100150,199,100069,299,100151,199,100068,199,100205,199,100055,199,100206,199,100035,199,100244,100,100034,100,100290,100,99983,100,100318,100,99876,100,100514,100,99868,100,100761,100,99828,100
2019-06-28 09:52:37.604373992,100149,199,100086,199,100150,99,100069,299,100151,199,100068,199,100205,199,100055,199,100206,199,100035,199,100244,100,100034,100,100290,100,99983,100,100318,100,99876,100,100514,100,99868,100,100761,100,99828,100
2019-06-28 09:52:40.000000000,100149,268,100086,268,100151,263,100069,363,100205,263,100068,263,100206,100,100055,100,100244,100,100035,100,100290,100,100034,100,100318,100,99983,100,100514,100,99876,100,100761,100,99868,100,100940,100,99828,100
2019-06-28 09:52:42.451693139,100149,168,100086,268,100151,263,100069,363,100205,163,100068,263,100206,100,100055,100,100244,100,100035,100,100290,100,100034,100,100318,100,99983,100,100514,100,99876,100,100761,100,99868,100,100940,100,99828,100
2019-06-28 09:52:42.867690830,100149,168,100086,268,100151,263,100069,363,100205,163,100068,263,100206,100,100055,100,100244,100,100035,100,100290,100,100034,100,100318,100,99983,100,100514,100,99876,100,100761,100,99868,100,100940,100,99828,100
2019-06-28 09:52:47.457350200,100149,168,100086,268,100151,263,100069,363,100205,163,100068,263,100206,100,100055,100,100290,100,100035,100,100318,100,100034,100,100514,100,99983,100,100761,100,99876,100,100940,100,99868,100,101181,100,99828,100
2019-06-28 09:52:50.000000000,100151,268,100086,268,100206,263,100069,363,100290,263,100068,263,100318,100,100055,100,100514,100,100035,100,100761,100,100034,100,100940,100,99983,100,101181,100,99876,100,101334,100,99868,100,101414,100,99828,100
2019-06-28 09:52:53.203107305,100151,268,100086,268,100206,263,100069,363,100290,263,100068,263,100318,100,100055,100,100514,100,100035,100,100761,100,100034,100,100940,100,99983,100,101181,100,99876,100,101334,100,99868,100,101414,100,99828,100
2019-06-28 09:53:00.000000000,100151,268,100086,268,100206,263,100069,363,100290,263,100068,263,100318,100,100055,100,100514,100,100035,100,100761,100,100034,100,100940,100,99983,100,101181,100,99876,100,101334,100,99868,100,101414,100,99828,100
2019-06-28 09:53:10.000000000,100151,268,100086,268,100206,263,100069,363,100290,263,100068,263,100318,100,100055,100,100514,100,100035,100,100761,100,100034,100,100940,100,99983,100,101181,100,99876,100,101334,100,99868,100,101414,100,99828,100
2019-06-28 09:53:17.296840203,100151,268,100113,100,100206,263,100086,268,100290,263,100069,363,100318,100,100068,263,100514,100,100055,100,100761,100,100035,100,100940,100,100034,100,101181,100,99983,100,101334,100,99876,100,101414,100,99868,100
2019-06-28 09:53:20.000000000,100151,347,100113,347,100206,347,100086,347,100290,100,100069,200,100318,100,100068,100,100514,100,100055,100,100761,100,100035,100,100940,100,100034,100,101181,100,99983,100,101334,100,99876,100,101414,100,99868,100
2019-06-28 09:53:28.757153831,100151,247,100113,347,100206,347,100086,347,100290,100,100069,200,100318,100,100068,100,100761,100,100055,100,100940,100,100035,100,101181,100,100034,100,101334,100,99983,100,101414,100,99876,100,101439,100,99868,100
2019-06-28 09:53:30.000000000,100206,199,100113,199,100290,199,100086,199,100318,199,100069,299,100761,199,100068,199,100940,199,100055,199,101181,100,100035,100,101334,100,100034,100,101414,100,99983,100,101439,100,99876,100,101581,100,99868,100
2019-06-28 09:53:30.004358988,100206,99,100113,199,100290,199,100086,199,100318,199,100069,299,100761,199,100068,199,100940,199,100055,199,101181,100,100035,100,101334,100,100034,100,101414,100,99983,100,101439,100,99876,100,101581,100,99868,100
2019-06-28 09:53:40.000000000,100290,224,100113,224,100318,224,100086,224,100761,224,100069,324,100940,224,100068,224,101181,100,100055,100,101334,100,100035,100,101414,100,100034,100,101439,100,99983,100,101581,100,99876,100,101590,100,99868,100
2019-06-28 09:53:50.000000000,100290,199,100113,199,100318,199,100086,199,100761,199,100069,299,100940,199,100068,199,101181,199,100055,199,101334,100,100035,100,101414,100,100034,100,101439,100,99983,100,101581,100,99876,100,101590,100,99868,100
2019-06-28 09:53:59.691042252,100290,199,100113,199,100318,199,100086,199,100761,199,100069,299,100940,199,100068,199,101181,199,100055,199,101297,100,100035,100,101334,100,100034,100,101414,100,99983,100,101439,100,99876,100,101581,100,99868,100
2019-06-28 09:54:00.000000000,100290,199,100113,199,100318,199,100086,199,100761,199,100069,299,100940,199,100068,199,101181,199,100055,199,101297,100,100035,100,101334,100,100034,100,101414,100,99983,100,101439,100,99876,100,101581,100,99868,100
2019-06-28 09:54:10.000000000,100290,594,100113,594,100318,100,100086,100,100761,100,100069,200,100940,100,100068,100,101181,100,100055,100,101297,100,100035,100,101334,100,100034,100,101414,100,99983,100,101439,100,99876,100,101581,100,99868,100
2019-06-28 09:54:20.000000000,100290,199,100113,199,100318,199,100086,199,100761,199,100069,299,100940,199,100068,199,101181,199,100055,199,101297,100,100035,100,101334,100,100034,100,101414,100,99983,100,101439,100,99876,100,101581,100,99868,100
2019-06-28 09:54:30.000000000,100290,199,100113,199,100318,199,100086,199,100761,199,100069,299,100940,199,100068,199,101181,199,100055,199,101297,100,100035,100,101334,100,100034,100,101414,100,99983,100,101439,100,99876,100,101581,100,99868,100
2019-06-28 09:54:40.000000000,100290,224,100113,224,100318,224,100086,224,100761,224,100069,324,100940,224,100068,224,101181,100,100055,100,101297,100,100035,100,101334,100,100034,100,101414,100,99983,100,101439,100,99876,100,101581,100,99868,100
2019-06-28 09:54:50.000000000,100290,594,100113,594,100318,100,100086,100,100761,100,100069,200,100940,100,100068,100,101181,100,100055,100,101297,100,100035,100,101334,100,100034,100,101414,100,99983,100,101439,100,99876,100,101581,100,99868,100
2019-06-28 09:55:00.000000000,100290,347,100113,347,100318,347,100086,347,100761,100,100069,200,100940,100,100068,100,101181,100,100055,100,101297,100,100035,100,101334,100,100034,100,101414,100,99983,100,101439,100,99876,100,101581,100,99868,100
2019-06-28 09:55:10.000000000,100290,199,100113,199,100318,199,100086,199,100761,199,100069,299,100940,199,100068,199,101181,199,100055,199,101297,100,100035,100,101334,100,100034,100,101414,100,99983,100,101439,100,99876,100,101581,100,99868,100
2019-06-28 09:55:14.265109174,100290,99,100113,199,100318,199,100086,199,100761,199,100069,299,100940,199,100068,199,101181,199,100055,199,101297,100,100035,100,101334,100,100034,100,101414,100,99983,100,101439,100,99876,100,101581,100,99868,100
2019-06-28 09:55:16.171913684,100318,199,100290,1,100761,199,100113,199,100940,99,100086,199,101181,199,100069,299,101297,100,100068,199,101334,100,100055,199,101414,100,100035,100,101439,100,100034,100,101581,100,99983,100,101590,100,99876,100
2019-06-28 09:55:16.265258297,100318,199,100290,1,100761,199,100113,199,100940,99,100086,199,101181,199,100069,299,101277,100,100068,199,101297,100,100055,199,101334,100,100035,100,101414,100,100034,100,101439,100,99983,100,101581,100,99876,100
2019-06-28 09:55:20.000000000,100318,347,100290,248,100761,347,100113,347,101181,100,100086,100,101277,100,100069,200,101297,100,100068,100,101334,100,100055,100,101414,100,100035,100,101439,100,100034,100,101581,100,99983,100,101590,100,99876,100
2019-06-28 09:55:30.000000000,100318,199,100290,100,100761,199,100113,199,101181,199,100086,199,101277,199,100069,299,101297,199,100068,199,101334,100,100055,100,101414,100,100035,100,101439,100,100034,100,101581,100,99983,100,101590,100,99876,100
2019-06-28 09:55:37.121939421,100318,99,100290,100,100761,199,100113,199,101181,199,100086,199,101277,199,100069,299,101297,199,100068,199,101334,100,100055,100,101414,100,100035,100,101439,100,100034,100,101581,100,99983,100,101590,100,99876,100
2019-06-28 09:55:40.000000000,100761,224,100290,125,101181,224,100113,224,101277,224,100086,224,101297,224,100069,324,101334,100,100068,100,101414,100,100055,100,101439,100,100035,100,101581,100,100034,100,101590,100,99983,100,101727,100,99876,100
2019-06-28 09:55:44.064722311,100761,224,100291,100,101181,224,100290,125,101277,224,100113,224,101297,224,100086,224,101334,100,100069,324,101414,100,100068,100,101439,100,100055,100,101581,100,100035,100,101590,100,100034,100,101727,100,99983,100
2019-06-28 09:55:50.000000000,100761,594,100291,594,101181,100,100290,1,101277,100,100113,100,101297,100,100086,100,101334,100,100069,200,101414,100,100068,100,101439,100,100055,100,101581,100,100035,100,101590,100,100034,100,101727,100,99983,100
2019-06-28 09:56:00.000000000,100761,347,100291,347,101181,347,100290,248,101277,100,100113,100,101297,100,100086,100,101334,100,100069,200,101414,100,100068,100,101439,100,100055,100,101581,100,100035,100,101590,100,100034,100,101727,100,99983,100
2019-06-28 09:56:10.000000000,100761,199,100291,199,101181,199,100290,100,101277,199,100113,199,101297,199,100086,199,101334,199,100069,299,101414,100,100068,100,101439,100,100055,100,101581,100,100035,100,101590,100,100034,100,101727,100,99983,100
2019-06-28 09:56:14.607956431,100761,199,100291,199,101101,100,100290,100,101181,199,100113,199,101277,199,100086,199,101297,199,100069,299,101334,199,100068,100,101414,100,100055,100,101439,100,100035,100,101581,100,100034,100,101590,100,99983,100
2019-06-28 09:56:20.000000000,100761,199,100291,199,101101,199,100290,100,101181,199,100113,199,101277,199,100086,199,101297,199,100069,299,101334,100,100068,100,101414,100,100055,100,101439,100,100035,100,101581,100,100034,100,101590,100,99983,100
2019-06-28 09:56:26.599697769,100761,99,100291,199,101101,199,100290,100,101181,199,100113,199,101277,99,100086,199,101297,199,100069,299,101334,100,100068,100,101414,100,100055,100,101439,100,100035,100,101581,100,100034,100,101590,100,99983,100
2019-06-28 09:56:30.000000000,101101,268,100291,268,101181,263,100290,164,101297,263,100113,263,101334,100,100086,100,101414,100,100069,200,101439,100,100068,100,101581,100,100055,100,101590,100,100035,100,101727,100,100034,100,101965,100,99983,100
2019-06-28 09:56:40.000000000,101101,268,100291,268,101181,263,100290,164,101297,263,100113,263,101334,100,100086,100,101414,100,100069,200,101439,100,100068,100,101581,100,100055,100,101590,100,100035,100,101727,100,100034,100,101965,100,99983,100
2019-06-28 09:56:50.000000000,101101,268,100291,268,101181,263,100290,164,101297,263,100113,263,101334,100,100086,100,101414,100,100069,200,101439,100,100068,100,101581,100,100055,100,101590,100,100035,100,101727,100,100034,100,101965,100,99983,100
2019-06-28 09:57:00.000000000,101101,224,100291,224,101181,224,100290,125,101297,224,100113,224,101334,224,100086,224,101414,100,100069,200,101439,100,100068,100,101581,100,100055,100,101590,100,100035,100,101727,100,100034,100,101965,100,99983,100
2019-06-28 09:57:07.163196702,100436,100,100291,224,101101,224,100290,125,101181,224,100113,224,101297,224,100086,224,101334,224,100069,200,101414,100,100068,100,101439,100,100055,100,101581,100,100035,100,101590,100,100034,100,101727,100,99983,100
2019-06-28 09:57:10.000000000,100436,268,100291,268,101101,263,100290,164,101181,263,100113,263,101297,100,100086,100,101334,100,100069,200,101414,100,100068,100,101439,100,100055,100,101581,100,100035,100,101590,100,100034,100,101727,100,99983,100
2019-06-28 09:57:13.567930614,100436,268,100310,100,101101,263,100291,268,101181,263,100290,164,101297,100,100113,263,101334,100,100086,100,101414,100,100069,200,101439,100,100068,100,101581,100,100055,100,101590,100,100035,100,101727,100,100034,100
2019-06-28 09:57:20.000000000,100436,594,100310,594,101101,100,100291,100,101181,100,100290,1,101297,100,100113,100,101334,100,100086,100,101414,100,100069,200,101439,100,100068,100,101581,100,100055,100,101590,100,100035,100,101727,100,100034,100
2019-06-28 09:57:30.000000000,100436,594,100310,594,101101,100,100291,100,101181,100,100290,1,101297,100,100113,100,101334,100,100086,100,101414,100,100069,200,101439,100,100068,100,101581,100,100055,100,101590,100,100035,100,101727,100,100034,100
2019-06-28 09:57:40.000000000,100436,594,100310,594,101101,100,100291,100,101181,100,100290,1,101297,100,100113,100,101334,100,100086,100,101414,100,100069,200,101439,100,100068,100,101581,100,100055,100,101590,100,100035,100,101727,100,100034,100
2019-06-28 09:57:50.000000000,100436,199,100310,199,101101,199,100291,199,101181,199,100290,100,101297,199,100113,199,101334,199,100086,199,101414,100,100069,200,101439,100,100068,100,101581,100,100055,100,101590,100,100035,100,101727,100,100034,100
2019-06-28 09:57:52.457895866,100436,199,100310,199,101101,199,100291,199,101181,199,100290,100,101297,199,100288,100,101334,199,100113,199,101414,100,100086,199,101439,100,100069,200,101590,100,100068,100,101727,100,100055,100,101965,100,100035,100
2019-06-28 09:58:00.000000000,100436,224,100310,224,101101,224,100291,224,101181,224,100290,125,101297,224,100288,224,101334,100,100113,100,101414,100,100086,100,101439,100,100069,200,101590,100,100068,100,101727,100,100055,100,101965,100,100035,100
2019-06-28 09:58:10.000000000,100436,199,100310,199,101101,199,100291,199,101181,199,100290,100,101297,199,100288,199,101334,199,100113,199,101414,100,100086,100,101439,100,100069,200,101590,100,100068,100,101727,100,100055,100,101965,100,100035,100
2019-06-28 09:58:20.000000000,100436,347,100310,347,101101,347,100291,347,101181,100,100290,1,101297,100,100288,100,101334,100,100113,100,101414,100,100086,100,101439,100,100069,200,101590,100,100068,100,101727,100,100055,100,101965,100,100035,100
2019-06-28 09:58:30.000000000,100436,347,100310,347,101101,347,100291,347,101181,100,100290,1,101297,100,100288,100,101334,100,100113,100,101414,100,100086,100,101439,100,100069,200,101590,100,100068,100,101727,100,100055,100,101965,100,100035,100
2019-06-28 09:58:40.000000000,100436,594,100310,594,101101,100,100291,100,101181,100,100290,1,101297,100,100288,100,101334,100,100113,100,101414,100,100086,100,101439,100,100069,200,101590,100,100068,100,101727,100,100055,100,101965,100,100035,100
2019-06-28 09:58:50.000000000,100436,199,100310,199,101101,199,100291,199,101181,199,100290,100,101297,199,100288,199,101334,199,100113,199,101414,100,100086,100,101439,100,100069,200,101590,100,100068,100,101727,100,100055,100,101965,100,100035,100
2019-06-28 09:59:00.000000000,100436,594,100310,594,101101,100,100291,100,101181,100,100290,1,101297,100,100288,100,101334,100,100113,100,101414,100,100086,100,101439,100,100069,200,101590,100,100068,100,101727,100,100055,100,101965,100,100035,100
2019-06-28 09:59:10.000000000,100436,594,100310,594,101101,100,100291,100,101181,100,100290,1,101297,100,100288,100,101334,100,100113,100,101414,100,100086,100,101439,100,100069,200,101590,100,100068,100,101727,100,100055,100,101965,100,100035,100
2019-06-28 09:59:18.527296964,100436,594,100310,494,101101,100,100291,100,101181,100,100290,1,101297,100,100288,100,101334,100,100113,100,101414,100,100086,100,101439,100,100069,200,101590,100,100068,100,101727,100,100055,100,101965,100,100035,100
2019-06-28 09:59:20.000000000,100436,594,100291,594,101101,100,100290,1,101181,100,100288,100,101297,100,100113,100,101334,100,100086,100,101414,100,100069,200,101439,100,100068,100,101590,100,100055,100,101727,100,100035,100,101965,100,100034,100
2019-06-28 09:59:23.312167180,100436,594,100291,594,101101,100,100290,1,101181,100,100288,100,101297,100,100113,100,101334,100,100086,100,101414,100,100069,200,101590,100,100068,100,101727,100,100055,100,101965,100,100035,100,102048,100,100034,100
2019-06-28 09:59:30.000000000,100436,224,100291,224,101101,224,100290,125,101181,224,100288,224,101297,224,100113,224,101334,100,100086,100,101414,100,100069,200,101590,100,100068,100,101727,100,100055,100,101965,100,100035,100,102048,100,100034,100
2019-06-28 09:59:38.826939401,100436,224,100291,224,101101,224,100290,125,101181,224,100288,224,101297,224,100113,224,101334,100,100086,100,101414,100,100069,200,101590,100,100068,100,101727,100,100055,100,101965,100,100035,100,102048,100,100034,100
2019-06-28 09:59:40.000000000,100436,347,100291,347,101101,347,100290,248,101181,100,100288,100,101297,100,100113,100,101334,100,100086,100,101414,100,100069,200,101590,100,100068,100,101727,100,100055,100,101965,100,100035,100,102048,100,100034,100
2019-06-28 09:59:48.432391802,100436,347,100291,247,101101,347,100290,248,101181,100,100288,100,101297,100,100113,100,101414,100,100086,100,101590,100,100069,200,101727,100,100068,100,101965,100,100055,100,102048,100,100035,100,102084,100,100034,100
2019-06-28 09:59:50.000000000,100436,594,100290,495,101101,100,100288,100,101181,100,100113,100,101297,100,100086,100,101414,100,100069,200,101590,100,100068,100,101727,100,100055,100,101965,100,100035,100,102048,100,100034,100,102084,100,99983,100
2019-06-28 10:00:00.000000000,100436,347,100290,248,101101,347,100288,347,101181,100,100113,100,101297,100,100086,100,101414,100,100069,200,101590,100,100068,100,101727,100,100055,100,101965,100,100035,100,102048,100,100034,100,102084,100,99983,100
2019-06-28 10:00:05.293576325,100436,347,100290,248,101101,347,100288,347,101181,100,100113,100,101297,100,100086,100,101414,100,100069,200,101590,100,100068,100,101727,100,100055,100,101965,100,100035,100,102048,100,100034,100,102084,100,99983,100
2019-06-28 10:00:10.000000000,100436,268,100290,169,101101,263,100288,263,101181,263,100113,263,101297,100,100086,100,101414,100,100069,200,101590,100,100068,100,101727,100,100055,100,101965,100,100035,100,102048,100,100034,100,102084,100,99983,100
2019-06-28 10:00:13.147756763,100436,268,100290,169,101101,263,100288,163,101181,263,100113,263,101297,100,100086,100,101414,100,100069,200,101590,100,100068,100,101727,100,100055,100,101965,100,100035,100,102048,100,100034,100,102084,100,99983,100
2019-06-28 10:00:20.000000000,100436,199,100290,100,101101,199,100113,199,101181,199,100086,199,101297,199,100069,299,101414,199,100068,199,101590,100,100055,100,101727,100,100035,100,101965,100,100034,100,102048,100,99983,100,102084,100,99868,100
2019-06-28 10:00:30.000000000,100436,347,100290,248,101101,347,100113,347,101181,100,100086,100,101297,100,100069,200,101414,100,100068,100,101590,100,100055,100,101727,100,100035,100,101965,100,100034,100,102048,100,99983,100,102084,100,99868,100
2019-06-28 10:00:40.000000000,100436,594,100290,495,101101,100,100113,100,101181,100,100086,100,101297,100,100069,200,101414,100,100068,100,101590,100,100055,100,101727,100,100035,100,101965,100,100034,100,102048,100,99983,100,102084,100,99868,100
2019-06-28 10:00:46.917668873,100436,594,100290,395,101101,100,100113,100,101181,100,100086,100,101297,100,100069,200,101414,100,100068,100,101590,100,100055,100,101727,100,100035,100,101965,100,100034,100,102048,100,99983,100,102084,100,99868,100
2019-06-28 10:00:50.000000000,100436,268,100113,268,101101,263,100086,263,101181,263,100069,363,101297,100,100068,100,101414,100,100055,100,101590,100,100035,100,101727,100,100034,100,101965,100,99983,100,102048,100,99868,100,102084,100,99828,100
2019-06-28 10:01:00.000000000,100436,199,100113,199,101101,199,100086,199,101181,199,100069,299,101297,199,100068,199,101414,199,100055,199,101590,100,100035,100,101727,100,100034,100,101965,100,99983,100,102048,100,99868,100,102084,100,99828,100
2019-06-28 10:01:05.086127812,100436,199,100113,99,101101,199,100086,199,101181,199,100069,299,101297,199,100068,199,101414,199,100055,99,101590,100,100035,100,101727,100,100034,100,101965,100,99983,100,102048,100,99868,100,102084,100,99828,100
2019-06-28 10:01:10.000000000,100436,594,100086,594,101101,100,100069,200,101181,100,100068,100,101297,100,100035,100,101414,100,100034,100,101590,100,99983,100,101727,100,99868,100,101965,100,99828,100,102048,100,99804,100,102084,100,99787,100
2019-06-28 10:01:20.000000000,100436,268,100086,268,101101,263,100069,363,101181,263,100068,263,101297,100,100035,100,101414,100,100034,100,101590,100,99983,100,101727,100,99868,100,101965,100,99828,100,102048,100,99804,100,102084,100,99787,100
2019-06-28 10:01:20.509003309,100436,268,100086,168,101101,263,100069,363,101181,263,100068,263,101297,100,100035,100,101414,100,100034,100,101590,100,99983,100,101727,100,99868,100,101965,100,99828,100,102048,100,99804,100,102084,100,99787,100
2019-06-28 10:01:30.000000000,100436,268,100069,368,101101,263,100068,263,101181,263,100035,263,101297,100,100034,100,101414,100,99983,100,101590,100,99868,100,101727,100,99828,100,101965,100,99804,100,102048,100,99787,100,102084,100,99768,100
2019-06-28 10:01:40.000000000,100436,224,100069,324,101101,224,100068,224,101181,224,100035,224,101297,224,100034,224,101414,100,99983,100,101590,100,99868,100,101727,100,99828,100,101965,100,99804,100,102048,100,99787,100,102084,100,99768,100
2019-06-28 10:01:50.000000000,100436,199,100069,299,101101,199,100068,199,101181,199,100035,199,101297,199,100034,199,101414,199,99983,199,101590,100,99868,100,101727,100,99828,100,101965,100,99804,100,102048,100,99787,100,102084,100,99768,100
2019-06-28 10:01:59.988906524,100436,199,100069,199,101101,199,100068,199,101181,199,100035,199,101297,199,100034,199,101414,199,99983,199,101590,100,99868,100,101965,100,99828,100,102048,100,99804,100,102084,100,99787,100,102091,100,99768,100
2019-06-28 10:02:00.000000000,100436,268,100069,268,101101,263,100068,263,101181,263,100035,263,101297,100,100034,100,101414,100,99983,100,101590,100,99868,100,101965,100,99828,100,102048,100,99804,100,102084,100,99787,100,102091,100,99768,100
2019-06-28 10:02:01.975867898,100436,268,100069,168,101101,263,100068,263,101181,263,100035,263,101297,100,100034,100,101414,100,99983,100,101590,100,99868,100,101965,100,99828,100,102048,100,99804,100,102084,100,99787,100,102091,100,99768,100
2019-06-28 10:02:10.000000000,100436,224,100068,224,101101,224,100035,224,101181,224,100034,224,101297,224,99983,224,101414,100,99868,100,101590,100,99828,100,101965,100,99804,100,102048,100,99787,100,102084,100,99768,100,102091,100,99644,100
2019-06-28 10:02:20.000000000,100436,224,100068,224,101101,224,100035,224,101181,224,100034,224,101297,224,99983,224,101414,100,99868,100,101590,100,99828,100,101965,100,99804,100,102048,100,99787,100,102084,100,99768,100,102091,100,99644,100
2019-06-28 10:02:27.108954612,100069,100,100068,224,100436,224,100035,224,101101,224,100034,224,101181,224,99983,224,101297,224,99868,100,101414,100,99828,100,101590,100,99804,100,101965,100,99787,100,102048,100,99768,100,102084,100,99644,100
2019-06-28 10:02:30.000000000,100069,594,100068,594,100436,100,100035,100,101101,100,100034,100,101181,100,99983,100,101297,100,99868,100,101414,100,99828,100,101590,100,99804,100,101965,100,99787,100,102048,100,99768,100,102084,100,99644,100
2019-06-28 10:02:30.738270949,100069,594,100068,594,100436,100,100035,100,101181,100,100034,100,101297,100,99983,100,101414,100,99868,100,101590,100,99828,100,101965,100,99804,100,102048,100,99787,100,102084,100,99768,100,102091,100,99644,100
2019-06-28 10:02:35.949562438,100069,594,100068,494,100436,100,100035,100,101181,100,100034,100,101297,100,99983,100,101414,100,99868,100,101590,100,99828,100,101965,100,99804,100,102048,100,99787,100,102084,100,99768,100,102091,100,99644,100
2019-06-28 10:02:40.000000000,100069,199,100035,199,100436,199,100034,199,101181,199,99983,199,101297,199,99868,199,101414,199,99828,199,101590,100,99804,100,101965,100,99787,100,102048,100,99768,100,102084,100,99644,100,102091,100,99555,100
2019-06-28 10:02:50.000000000,100069,594,100035,594,100436,100,100034,100,101181,100,99983,100,101297,100,99868,100,101414,100,99828,100,101590,100,99804,100,101965,100,99787,100,102048,100,99768,100,102084,100,99644,100,102091,100,99555,100
2019-06-28 10:02:55.626332560,100068,100,100035,594,100069,594,100034,100,100436,100,99983,100,101181,100,99868,100,101297,100,99828,100,101414,100,99804,100,101590,100,99787,100,101965,100,99768,100,102048,100,99644,100,102084,100,99555,100
2019-06-28 10:03:00.000000000,100068,268,100035,268,100069,263,100034,263,100436,263,99983,263,101181,100,99868,100,101297,100,99828,100,101414,100,99804,100,101590,100,99787,100,101965,100,99768,100,102048,100,99644,100,102084,100,99555,100
2019-06-28 10:03:01.627348229,100068,268,100035,268,100069,263,100034,263,100436,263,99983,263,101181,100,99868,100,101297,100,99828,100,101414,100,99804,100,101590,100,99787,100,101965,100,99768,100,102048,100,99644,100,102084,100,99555,100
2019-06-28 10:03:10.000000000,100068,199,100035,199,100069,199,100034,199,100436,199,99983,199,101181,199,99868,199,101297,199,99828,199,101414,100,99804,100,101590,100,99787,100,101965,100,99768,100,102048,100,99644,100,102084,100,99555,100
2019-06-28 10:03:13.277368743,100068,299,100035,199,100069,199,100034,199,100436,199,99983,199,101181,199,99868,199,101297,199,99828,199,101414,100,99804,100,101590,100,99787,100,101965,100,99768,100,102048,100,99644,100,102084,100,99555,100
2019-06-28 10:03:20.000000000,100068,324,100035,224,100069,224,100034,224,100436,224,99983,224,101181,224,99868,224,101297,100,99828,100,101414,100,99804,100,101590,100,99787,100,101965,100,99768,100,102048,100,99644,100,102084,100,99555,100
2019-06-28 10:03:30.000000000,100068,324,100035,224,100069,224,100034,224,100436,224,99983,224,101181,224,99868,224,101297,100,99828,100,101414,100,99804,100,101590,100,99787,100,101965,100,99768,100,102048,100,99644,100,102084,100,99555,100
2019-06-28 10:03:36.713270007,100068,324,100035,224,100069,224,100034,224,100436,224,99983,224,101181,224,99868,224,101297,100,99828,100,101414,100,99804,100,101590,100,99787,100,101965,100,99768,100,102048,100,99644,100,102084,100,99555,100
2019-06-28 10:03:40.000000000,100068,324,100035,224,100069,224,100034,224,100436,224,99983,224,101181,224,99868,224,101297,100,99828,100,101414,100,99804,100,101590,100,99787,100,101965,100,99768,100,102048,100,99644,100,102084,100,99555,100
2019-06-28 10:03:44.000586729,100068,324,100035,224,100069,224,100034,224,100436,224,99983,224,101181,224,99868,224,101297,100,99828,100,101414,100,99804,100,101590,100,99787,100,101965,100,99768,100,102048,100,99644,100,102084,100,99555,100
2019-06-28 10:03:50.000000000,100068,368,100035,268,100069,263,100034,263,100436,263,99983,263,101181,100,99868,100,101297,100,99828,100,101414,100,99804,100,101590,100,99787,100,101965,100,99768,100,102048,100,99644,100,102084,100,99555,100
2019-06-28 10:04:00.000000000,100068,694,100035,594,100069,100,100034,100,100436,100,99983,100,101181,100,99868,100,101297,100,99828,100,101414,100,99804,100,101590,100,99787,100,101965,100,99768,100,102048,100,99644,100,102084,100,99555,100
2019-06-28 10:04:02.389033464,100068,694,100035,494,100069,100,100034,100,100436,100,99983,100,101181,100,99868,100,101297,100,99828,100,101414,100,99804,100,101590,100,99787,100,101965,100,99768,100,102048,100,99644,100,102084,100,99555,100
2019-06-28 10:04:04.649722072,100068,694,100035,494,100436,100,100034,100,101181,100,99983,100,101297,100,99868,100,101414,100,99828,100,101590,100,99804,100,101965,100,99787,100,102048,100,99768,100,102084,100,99644,100,102091,100,99555,100
2019-06-28 10:04:10.000000000,100068,694,100034,594,100436,100,99983,100,101181,100,99868,100,101297,100,99828,100,101414,100,99804,100,101590,100,99787,100,101965,100,99768,100,102048,100,99644,100,102084,100,99555,100,102091,100,99306,100
2019-06-28 10:04:20.000000000,100068,368,100034,268,100436,263,99983,263,101181,263,99868,263,101297,100,99828,100,101414,100,99804,100,101590,100,99787,100,101965,100,99768,100,102048,100,99644,100,102084,100,99555,100,102091,100,99306,100
2019-06-28 10:04:21.903616901,100067,100,100034,268,100068,368,99983,263,100436,263,99868,263,101181,263,99828,100,101297,100,99804,100,101414,100,99787,100,101590,100,99768,100,101965,100,99644,100,102048,100,99555,100,102084,100,99306,100
2019-06-28 10:04:30.000000000,100067,347,100034,347,100068,447,99983,347,100436,100,99868,100,101181,100,99828,100,101297,100,99804,100,101414,100,99787,100,101590,100,99768,100,101965,100,99644,100,102048,100,99555,100,102084,100,99306,100
2019-06-28 10:04:40.000000000,100067,268,100034,268,100068,363,99983,263,100436,263,99868,263,101181,100,99828,100,101297,100,99804,100,101414,100,99787,100,101590,100,99768,100,101965,100,99644,100,102048,100,99555,100,102084,100,99306,100
2019-06-28 10:04:50.000000000,100067,268,100034,268,100068,363,99983,263,100436,263,99868,263,101181,100,99828,100,101297,100,99804,100,101414,100,99787,100,101590,100,99768,100,101965,100,99644,100,102048,100,99555,100,102084,100,99306,100
2019-06-28 10:04:50.724620779,100067,368,100034,268,100068,363,99983,263,100436,263,99868,263,101181,100,99828,100,101297,100,99804,100,101414,100,99787,100,101590,100,99768,100,101965,100,99644,100,102048,100,99555,100,102084,100,99306,100
2019-06-28 10:05:00.000000000,100067,694,100034,594,100068,200,99983,100,100436,100,99868,100,101181,100,99828,100,101297,100,99804,100,101414,100,99787,100,101590,100,99768,100,101965,100,99644,100,102048,100,99555,100,102084,100,99306,100
2019-06-28 10:05:03.826742782,100067,794,100034,594,100068,200,99983,100,100436,100,99868,100,101181,100,99828,100,101297,100,99804,100,101414,100,99787,100,101590,100,99768,100,101965,100,99644,100,102048,100,99555,100,102084,100,99306,100
2019-06-28 10:05:10.000000000,100067,399,100034,199,100068,299,99983,199,100436,199,99868,199,101181,199,99828,199,101297,199,99804,199,101414,100,99787,100,101590,100,99768,100,101965,100,99644,100,102048,100,99555,100,102084,100,99306,100
2019-06-28 10:05:13.141124380,100067,399,100034,99,100068,299,99983,199,100436,199,99868,199,101181,199,99828,199,101297,199,99804,199,101414,100,99787,100,101590,100,99768,100,101965,100,99644,100,102048,100,99555,100,102084,100,99306,100
2019-06-28 10:05:13.150494482,100035,100,100034,99,100067,399,99983,199,100068,299,99868,199,100436,199,99828,199,101181,199,99804,199,101297,199,99787,100,101414,100,99768,100,101590,100,99644,100,101965,100,99555,100,102048,100,99306,100
2019-06-28 10:05:14.085821887,100035,100,100034,99,100067,399,99983,199,100068,299,99868,199,100436,199,99828,199,101181,199,99804,199,101297,199,99787,100,101414,100,99768,100,101590,100,99644,100,101965,100,99555,100,102048,100,99306,100
2019-06-28 10:05:20.000000000,100035,268,99983,268,100067,463,99868,263,100068,363,99828,263,100436,100,99804,100,101181,100,99787,100,101297,100,99768,100,101414,100,99644,100,101590,100,99555,100,101965,100,99306,100,102048,100,99254,100
2019-06-28 10:05:26.213936181,100035,268,99983,168,100067,463,99868,263,100068,363,99828,263,100436,100,99804,100,101181,100,99787,100,101297,100,99768,100,101414,100,99644,100,101590,100,99555,100,101965,100,99306,100,102048,100,99254,100
2019-06-28 10:05:29.030144627,100035,268,99983,168,100067,463,99868,263,100068,363,99828,263,100436,100,99804,100,101181,100,99787,100,101297,100,99768,100,101414,100,99644,100,101590,100,99555,100,101965,100,99306,100,102048,100,99254,100
2019-06-28 10:05:30.000000000,100035,347,99868,347,100067,547,99828,347,100068,200,99804,100,100436,100,99787,100,101181,100,99768,100,101297,100,99644,100,101414,100,99555,100,101590,100,99306,100,101965,100,99254,100,102048,100,99240,100
2019-06-28 10:05:40.000000000,100035,347,99868,347,100067,547,99828,347,100068,200,99804,100,100436,100,99787,100,101181,100,99768,100,101297,100,99644,100,101414,100,99555,100,101590,100,99306,100,101965,100,99254,100,102048,100,99240,100
2019-06-28 10:05:40.408161020,100035,347,99868,347,100067,547,99828,347,100068,200,99804,100,100436,100,99787,100,101181,100,99768,100,101297,100,99644,100,101414,100,99555,100,101590,100,99306,100,101965,100,99254,100,102048,100,99240,100
2019-06-28 10:05:50.000000000,100035,224,99868,224,100067,424,99828,224,100068,324,99804,224,100436,224,99787,224,101181,100,99768,100,101297,100,99644,100,101414,100,99555,100,101590,100,99306,100,101965,100,99254,100,102048,100,99240,100
2019-06-28 10:06:00.000000000,100035,199,99868,199,100067,399,99828,199,100068,299,99804,199,100436,199,99787,199,101181,199,99768,199,101297,100,99644,100,101414,100,99555,100,101590,100,99306,100,101965,100,99254,100,102048,100,99240,100
2019-06-28 10:06:10.000000000,100035,224,99868,224,100067,424,99828,224,100068,324,99804,224,100436,224,99787,224,101181,100,99768,100,101297,100,99644,100,101414,100,99555,100,101590,100,99306,100,101965,100,99254,100,102048,100,99240,100
2019-06-28 10:06:20.000000000,100035,224,99868,224,100067,424,99828,224,100068,324,99804,224,100436,224,99787,224,101181,100,99768,100,101297,100,99644,100,101414,100,99555,100,101590,100,99306,100,101965,100,99254,100,102048,100,99240,100
2019-06-28 10:06:24.830682403,100035,224,99868,224,100067,424,99828,224,100068,324,99804,224,100436,224,99787,224,101181,100,99768,100,101297,100,99644,100,101414,100,99555,100,101590,100,99306,100,101965,100,99254,100,102048,100,99209,100
2019-06-28 10:06:27.350391168,100035,224,99868,124,100067,424,99828,224,100068,324,99804,224,100436,224,99787,224,101181,100,99768,100,101297,100,99644,100,101414,100,99555,100,101590,100,99306,100,101965,100,99254,100,102048,100,99209,100
2019-06-28 10:06:30.000000000,100035,347,99828,347,100067,547,99804,347,100068,200,99787,100,100436,100,99768,100,101181,100,99644,100,101297,100,99555,100,101414,100,99306,100,101590,100,99254,100,101965,100,99209,100,102048,100,99145,100
2019-06-28 10:06:40.000000000,100035,268,99828,268,100067,463,99804,263,100068,363,99787,263,100436,100,99768,100,101181,100,99644,100,101297,100,99555,100,101414,100,99306,100,101590,100,99254,100,101965,100,99209,100,102048,100,99145,100
2019-06-28 10:06:42.252277881,100035,268,99828,268,100067,463,99804,263,100068,363,99787,263,100436,100,99768,100,101181,100,99644,100,101297,100,99555,100,101414,100,99306,100,101590,100,99254,100,101965,100,99209,100,102048,100,99145,100
2019-06-28 10:06:42.769150716,100035,268,99828,168,100067,463,99804,263,100068,363,99787,163,100436,100,99768,100,101181,100,99644,100,101297,100,99555,100,101414,100,99306,100,101590,100,99254,100,101965,100,99209,100,102048,100,99145,100
2019-06-28 10:06:50.000000000,100035,268,99804,268,100067,463,99768,263,100068,363,99644,263,100436,100,99555,100,101181,100,99306,100,101297,100,99254,100,101414,100,99209,100,101590,100,99145,100,101965,100,99139,100,102048,100,99111,100
2019-06-28 10:06:50.867268028,100035,268,99804,268,100067,463,99768,263,100068,363,99644,263,100436,100,99555,100,101181,100,99306,100,101297,100,99254,100,101414,100,99209,100,101590,100,99145,100,101965,100,99139,100,102048,100,99111,100
2019-06-28 10:06:59.306737596,99868,100,99804,268,100035,268,99768,263,100067,463,99644,263,100068,363,99555,100,100436,100,99306,100,101181,100,99254,100,101297,100,99209,100,101414,100,99145,100,101590,100,99139,100,101965,100,99111,100
