,ask_price_1,ask_size_1,bid_price_1,bid_size_1,ask_price_2,ask_size_2,bid_price_2,bid_size_2,ask_price_3,ask_size_3,bid_price_3,bid_size_3,ask_price_4,ask_size_4,bid_price_4,bid_size_4,ask_price_5,ask_size_5,bid_price_5,bid_size_5,ask_price_6,ask_size_6,bid_price_6,bid_size_6,ask_price_7,ask_size_7,bid_price_7,bid_size_7,ask_price_8,ask_size_8,bid_price_8,bid_size_8,ask_price_9,ask_size_9,bid_price_9,bid_size_9,ask_price_10,ask_size_10,bid_price_10,bid_size_10
2019-06-28 09:30:00.000000001,99955,100,,,,,,,,,,,,,,,,,,,,,,,,,,,,,,,,,,,,,,
2019-06-28 09:30:00.000000003,99955,100,,,99960,100,,,100192,100,,,,,,,,,,,,,,,,,,,,,,,,,,,,,,
2019-06-28 09:30:00.000000005,99960,100,99951,100,100192,100,,,,,,,,,,,,,,,,,,,,,,,,,,,,,,,,,,
2019-06-28 09:30:00.000000007,100192,100,99951,100,,,,,,,,,,,,,,,,,,,,,,,,,,,,,,,,,,,,
2019-06-28 09:30:00.000000009,100011,100,99951,100,100192,100,,,,,,,,,,,,,,,,,,,,,,,,,,,,,,,,,,
2019-06-28 09:30:00.000000010,100011,100,99955,100,100192,100,99951,100,,,,,,,,,,,,,,,,,,,,,,,,,,,,,,,,
2019-06-28 09:30:00.000000011,100011,100,99955,100,100094,100,99951,100,100192,100,,,,,,,,,,,,,,,,,,,,,,,,,,,,,,
2019-06-28 09:30:00.000000013,100011,100,99955,100,100094,100,99951,100,100192,100,99917,100,,,,,,,,,,,,,,,,,,,,,,,,,,,,
2019-06-28 09:30:00.000000014,100011,100,99955,100,100084,100,99951,100,100094,100,99917,100,100192,100,,,,,,,,,,,,,,,,,,,,,,,,,,
2019-06-28 09:30:00.000000016,100011,100,99955,100,100084,100,99951,100,100094,100,99917,100,100192,100,99824,100,,,,,,,,,,,,,,,,,,,,,,,,
2019-06-28 09:30:00.000000018,100011,100,99957,100,100084,100,99955,100,100094,100,99951,100,100192,100,99917,100,,,99824,100,,,,,,,,,,,,,,,,,,,,
2019-06-28 09:30:00.000000019,100011,100,99957,100,100084,100,99955,200,100094,100,99951,100,100192,100,99917,100,,,99824,100,,,,,,,,,,,,,,,,,,,,
2019-06-28 09:30:00.000000021,100011,100,99962,100,100084,100,99957,100,100094,100,99955,200,100192,100,99951,100,,,99917,100,,,99824,100,,,,,,,,,,,,,,,,
2019-06-28 09:30:00.000000024,100011,100,99962,100,100084,100,99957,100,100094,100,99955,300,100192,100,99951,100,,,99917,100,,,99824,100,,,,,,,,,,,,,,,,
2019-06-28 09:30:00.000000026,100011,100,99962,100,100084,100,99957,100,100094,100,99955,300,100192,100,99951,100,,,99934,100,,,99917,100,,,99824,100,,,,,,,,,,,,
2019-06-28 09:30:00.000000029,100011,100,99962,100,100084,100,99957,100,100094,100,99955,300,100192,100,99951,100,,,99934,100,,,99917,100,,,99902,100,,,99824,100,,,,,,,,
2019-06-28 09:30:00.000000032,100084,100,99962,100,100094,100,99957,100,100192,100,99955,300,,,99951,100,,,99934,100,,,99917,100,,,99902,100,,,99824,100,,,,,,,,
2019-06-28 09:30:00.000000033,100084,100,99963,100,100094,100,99962,100,100192,100,99957,100,,,99955,300,,,99951,100,,,99934,100,,,99917,100,,,99902,100,,,99824,100,,,,
2019-06-28 09:30:00.000000038,100011,100,99974,100,100084,100,99963,100,100094,100,99962,100,100192,100,99957,100,,,99955,300,,,99951,100,,,99934,100,,,99917,100,,,99902,100,,,99824,100
2019-06-28 09:30:00.000000040,100011,100,99974,100,100012,100,99963,100,100084,100,99962,100,100094,100,99957,100,100192,100,99955,300,,,99951,100,,,99934,100,,,99917,100,,,99902,100,,,99824,100
2019-06-28 09:30:00.000000041,100011,100,99963,100,100012,100,99962,100,100084,100,99957,100,100094,100,99955,300,100192,100,99951,100,,,99934,100,,,99917,100,,,99902,100,,,99824,100,,,,
2019-06-28 09:30:00.000000042,100011,100,99963,100,100012,100,99962,100,100084,100,99957,100,100094,100,99955,300,100192,100,99951,100,,,99934,100,,,99922,100,,,99917,100,,,99902,100,,,99824,100
2019-06-28 09:30:00.000000046,100011,100,99974,100,100012,100,99963,100,100084,100,99962,100,100094,100,99957,100,100192,100,99955,300,,,99951,100,,,99934,100,,,99922,100,,,99917,100,,,99902,100
2019-06-28 09:30:00.000000047,100011,100,99974,100,100012,100,99963,100,100059,100,99962,100,100084,100,99957,100,100094,100,99955,300,100192,100,99951,100,,,99934,100,,,99922,100,,,99917,100,,,99902,100
2019-06-28 09:30:00.000000048,100011,100,99963,100,100012,100,99962,100,100059,100,99957,100,100084,100,99955,300,100094,100,99951,100,100192,100,99934,100,,,99922,100,,,99917,100,,,99902,100,,,99824,100
2019-06-28 09:30:00.000000050,100011,100,99963,100,100012,100,99962,100,100059,100,99957,100,100084,100,99955,300,100094,100,99951,100,100169,100,99934,100,100192,100,99922,100,,,99917,200,,,99902,100,,,99824,100
2019-06-28 09:30:00.000000052,100011,100,99963,100,100012,100,99962,100,100059,100,99957,100,100084,100,99955,300,100094,100,99951,100,100169,100,99934,100,100192,100,99922,100,,,99917,200,,,99914,100,,,99902,100
2019-06-28 09:30:00.000000057,99974,100,99963,100,100011,100,99962,100,100012,100,99957,100,100059,100,99955,300,100084,100,99952,100,100094,100,99951,100,100169,100,99934,100,100192,100,99922,100,,,99917,200,,,99914,100
2019-06-28 09:30:00.000000060,100011,100,99963,100,100012,100,99962,100,100059,100,99957,100,100084,100,99955,300,100094,100,99952,100,100169,100,99951,100,100192,100,99934,100,,,99922,100,,,99917,200,,,99914,100
2019-06-28 09:30:00.000000063,100011,100,99982,100,100012,100,99963,100,100059,100,99962,100,100084,100,99957,100,100094,100,99955,300,100169,100,99952,100,100192,100,99951,100,,,99934,100,,,99922,100,,,99917,200
2019-06-28 09:30:00.000000064,100011,100,99963,100,100012,100,99962,100,100059,100,99957,100,100084,100,99955,300,100094,100,99952,100,100169,100,99951,100,100192,100,99934,100,,,99922,100,,,99917,200,,,99914,100
2019-06-28 09:30:00.000000068,100011,100,99963,100,100012,100,99962,100,100059,100,99957,100,100084,100,99955,300,100094,100,99952,100,100169,100,99951,100,100192,100,99934,100,,,99922,100,,,99917,200,,,99914,100
2019-06-28 09:30:00.000000069,100011,100,99963,100,100012,100,99962,100,100059,100,99957,100,100084,100,99955,300,100094,100,99952,100,100169,100,99951,100,100192,100,99934,100,,,99922,100,,,99917,200,,,99914,100
2019-06-28 09:30:00.000000070,100011,100,99963,100,100012,100,99962,100,100059,100,99957,100,100084,100,99955,300,100094,100,99952,100,100169,100,99951,100,100192,100,99934,100,,,99922,100,,,99921,100,,,99917,200
2019-06-28 09:30:00.000000071,100011,100,99970,100,100012,100,99963,100,100059,100,99962,100,100084,100,99957,100,100094,100,99955,300,100169,100,99952,100,100192,100,99951,100,,,99934,100,,,99922,100,,,99921,100
2019-06-28 09:30:00.000000073,100011,100,99970,100,100012,100,99963,100,100059,100,99962,100,100084,100,99957,100,100094,100,99955,300,100169,100,99952,100,100192,100,99951,100,,,99948,100,,,99934,100,,,99922,100
2019-06-28 09:30:00.000000075,100001,100,99970,100,100011,100,99963,100,100012,100,99962,100,100059,100,99957,100,100084,100,99955,300,100094,100,99952,100,100169,100,99951,100,100192,100,99948,100,,,99934,100,,,99922,100
2019-06-28 09:30:00.000000077,100001,100,99987,100,100011,100,99970,100,100012,100,99963,100,100059,100,99962,100,100084,100,99957,100,100094,100,99955,300,100169,100,99952,100,100192,100,99951,100,,,99948,100,,,99934,100
2019-06-28 09:30:00.000000078,100001,100,99987,100,100011,100,99974,100,100012,100,99970,100,100059,100,99963,100,100084,100,99962,100,100094,100,99957,100,100169,100,99955,300,100192,100,99952,100,,,99951,100,,,99948,100
2019-06-28 09:30:00.000000080,100001,100,99987,100,100011,100,99974,100,100012,100,99970,100,100059,100,99963,100,100084,100,99962,100,100094,100,99957,100,100169,100,99955,300,100192,100,99952,100,,,99951,100,,,99948,100
2019-06-28 09:30:00.000000081,100001,100,99987,100,100011,100,99974,100,100012,100,99970,100,100059,100,99963,100,100084,100,99962,100,100094,100,99957,100,100169,100,99955,300,100192,100,99952,100,,,99951,100,,,99948,100
2019-06-28 09:30:00.000000083,100001,100,99987,100,100011,100,99974,100,100012,100,99970,100,100059,100,99963,100,100068,100,99962,100,100084,100,99957,100,100094,100,99955,300,100169,100,99952,100,100192,100,99951,100,,,99948,100
2019-06-28 09:30:00.000000084,100001,100,99987,100,100011,100,99978,100,100012,100,99974,100,100059,100,99970,100,100068,100,99963,100,100084,100,99962,100,100094,100,99957,100,100169,100,99955,300,100192,100,99952,100,,,99951,100
2019-06-28 09:30:00.000000087,100001,100,99978,100,100011,100,99974,100,100012,100,99970,100,100059,100,99963,100,100068,100,99962,100,100084,100,99957,100,100094,100,99955,300,100169,100,99952,100,100192,100,99951,100,,,99948,100
2019-06-28 09:30:00.000000089,100001,100,99978,100,100011,100,99974,100,100012,100,99970,100,100059,100,99963,100,100068,100,99962,100,100084,100,99957,100,100086,100,99955,300,100094,100,99952,100,100169,100,99951,100,100192,100,99948,100
2019-06-28 09:30:00.000000090,100001,100,99978,100,100011,100,99974,100,100012,100,99970,100,100041,100,99963,100,100059,100,99962,100,100068,100,99957,100,100084,100,99955,300,100086,100,99952,100,100094,100,99951,100,100169,100,99948,100
2019-06-28 09:30:00.000000093,100012,100,99978,100,100041,100,99974,100,100059,100,99970,100,100068,100,99963,100,100084,100,99962,100,100086,100,99957,100,100094,100,99955,300,100169,100,99952,100,100177,100,99951,100,100192,100,99948,100
2019-06-28 09:30:00.000000096,100012,200,99978,100,100041,100,99974,100,100059,100,99970,100,100068,100,99963,100,100084,100,99962,100,100086,100,99957,100,100094,100,99955,300,100169,100,99952,100,100177,100,99951,100,100192,100,99948,100
2019-06-28 09:30:00.000000098,100012,200,99978,100,100041,100,99974,100,100059,100,99970,100,100068,100,99963,100,100084,100,99962,100,100086,100,99957,100,100094,100,99955,300,100169,100,99952,100,100177,100,99951,100,100192,100,99948,100
2019-06-28 09:30:00.000000099,100012,200,99974,100,100041,100,99970,100,100059,100,99963,100,100068,100,99962,100,100084,100,99957,100,100086,100,99955,300,100094,100,99952,100,100169,100,99951,100,100177,100,99948,100,100192,100,99937,100
2019-06-28 09:30:02.608442050,100012,200,99978,100,100041,100,99970,100,100059,100,99963,100,100068,100,99962,100,100084,100,99957,100,100086,100,99955,300,100094,100,99952,100,100169,100,99951,100,100177,100,99948,100,100192,100,99937,100
2019-06-28 09:30:10.000000000,100012,274,99978,174,100041,174,99970,174,100059,174,99963,174,100068,174,99962,174,100084,100,99957,100,100086,100,99955,300,100094,100,99952,100,100169,100,99951,100,100177,100,99948,100,100192,100,99937,100
2019-06-28 09:30:14.197098084,100012,274,99978,174,100041,174,99970,174,100059,174,99963,174,100068,174,99962,174,100084,100,99957,100,100086,100,99955,300,100094,100,99952,100,100169,100,99951,100,100177,100,99948,100,100192,100,99937,100
2019-06-28 09:30:20.000000000,100012,274,99978,174,100041,174,99970,174,100059,174,99963,174,100068,174,99962,174,100084,100,99957,100,100086,100,99955,300,100094,100,99952,100,100169,100,99951,100,100177,100,99948,100,100192,100,99937,100
2019-06-28 09:30:30.000000000,100012,498,99978,398,100041,100,99970,100,100059,100,99963,100,100068,100,99962,100,100084,100,99957,100,100086,100,99955,300,100094,100,99952,100,100169,100,99951,100,100177,100,99948,100,100192,100,99937,100
2019-06-28 09:30:40.000000000,100012,498,99978,398,100041,100,99970,100,100059,100,99963,100,100068,100,99962,100,100084,100,99957,100,100086,100,99955,300,100094,100,99952,100,100169,100,99951,100,100177,100,99948,100,100192,100,99937,100
2019-06-28 09:30:40.455116109,100011,100,99978,398,100012,498,99970,100,100041,100,99963,100,100059,100,99962,100,100068,100,99957,100,100084,100,99955,200,100086,100,99952,100,100094,100,99951,100,100169,100,99948,100,100177,100,99937,100
2019-06-28 09:30:45.710865730,100011,200,99978,398,100012,498,99970,100,100041,100,99963,100,100059,100,99962,100,100068,100,99957,100,100084,100,99955,200,100086,100,99952,100,100094,100,99951,100,100169,100,99948,100,100177,100,99937,100
2019-06-28 09:30:50.000000000,100011,498,99978,398,100012,200,99970,100,100041,100,99963,100,100059,100,99962,100,100068,100,99957,100,100084,100,99955,200,100086,100,99952,100,100094,100,99951,100,100169,100,99948,100,100177,100,99937,100
2019-06-28 09:31:00.000000000,100011,498,99978,398,100012,200,99970,100,100041,100,99963,100,100059,100,99962,100,100068,100,99957,100,100084,100,99955,200,100086,100,99952,100,100094,100,99951,100,100169,100,99948,100,100177,100,99937,100
2019-06-28 09:31:01.630930119,100011,498,99978,398,100012,200,99970,100,100041,100,99963,100,100059,100,99962,100,100068,100,99957,100,100084,100,99955,200,100086,100,99952,100,100094,100,99951,100,100126,100,99948,100,100169,100,99937,100
2019-06-28 09:31:04.256981502,100011,498,99978,398,100012,200,99970,100,100041,100,99963,100,100059,100,99962,100,100068,100,99957,100,100084,100,99955,200,100086,100,99952,100,100094,100,99951,100,100126,100,99948,100,100169,100,99937,100
2019-06-28 09:31:06.069080313,100011,498,99978,398,100012,200,99970,100,100041,100,99963,100,100059,100,99962,100,100068,100,99957,100,100084,100,99955,200,100086,100,99952,100,100094,100,99951,100,100126,100,99948,100,100169,100,99937,100
2019-06-28 09:31:10.000000000,100011,498,99978,398,100012,200,99970,100,100041,100,99963,100,100059,100,99962,100,100068,100,99957,100,100084,100,99955,200,100086,100,99952,100,100094,100,99951,100,100126,100,99948,100,100169,100,99937,100
2019-06-28 09:31:20.000000000,100011,301,99978,201,100012,298,99970,198,100041,198,99963,198,100059,100,99962,100,100068,100,99957,100,100084,100,99955,200,100086,100,99952,100,100094,100,99951,100,100126,100,99948,100,100169,100,99937,100
2019-06-28 09:31:20.357123324,100011,201,99978,201,100012,298,99970,198,100041,198,99963,198,100059,100,99962,100,100068,100,99957,100,100084,100,99955,200,100086,100,99952,100,100094,100,99951,100,100126,100,99948,100,100169,100,99937,100
2019-06-28 09:31:30.000000000,100011,398,99978,398,100012,200,99970,100,100041,100,99963,100,100059,100,99962,100,100068,100,99957,100,100084,100,99955,200,100086,100,99952,100,100094,100,99951,100,100126,100,99948,100,100169,100,99937,100
2019-06-28 09:31:40.000000000,100011,174,99978,174,100012,274,99970,174,100041,174,99963,174,100059,174,99962,174,100068,100,99957,100,100084,100,99955,200,100086,100,99952,100,100094,100,99951,100,100126,100,99948,100,100169,100,99937,100
2019-06-28 09:31:47.761646451,100011,174,99978,174,100012,274,99970,174,100041,174,99963,174,100059,174,99962,174,100068,100,99957,100,100084,100,99955,200,100086,100,99952,100,100094,100,99951,100,100126,100,99948,100,100169,100,99936,100
2019-06-28 09:31:50.000000000,100011,160,99978,160,100012,260,99970,160,100041,160,99963,160,100059,160,99962,160,100068,160,99957,160,100084,100,99955,200,100086,100,99952,100,100094,100,99951,100,100126,100,99948,100,100169,100,99936,100
2019-06-28 09:31:56.207406168,100011,160,99979,100,100012,260,99978,160,100041,160,99970,160,100059,160,99963,160,100068,160,99962,160,100084,100,99957,160,100086,100,99955,200,100094,100,99952,100,100126,100,99951,100,100169,100,99948,100
2019-06-28 09:32:00.000000000,100011,398,99979,398,100012,200,99978,100,100041,100,99970,100,100059,100,99963,100,100068,100,99962,100,100084,100,99957,100,100086,100,99955,200,100094,100,99952,100,100126,100,99951,100,100169,100,99948,100
2019-06-28 09:32:07.558298908,100011,398,99979,398,100012,200,99978,100,100030,100,99970,100,100041,100,99963,100,100059,100,99962,100,100068,100,99957,100,100084,100,99955,200,100086,100,99952,100,100094,100,99951,100,100126,100,99948,100
2019-06-28 09:32:10.000000000,100011,174,99979,174,100012,274,99978,174,100030,174,99970,174,100041,174,99963,174,100059,100,99962,100,100068,100,99957,100,100084,100,99955,200,100086,100,99952,100,100094,100,99951,100,100126,100,99948,100
2019-06-28 09:32:17.032410116,100011,174,99979,174,100012,274,99978,174,100030,174,99970,174,100041,174,99963,174,100059,100,99962,100,100068,100,99955,200,100084,100,99952,100,100086,100,99951,100,100094,100,99948,100,100126,100,99936,100
2019-06-28 09:32:20.000000000,100011,160,99979,160,100012,260,99978,160,100030,160,99970,160,100041,160,99963,160,100059,160,99962,160,100068,100,99955,200,100084,100,99952,100,100086,100,99951,100,100094,100,99948,100,100126,100,99936,100
2019-06-28 09:32:30.000000000,100011,201,99979,201,100012,298,99978,198,100030,198,99970,198,100041,100,99963,100,100059,100,99962,100,100068,100,99955,200,100084,100,99952,100,100086,100,99951,100,100094,100,99948,100,100126,100,99936,100
2019-06-28 09:32:40.000000000,100011,249,99979,249,100012,349,99978,249,100030,100,99970,100,100041,100,99963,100,100059,100,99962,100,100068,100,99955,200,100084,100,99952,100,100086,100,99951,100,100094,100,99948,100,100126,100,99936,100
2019-06-28 09:32:41.280480453,100011,249,99979,349,100012,349,99978,249,100030,100,99970,100,100041,100,99963,100,100059,100,99962,100,100068,100,99955,200,100084,100,99952,100,100086,100,99951,100,100094,100,99948,100,100126,100,99936,100
2019-06-28 09:32:45.627369946,100011,249,99979,449,100012,349,99978,249,100030,100,99970,100,100041,100,99963,100,100059,100,99962,100,100068,100,99955,200,100084,100,99952,100,100086,100,99951,100,100094,100,99948,100,100126,100,99936,100
2019-06-28 09:32:50.000000000,100011,398,99979,598,100012,200,99978,100,100030,100,99970,100,100041,100,99963,100,100059,100,99962,100,100068,100,99955,200,100084,100,99952,100,100086,100,99951,100,100094,100,99948,100,100126,100,99936,100
2019-06-28 09:33:00.000000000,100011,174,99979,374,100012,274,99978,174,100030,174,99970,174,100041,174,99963,174,100059,100,99962,100,100068,100,99955,200,100084,100,99952,100,100086,100,99951,100,100094,100,99948,100,100126,100,99936,100
2019-06-28 09:33:10.000000000,100011,398,99979,598,100012,200,99978,100,100030,100,99970,100,100041,100,99963,100,100059,100,99962,100,100068,100,99955,200,100084,100,99952,100,100086,100,99951,100,100094,100,99948,100,100126,100,99936,100
2019-06-28 09:33:16.478509868,100011,298,99979,598,100012,200,99978,100,100030,100,99970,100,100041,100,99963,100,100059,100,99962,100,100068,100,99955,200,100084,100,99952,100,100086,100,99951,100,100094,100,99948,100,100126,100,99936,100
2019-06-28 09:33:18.928405156,100011,198,99979,598,100012,200,99978,100,100030,100,99970,100,100041,100,99963,100,100059,100,99962,100,100068,100,99955,200,100084,100,99952,100,100086,100,99948,100,100094,100,99936,100,100126,100,99934,100
2019-06-28 09:33:20.000000000,100012,498,99979,598,100030,100,99978,100,100041,100,99970,100,100059,100,99963,100,100068,100,99962,100,100084,100,99955,200,100086,100,99952,100,100094,100,99948,100,100126,100,99936,100,100169,100,99934,100
2019-06-28 09:33:26.183400674,100012,398,99979,598,100030,100,99978,100,100041,100,99970,100,100059,100,99963,100,100068,100,99962,100,100084,100,99955,200,100086,100,99952,100,100094,100,99936,100,100126,100,99934,100,100169,100,99922,100
2019-06-28 09:33:30.000000000,100012,174,99979,374,100030,174,99978,174,100041,174,99970,174,100059,174,99963,174,100068,100,99962,100,100084,100,99955,200,100086,100,99952,100,100094,100,99936,100,100126,100,99934,100,100169,100,99922,100
2019-06-28 09:33:40.000000000,100012,160,99979,360,100030,160,99978,160,100041,160,99970,160,100059,160,99963,160,100068,160,99962,160,100084,100,99955,200,100086,100,99952,100,100094,100,99936,100,100126,100,99934,100,100169,100,99922,100
2019-06-28 09:33:50.000000000,100012,174,99979,374,100030,174,99978,174,100041,174,99970,174,100059,174,99963,174,100068,100,99962,100,100084,100,99955,200,100086,100,99952,100,100094,100,99936,100,100126,100,99934,100,100169,100,99922,100
2019-06-28 09:33:57.512217669,100012,174,99979,374,100030,174,99978,174,100041,174,99970,174,100059,174,99963,174,100068,100,99962,100,100084,100,99955,200,100086,100,99952,100,100094,100,99936,100,100126,100,99934,100,100169,100,99922,100
2019-06-28 09:34:00.000000000,100012,174,99979,374,100030,174,99978,174,100041,174,99970,174,100059,174,99963,174,100068,100,99962,100,100084,100,99955,200,100086,100,99952,100,100094,100,99936,100,100126,100,99934,100,100169,100,99922,100
2019-06-28 09:34:10.000000000,100012,249,99979,449,100030,249,99978,249,100041,100,99970,100,100059,100,99963,100,100068,100,99962,100,100084,100,99955,200,100086,100,99952,100,100094,100,99936,100,100126,100,99934,100,100169,100,99922,100
2019-06-28 09:34:16.501418904,100012,149,99979,449,100030,249,99978,249,100041,100,99970,100,100059,100,99963,100,100068,100,99962,100,100084,100,99955,200,100086,100,99952,100,100094,100,99936,100,100126,100,99934,100,100169,100,99922,100
2019-06-28 09:34:20.000000000,100030,160,99979,360,100041,160,99978,160,100059,160,99970,160,100068,160,99963,160,100084,160,99962,160,100086,100,99955,200,100094,100,99952,100,100126,100,99936,100,100169,100,99934,100,100192,100,99922,100
2019-06-28 09:34:30.000000000,100030,160,99979,360,100041,160,99978,160,100059,160,99970,160,100068,160,99963,160,100084,160,99962,160,100086,100,99955,200,100094,100,99952,100,100126,100,99936,100,100169,100,99934,100,100192,100,99922,100
2019-06-28 09:34:32.809089138,100030,160,99979,360,100041,160,99978,160,100059,160,99970,160,100068,160,99963,160,100084,160,99962,160,100086,100,99955,200,100094,100,99952,100,100126,100,99936,100,100169,100,99934,100,100192,100,99922,100
2019-06-28 09:34:33.575724447,100030,160,99979,360,100041,160,99978,160,100059,160,99970,160,100068,60,99963,160,100084,160,99962,160,100086,100,99955,200,100094,100,99952,100,100126,100,99936,100,100169,100,99934,100,100192,100,99922,100
2019-06-28 09:34:40.000000000,100030,398,99979,598,100041,100,99978,100,100059,100,99970,100,100084,100,99963,100,100086,100,99962,100,100094,100,99955,200,100126,100,99952,100,100169,100,99936,100,100192,100,99934,100,100218,100,99922,100
2019-06-28 09:34:40.835138057,100030,398,99979,598,100041,100,99978,100,100059,100,99970,100,100084,100,99963,100,100086,100,99962,100,100094,100,99955,200,100169,100,99952,100,100192,100,99936,100,100218,100,99934,100,100230,100,99922,100
2019-06-28 09:34:50.000000000,100030,249,99979,449,100041,249,99978,249,100059,100,99970,100,100084,100,99963,100,100086,100,99962,100,100094,100,99955,200,100169,100,99952,100,100192,100,99936,100,100218,100,99934,100,100230,100,99922,100
2019-06-28 09:34:52.324708638,100030,249,99979,449,100041,249,99978,249,100059,100,99970,100,100084,100,99963,100,100086,100,99962,100,100094,100,99955,100,100169,100,99952,100,100192,100,99936,100,100218,100,99934,100,100230,100,99922,100
2019-06-28 09:35:00.000000000,100030,160,99979,360,100041,160,99978,160,100059,160,99970,160,100084,160,99963,160,100086,160,99962,160,100094,100,99955,100,100169,100,99952,100,100192,100,99936,100,100218,100,99934,100,100230,100,99922,100
2019-06-28 09:35:10.000000000,100030,174,99979,374,100041,174,99978,174,100059,174,99970,174,100084,174,99963,174,100086,100,99962,100,100094,100,99955,100,100169,100,99952,100,100192,100,99936,100,100218,100,99934,100,100230,100,99922,100
2019-06-28 09:35:20.000000000,100030,249,99979,449,100041,249,99978,249,100059,100,99970,100,100084,100,99963,100,100086,100,99962,100,100094,100,99955,100,100169,100,99952,100,100192,100,99936,100,100218,100,99934,100,100230,100,99922,100
2019-06-28 09:35:26.369111749,99992,100,99979,449,100030,249,99978,249,100041,249,99970,100,100059,100,99963,100,100084,100,99962,100,100086,100,99955,100,100094,100,99952,100,100169,100,99936,100,100192,100,99922,100,100218,100,99921,100
2019-06-28 09:35:30.000000000,99992,174,99979,374,100030,174,99978,174,100041,174,99970,174,100059,174,99963,174,100084,100,99962,100,100086,100,99955,100,100094,100,99952,100,100169,100,99936,100,100192,100,99922,100,100218,100,99921,100
2019-06-28 09:35:32.707831207,99992,174,99979,374,100011,100,99978,174,100030,174,99970,174,100041,174,99963,174,100059,174,99962,100,100084,100,99955,100,100086,100,99952,100,100094,100,99936,100,100169,100,99922,100,100192,100,99921,100
2019-06-28 09:35:40.000000000,99992,160,99979,360,100011,160,99978,160,100030,160,99970,160,100041,160,99963,160,100059,160,99962,160,100084,100,99955,100,100086,100,99952,100,100094,100,99936,100,100169,100,99922,100,100192,100,99921,100
2019-06-28 09:35:45.287540485,99992,160,99979,360,100011,160,99978,160,100030,60,99970,160,100041,160,99963,160,100049,100,99962,160,100059,160,99955,100,100084,100,99952,100,100086,100,99936,100,100094,100,99922,100,100169,100,99921,100
2019-06-28 09:35:46.966955180,99992,60,99979,360,100011,160,99978,160,100030,60,99970,160,100041,160,99963,160,100049,100,99962,160,100059,160,99955,100,100084,100,99952,100,100086,100,99936,100,100094,100,99922,100,100169,100,99921,100
2019-06-28 09:35:50.000000000,100011,160,99979,360,100041,160,99978,160,100049,160,99970,160,100059,160,99963,160,100084,160,99962,160,100086,100,99955,100,100094,100,99952,100,100169,100,99936,100,100192,100,99922,100,100218,100,99921,100
2019-06-28 09:36:00.000000000,100011,201,99979,401,100041,198,99978,198,100049,198,99970,198,100059,100,99963,100,100084,100,99962,100,100086,100,99955,100,100094,100,99952,100,100169,100,99936,100,100192,100,99922,100,100218,100,99921,100
2019-06-28 09:36:10.000000000,100011,174,99979,374,100041,174,99978,174,100049,174,99970,174,100059,174,99963,174,100084,100,99962,100,100086,100,99955,100,100094,100,99952,100,100169,100,99936,100,100192,100,99922,100,100218,100,99921,100
2019-06-28 09:36:17.533172697,100011,174,99986,100,100041,174,99979,374,100049,174,99978,174,100059,174,99970,174,100086,100,99963,174,100094,100,99962,100,100169,100,99955,100,100192,100,99952,100,100218,100,99936,100,100230,100,99922,100
2019-06-28 09:36:20.000000000,100011,201,99986,201,100041,198,99979,398,100049,198,99978,198,100059,100,99970,100,100086,100,99963,100,100094,100,99962,100,100169,100,99955,100,100192,100,99952,100,100218,100,99936,100,100230,100,99922,100
2019-06-28 09:36:24.117141481,100011,201,99986,201,100041,198,99979,398,100049,198,99978,198,100059,100,99970,100,100094,100,99963,100,100169,100,99962,100,100192,100,99955,100,100218,100,99952,100,100230,100,99936,100,100597,100,99922,100
2019-06-28 09:36:26.135333992,100011,201,99986,201,100041,198,99979,398,100049,198,99978,198,100059,100,99970,100,100094,100,99963,100,100169,100,99962,100,100192,100,99955,100,100218,100,99952,100,100230,100,99936,100,100273,100,99922,100
2019-06-28 09:36:29.138277813,99991,100,99986,201,100011,201,99979,398,100041,198,99978,198,100049,198,99970,100,100059,100,99963,100,100094,100,99962,100,100169,100,99955,100,100192,100,99952,100,100218,100,99936,100,100230,100,99922,100
2019-06-28 09:36:29.936606578,99991,100,99986,201,100011,201,99979,298,100041,198,99978,198,100049,198,99970,100,100059,100,99963,100,100094,100,99962,100,100169,100,99955,100,100192,100,99952,100,100218,100,99936,100,100230,100,99922,100
2019-06-28 09:36:30.000000000,99991,201,99986,201,100011,198,99979,298,100041,198,99978,198,100049,100,99970,100,100059,100,99963,100,100094,100,99962,100,100169,100,99955,100,100192,100,99952,100,100218,100,99936,100,100230,100,99922,100
2019-06-28 09:36:40.000000000,99991,174,99986,174,100011,174,99979,274,100041,174,99978,174,100049,174,99970,174,100059,100,99963,100,100094,100,99962,100,100169,100,99955,100,100192,100,99952,100,100218,100,99936,100,100230,100,99922,100
2019-06-28 09:36:50.000000000,99991,201,99986,201,100011,198,99979,298,100041,198,99978,198,100049,100,99970,100,100059,100,99963,100,100094,100,99962,100,100169,100,99955,100,100192,100,99952,100,100218,100,99936,100,100230,100,99922,100
2019-06-28 09:36:51.668647871,99991,201,99986,201,100011,198,99979,298,100041,198,99978,198,100049,100,99970,100,100059,100,99963,100,100094,100,99962,100,100169,100,99955,100,100192,100,99952,100,100218,100,99936,100,100230,100,99922,100
2019-06-28 09:37:00.000000000,99991,249,99986,249,100011,249,99979,349,100041,100,99978,100,100049,100,99970,100,100059,100,99963,100,100094,100,99962,100,100169,100,99955,100,100192,100,99952,100,100218,100,99936,100,100230,100,99922,100
2019-06-28 09:37:10.000000000,99991,160,99986,160,100011,160,99979,260,100041,160,99978,160,100049,160,99970,160,100059,160,99963,160,100094,100,99962,100,100169,100,99955,100,100192,100,99952,100,100218,100,99936,100,100230,100,99922,100
2019-06-28 09:37:15.146467680,99991,160,99986,160,100011,160,99979,260,100041,160,99978,160,100049,160,99970,160,100059,160,99963,160,100094,100,99962,100,100169,100,99955,100,100192,100,99936,100,100218,100,99922,100,100230,100,99921,100
2019-06-28 09:37:20.000000000,99991,201,99986,201,100011,198,99979,298,100041,198,99978,198,100049,100,99970,100,100059,100,99963,100,100094,100,99962,100,100169,100,99955,100,100192,100,99936,100,100218,100,99922,100,100230,100,99921,100
2019-06-28 09:37:27.243832074,99991,301,99986,201,100011,198,99979,298,100041,198,99978,198,100049,100,99970,100,100059,100,99963,100,100094,100,99962,100,100169,100,99955,100,100192,100,99936,100,100218,100,99922,100,100230,100,99921,100
2019-06-28 09:37:30.000000000,99991,301,99986,201,100011,198,99979,298,100041,198,99978,198,100049,100,99970,100,100059,100,99963,100,100094,100,99962,100,100169,100,99955,100,100192,100,99936,100,100218,100,99922,100,100230,100,99921,100
2019-06-28 09:37:40.000000000,99991,260,99986,160,100011,160,99979,260,100041,160,99978,160,100049,160,99970,160,100059,160,99963,160,100094,100,99962,100,100169,100,99955,100,100192,100,99936,100,100218,100,99922,100,100230,100,99921,100
2019-06-28 09:37:50.000000000,99991,349,99986,249,100011,249,99979,349,100041,100,99978,100,100049,100,99970,100,100059,100,99963,100,100094,100,99962,100,100169,100,99955,100,100192,100,99936,100,100218,100,99922,100,100230,100,99921,100
2019-06-28 09:37:57.058904685,99991,249,99986,249,100011,249,99979,349,100041,100,99978,100,100049,100,99970,100,100059,100,99963,100,100094,100,99962,100,100169,100,99955,100,100192,100,99936,100,100218,100,99922,100,100230,100,99921,100
2019-06-28 09:38:00.000000000,99991,398,99986,398,100011,100,99979,200,100041,100,99978,100,100049,100,99970,100,100059,100,99963,100,100094,100,99962,100,100169,100,99955,100,100192,100,99936,100,100218,100,99922,100,100230,100,99921,100
2019-06-28 09:38:08.801747772,99991,398,99986,398,100011,100,99979,100,100041,100,99978,100,100049,100,99970,100,100059,100,99963,100,100094,100,99962,100,100169,100,99955,100,100192,100,99936,100,100218,100,99922,100,100230,100,99921,100
2019-06-28 09:38:10.000000000,99991,249,99986,249,100011,249,99979,249,100041,100,99978,100,100049,100,99970,100,100059,100,99963,100,100094,100,99962,100,100169,100,99955,100,100192,100,99936,100,100218,100,99922,100,100230,100,99921,100
2019-06-28 09:38:20.000000000,99991,398,99986,398,100011,100,99979,100,100041,100,99978,100,100049,100,99970,100,100059,100,99963,100,100094,100,99962,100,100169,100,99955,100,100192,100,99936,100,100218,100,99922,100,100230,100,99921,100
2019-06-28 09:38:30.000000000,99991,174,99986,174,100011,174,99979,174,100041,174,99978,174,100049,174,99970,174,100059,100,99963,100,100094,100,99962,100,100169,100,99955,100,100192,100,99936,100,100218,100,99922,100,100230,100,99921,100
2019-06-28 09:38:34.772247316,99991,174,99986,174,100011,174,99979,174,100041,174,99978,174,100049,174,99970,174,100059,100,99963,100,100094,100,99962,100,100169,100,99955,100,100192,100,99936,100,100218,100,99922,100,100230,100,99921,100
2019-06-28 09:38:38.076263447,99990,100,99986,174,99991,74,99979,174,100011,174,99978,174,100041,174,99970,174,100049,174,99963,100,100059,100,99962,100,100094,100,99955,100,100169,100,99936,100,100192,100,99922,100,100218,100,99921,100
2019-06-28 09:38:40.000000000,99990,160,99986,160,100011,160,99979,160,100041,160,99978,160,100049,160,99970,160,100059,160,99963,160,100094,100,99962,100,100169,100,99955,100,100192,100,99936,100,100218,100,99922,100,100230,100,99921,100
2019-06-28 09:38:44.594902483,99990,160,99986,160,100011,160,99979,160,100041,160,99978,160,100049,160,99970,160,100059,160,99963,160,100094,100,99962,100,100169,100,99955,100,100192,100,99936,100,100218,100,99922,100,100230,100,99921,100
2019-06-28 09:38:50.000000000,99990,160,99986,160,100011,160,99979,160,100041,160,99978,160,100049,160,99970,160,100059,160,99963,160,100094,100,99962,100,100169,100,99955,100,100192,100,99936,100,100218,100,99922,100,100230,100,99921,100
2019-06-28 09:38:57.003294624,99990,160,99986,60,100011,160,99979,160,100041,160,99978,160,100049,160,99970,160,100059,160,99963,160,100094,100,99962,100,100169,100,99955,100,100192,100,99936,100,100218,100,99922,100,100230,100,99921,100
2019-06-28 09:39:00.000000000,99990,201,99979,201,100011,198,99978,198,100041,198,99970,198,100049,100,99963,100,100059,100,99962,100,100094,100,99955,100,100169,100,99936,100,100192,100,99922,100,100218,100,99921,100,100230,100,99917,100
2019-06-28 09:39:10.000000000,99990,174,99979,174,100011,174,99978,174,100041,174,99970,174,100049,174,99963,174,100059,100,99962,100,100094,100,99955,100,100169,100,99936,100,100192,100,99922,100,100218,100,99921,100,100230,100,99917,100
2019-06-28 09:39:20.000000000,99990,201,99979,201,100011,198,99978,198,100041,198,99970,198,100049,100,99963,100,100059,100,99962,100,100094,100,99955,100,100169,100,99936,100,100192,100,99922,100,100218,100,99921,100,100230,100,99917,100
2019-06-28 09:39:30.000000000,99990,160,99979,160,100011,160,99978,160,100041,160,99970,160,100049,160,99963,160,100059,160,99962,160,100094,100,99955,100,100169,100,99936,100,100192,100,99922,100,100218,100,99921,100,100230,100,99917,100
2019-06-28 09:39:40.000000000,99990,160,99979,160,100011,160,99978,160,100041,160,99970,160,100049,160,99963,160,100059,160,99962,160,100094,100,99955,100,100169,100,99936,100,100192,100,99922,100,100218,100,99921,100,100230,100,99917,100
2019-06-28 09:39:50.000000000,99990,174,99979,174,100011,174,99978,174,100041,174,99970,174,100049,174,99963,174,100059,100,99962,100,100094,100,99955,100,100169,100,99936,100,100192,100,99922,100,100218,100,99921,100,100230,100,99917,100
2019-06-28 09:39:56.730558949,99990,174,99979,174,100011,174,99978,174,100041,174,99970,174,100049,174,99963,174,100059,100,99962,100,100094,100,99955,100,100169,100,99948,100,100192,100,99936,100,100218,100,99922,100,100230,100,99921,100
2019-06-28 09:40:00.000000000,99990,398,99979,398,100011,100,99978,100,100041,100,99970,100,100049,100,99963,100,100059,100,99962,100,100094,100,99955,100,100169,100,99948,100,100192,100,99936,100,100218,100,99922,100,100230,100,99921,100
2019-06-28 09:40:10.000000000,99990,160,99979,160,100011,160,99978,160,100041,160,99970,160,100049,160,99963,160,100059,160,99962,160,100094,100,99955,100,100169,100,99948,100,100192,100,99936,100,100218,100,99922,100,100230,100,99921,100
2019-06-28 09:40:12.138895871,99990,160,99979,160,100011,160,99978,160,100041,160,99970,160,100049,160,99963,160,100059,160,99962,160,100094,100,99955,100,100169,100,99948,100,100192,100,99936,100,100218,100,99922,100,100230,100,99921,100
2019-06-28 09:40:15.621376543,99990,60,99979,160,100011,160,99978,160,100041,160,99970,160,100049,160,99963,160,100059,160,99962,160,100094,100,99955,100,100169,100,99948,100,100192,100,99936,100,100218,100,99922,100,100230,100,99921,100
2019-06-28 09:40:20.000000000,100011,160,99979,160,100041,160,99978,160,100049,160,99970,160,100059,160,99963,160,100094,160,99962,160,100169,100,99955,100,100192,100,99948,100,100218,100,99936,100,100230,100,99922,100,100273,100,99921,100
2019-06-28 09:40:26.107001813,100011,160,99987,100,100041,160,99979,160,100049,160,99978,160,100059,160,99970,160,100094,160,99963,160,100169,100,99962,160,100192,100,99955,100,100218,100,99948,100,100230,100,99936,100,100273,100,99922,100
2019-06-28 09:40:30.000000000,100011,249,99987,249,100041,249,99979,249,100049,100,99978,100,100059,100,99970,100,100094,100,99963,100,100169,100,99962,100,100192,100,99955,100,100218,100,99948,100,100230,100,99936,100,100273,100,99922,100
2019-06-28 09:40:40.000000000,100011,398,99987,398,100041,100,99979,100,100049,100,99978,100,100059,100,99970,100,100094,100,99963,100,100169,100,99962,100,100192,100,99955,100,100218,100,99948,100,100230,100,99936,100,100273,100,99922,100
2019-06-28 09:40:42.643060607,100011,398,99987,298,100041,100,99979,100,100049,100,99978,100,100059,100,99970,100,100094,100,99963,100,100169,100,99955,100,100192,100,99948,100,100218,100,99936,100,100230,100,99922,100,100273,100,99921,100
2019-06-28 09:40:50.000000000,100011,249,99979,249,100041,249,99978,249,100049,100,99970,100,100059,100,99963,100,100094,100,99955,100,100169,100,99948,100,100192,100,99936,100,100218,100,99922,100,100230,100,99921,100,100273,100,99914,100
2019-06-28 09:40:57.876385871,100011,249,99979,249,100041,249,99978,249,100049,100,99970,100,100059,100,99963,100,100094,100,99955,100,100169,100,99948,100,100192,100,99936,100,100218,100,99922,100,100230,100,99921,100,100273,100,99914,100
2019-06-28 09:41:00.000000000,100011,174,99979,174,100041,174,99978,174,100049,174,99970,174,100059,174,99963,174,100094,100,99955,100,100169,100,99948,100,100192,100,99936,100,100218,100,99922,100,100230,100,99921,100,100273,100,99914,100
2019-06-28 09:41:07.071387995,100011,174,99979,174,100041,174,99978,174,100049,174,99970,174,100059,174,99963,174,100094,100,99955,100,100169,100,99948,100,100192,100,99936,100,100218,100,99922,100,100230,100,99921,100,100273,100,99914,100
2019-06-28 09:41:07.298546770,100011,174,99979,174,100041,174,99978,174,100049,174,99970,174,100059,174,99963,174,100094,100,99955,100,100169,100,99948,100,100192,100,99936,100,100218,100,99922,100,100230,100,99921,100,100273,100,99914,100
2019-06-28 09:41:10.000000000,100011,174,99979,174,100041,174,99978,174,100049,174,99970,174,100059,174,99963,174,100094,100,99955,100,100169,100,99948,100,100192,100,99936,100,100218,100,99922,100,100230,100,99921,100,100273,100,99914,100
2019-06-28 09:41:17.340807167,100011,174,99979,174,100041,174,99978,174,100049,174,99970,174,100059,174,99963,174,100068,100,99955,100,100094,100,99948,100,100169,100,99936,100,100192,100,99922,100,100218,100,99921,100,100230,100,99914,100
2019-06-28 09:41:20.000000000,100011,249,99979,249,100041,249,99978,249,100049,100,99970,100,100059,100,99963,100,100068,100,99955,100,100094,100,99948,100,100169,100,99936,100,100192,100,99922,100,100218,100,99921,100,100230,100,99914,100
2019-06-28 09:41:23.139677075,100011,249,99979,249,100041,249,99978,249,100049,100,99970,100,100059,100,99963,100,100068,100,99955,100,100094,100,99948,100,100105,100,99936,100,100169,100,99922,100,100192,100,99914,100,100218,100,99902,100
2019-06-28 09:41:30.000000000,100011,160,99979,160,100041,160,99978,160,100049,160,99970,160,100059,160,99963,160,100068,160,99955,160,100094,100,99948,100,100105,100,99936,100,100169,100,99922,100,100192,100,99914,100,100218,100,99902,100
2019-06-28 09:41:37.610213483,100011,160,99979,160,100041,160,99978,160,100049,160,99970,160,100059,160,99963,160,100068,160,99955,160,100094,100,99948,100,100105,100,99936,100,100169,100,99922,100,100192,100,99914,100,100218,100,99902,100
2019-06-28 09:41:40.000000000,100011,201,99979,201,100041,198,99978,198,100049,198,99970,198,100059,100,99963,100,100068,100,99955,100,100094,100,99948,100,100105,100,99936,100,100169,100,99922,100,100192,100,99914,100,100218,100,99902,100
2019-06-28 09:41:50.000000000,100011,174,99979,174,100041,174,99978,174,100049,174,99970,174,100059,174,99963,174,100068,100,99955,100,100094,100,99948,100,100105,100,99936,100,100169,100,99922,100,100192,100,99914,100,100218,100,99902,100
2019-06-28 09:41:53.747013238,100011,174,99979,174,100041,174,99978,174,100049,174,99970,174,100059,174,99963,174,100068,100,99955,100,100094,100,99948,100,100105,100,99936,100,100169,100,99922,100,100192,100,99914,100,100218,100,99902,100
2019-06-28 09:42:00.000000000,100011,174,99979,174,100041,174,99978,174,100049,174,99970,174,100059,174,99963,174,100068,100,99955,100,100094,100,99948,100,100105,100,99936,100,100169,100,99922,100,100192,100,99914,100,100218,100,99902,100
2019-06-28 09:42:10.000000000,100011,398,99979,398,100041,100,99978,100,100049,100,99970,100,100059,100,99963,100,100068,100,99955,100,100094,100,99948,100,100105,100,99936,100,100169,100,99922,100,100192,100,99914,100,100218,100,99902,100
2019-06-28 09:42:14.796569114,99989,100,99979,398,100011,398,99978,100,100041,100,99970,100,100049,100,99963,100,100059,100,99955,100,100068,100,99948,100,100094,100,99936,100,100105,100,99922,100,100169,100,99914,100,100192,100,99902,100
2019-06-28 09:42:20.000000000,99989,201,99979,201,100011,198,99978,198,100041,198,99970,198,100049,100,99963,100,100059,100,99955,100,100068,100,99948,100,100094,100,99936,100,100105,100,99922,100,100169,100,99914,100,100192,100,99902,100
2019-06-28 09:42:21.251886447,99989,201,99979,101,100011,198,99978,198,100041,198,99970,198,100049,100,99963,100,100059,100,99955,100,100068,100,99948,100,100094,100,99936,100,100105,100,99922,100,100169,100,99914,100,100192,100,99902,100
2019-06-28 09:42:25.423044667,99989,201,99979,1,100011,198,99978,198,100041,198,99970,198,100059,100,99963,100,100068,100,99955,100,100094,100,99948,100,100105,100,99936,100,100169,100,99922,100,100192,100,99914,100,100218,100,99902,100
2019-06-28 09:42:27.144438971,99979,99,99978,198,99989,201,99970,198,100011,198,99963,100,100041,198,99955,100,100059,100,99948,100,100068,100,99936,100,100094,100,99922,100,100105,100,99914,100,100169,100,99902,100,100192,100,99898,100
2019-06-28 09:42:30.000000000,99979,200,99978,201,99989,198,99970,198,100011,198,99963,198,100041,100,99955,100,100059,100,99948,100,100068,100,99936,100,100094,100,99922,100,100105,100,99914,100,100169,100,99902,100,100192,100,99898,100
2019-06-28 09:42:40.000000000,99979,159,99978,160,99989,160,99970,160,100011,160,99963,160,100041,160,99955,160,100059,160,99948,160,100068,100,99936,100,100094,100,99922,100,100105,100,99914,100,100169,100,99902,100,100192,100,99898,100
2019-06-28 09:42:50.000000000,99979,173,99978,174,99989,174,99970,174,100011,174,99963,174,100041,174,99955,174,100059,100,99948,100,100068,100,99936,100,100094,100,99922,100,100105,100,99914,100,100169,100,99902,100,100192,100,99898,100
2019-06-28 09:42:53.938394563,99979,173,99978,174,99989,174,99970,174,100011,174,99963,174,100041,174,99955,174,100059,100,99948,100,100068,100,99936,100,100094,100,99922,100,100105,100,99914,100,100112,100,99902,100,100169,100,99898,100
2019-06-28 09:42:58.950872183,99979,173,99978,174,99989,174,99970,174,100011,174,99963,174,100041,174,99955,174,100059,100,99948,100,100068,100,99936,100,100094,100,99914,100,100105,100,99902,100,100112,100,99898,100,100169,100,99889,100
2019-06-28 09:43:00.000000000,99979,397,99978,398,99989,100,99970,100,100011,100,99963,100,100041,100,99955,100,100059,100,99948,100,100068,100,99936,100,100094,100,99914,100,100105,100,99902,100,100112,100,99898,100,100169,100,99889,100
2019-06-28 09:43:10.000000000,99979,159,99978,160,99989,160,99970,160,100011,160,99963,160,100041,160,99955,160,100059,160,99948,160,100068,100,99936,100,100094,100,99914,100,100105,100,99902,100,100112,100,99898,100,100169,100,99889,100
2019-06-28 09:43:12.001546817,99979,159,99978,160,99989,160,99970,160,100011,160,99963,160,100028,100,99955,160,100041,160,99948,160,100059,160,99936,100,100068,100,99914,100,100094,100,99902,100,100105,100,99898,100,100112,100,99889,100
2019-06-28 09:43:20.000000000,99979,397,99978,398,99989,100,99970,100,100011,100,99963,100,100028,100,99955,100,100041,100,99948,100,100059,100,99936,100,100068,100,99914,100,100094,100,99902,100,100105,100,99898,100,100112,100,99889,100
2019-06-28 09:43:26.800976100,99979,297,99978,398,99989,100,99970,100,100011,100,99963,100,100028,100,99955,100,100041,100,99948,100,100059,100,99936,100,100068,100,99914,100,100094,100,99902,100,100105,100,99898,100,100112,100,99889,100
2019-06-28 09:43:30.000000000,99989,249,99978,249,100011,249,99970,249,100028,100,99963,100,100041,100,99955,100,100059,100,99948,100,100068,100,99936,100,100094,100,99914,100,100105,100,99902,100,100112,100,99898,100,100169,100,99889,100
2019-06-28 09:43:40.000000000,99989,249,99978,249,100011,249,99970,249,100028,100,99963,100,100041,100,99955,100,100059,100,99948,100,100068,100,99936,100,100094,100,99914,100,100105,100,99902,100,100112,100,99898,100,100169,100,99889,100
2019-06-28 09:43:50.000000000,99989,249,99978,249,100011,249,99970,249,100028,100,99963,100,100041,100,99955,100,100059,100,99948,100,100068,100,99936,100,100094,100,99914,100,100105,100,99902,100,100112,100,99898,100,100169,100,99889,100
2019-06-28 09:44:00.000000000,99989,160,99978,160,100011,160,99970,160,100028,160,99963,160,100041,160,99955,160,100059,160,99948,160,100068,100,99936,100,100094,100,99914,100,100105,100,99902,100,100112,100,99898,100,100169,100,99889,100
2019-06-28 09:44:10.000000000,99989,201,99978,201,100011,198,99970,198,100028,198,99963,198,100041,100,99955,100,100059,100,99948,100,100068,100,99936,100,100094,100,99914,100,100105,100,99902,100,100112,100,99898,100,100169,100,99889,100
2019-06-28 09:44:20.000000000,99989,201,99978,201,100011,198,99970,198,100028,198,99963,198,100041,100,99955,100,100059,100,99948,100,100068,100,99936,100,100094,100,99914,100,100105,100,99902,100,100112,100,99898,100,100169,100,99889,100
2019-06-28 09:44:30.000000000,99989,201,99978,201,100011,198,99970,198,100028,198,99963,198,100041,100,99955,100,100059,100,99948,100,100068,100,99936,100,100094,100,99914,100,100105,100,99902,100,100112,100,99898,100,100169,100,99889,100
2019-06-28 09:44:40.000000000,99989,249,99978,249,100011,249,99970,249,100028,100,99963,100,100041,100,99955,100,100059,100,99948,100,100068,100,99936,100,100094,100,99914,100,100105,100,99902,100,100112,100,99898,100,100169,100,99889,100
2019-06-28 09:44:41.847125707,99989,249,99978,249,100011,249,99970,249,100028,100,99963,100,100041,100,99955,100,100059,100,99948,100,100068,100,99936,100,100094,100,99914,100,100105,100,99902,100,100112,100,99898,100,100169,100,99889,100
2019-06-28 09:44:50.000000000,99989,201,99978,201,100011,198,99970,198,100028,198,99963,198,100041,100,99955,100,100059,100,99948,100,100068,100,99936,100,100094,100,99914,100,100105,100,99902,100,100112,100,99898,100,100169,100,99889,100
2019-06-28 09:44:54.168351589,99989,201,99978,101,100011,198,99970,198,100028,198,99963,198,100059,100,99955,100,100068,100,99948,100,100094,100,99936,100,100105,100,99914,100,100112,100,99902,100,100169,100,99898,100,100192,100,99889,100
2019-06-28 09:45:00.000000000,99989,398,99970,398,100011,100,99963,100,100028,100,99955,100,100059,100,99948,100,100068,100,99936,100,100094,100,99914,100,100105,100,99902,100,100112,100,99898,100,100169,100,99889,100,100192,100,99884,100
2019-06-28 09:45:10.000000000,99989,201,99970,201,100011,198,99963,198,100028,198,99955,198,100059,100,99948,100,100068,100,99936,100,100094,100,99914,100,100105,100,99902,100,100112,100,99898,100,100169,100,99889,100,100192,100,99884,100
2019-06-28 09:45:20.000000000,99989,201,99970,201,100011,198,99963,198,100028,198,99955,198,100059,100,99948,100,100068,100,99936,100,100094,100,99914,100,100105,100,99902,100,100112,100,99898,100,100169,100,99889,100,100192,100,99884,100
2019-06-28 09:45:23.489833125,99989,201,99970,201,100011,198,99963,198,100028,198,99955,198,100059,100,99948,100,100068,100,99936,100,100094,100,99914,100,100105,100,99902,100,100112,100,99898,100,100118,100,99889,100,100169,100,99884,100
2019-06-28 09:45:24.464023932,99989,101,99970,201,100011,198,99963,198,100028,198,99955,198,100059,100,99948,100,100068,100,99936,100,100094,100,99914,100,100105,100,99902,100,100112,100,99898,100,100118,100,99889,100,100169,100,99884,100
2019-06-28 09:45:24.974591635,99989,1,99970,201,100011,198,99963,198,100028,198,99955,198,100059,100,99948,100,100094,100,99936,100,100105,100,99914,100,100112,100,99902,100,100118,100,99898,100,100169,100,99889,100,100192,100,99884,100
2019-06-28 09:45:30.000000000,100011,249,99970,249,100028,249,99963,249,100059,100,99955,100,100094,100,99948,100,100105,100,99936,100,100112,100,99914,100,100118,100,99902,100,100169,100,99898,100,100192,100,99889,100,100218,100,99884,100
2019-06-28 09:45:31.671623029,100011,249,99989,100,100028,249,99970,249,100059,100,99963,249,100094,100,99955,100,100105,100,99948,100,100112,100,99936,100,100118,100,99914,100,100169,100,99902,100,100192,100,99898,100,100218,100,99889,100
2019-06-28 09:45:33.984834140,100011,249,99989,100,100028,249,99970,249,100059,100,99963,249,100094,100,99955,100,100105,100,99948,100,100112,100,99936,100,100118,100,99914,100,100169,100,99902,100,100192,100,99898,100,100218,100,99889,100
2019-06-28 09:45:40.000000000,100011,249,99989,249,100028,249,99970,249,100059,100,99963,100,100094,100,99955,100,100105,100,99948,100,100112,100,99936,100,100118,100,99914,100,100169,100,99902,100,100192,100,99898,100,100218,100,99889,100
2019-06-28 09:45:50.000000000,100011,249,99989,249,100028,249,99970,249,100059,100,99963,100,100094,100,99955,100,100105,100,99948,100,100112,100,99936,100,100118,100,99914,100,100169,100,99902,100,100192,100,99898,100,100218,100,99889,100
2019-06-28 09:46:00.000000000,100011,249,99989,249,100028,249,99970,249,100059,100,99963,100,100094,100,99955,100,100105,100,99948,100,100112,100,99936,100,100118,100,99914,100,100169,100,99902,100,100192,100,99898,100,100218,100,99889,100
2019-06-28 09:46:09.318405503,100011,249,99989,249,100028,249,99970,249,100059,100,99963,100,100094,100,99955,100,100105,100,99948,100,100112,100,99936,100,100118,100,99914,100,100130,100,99902,100,100169,100,99898,100,100192,100,99889,100
2019-06-28 09:46:10.000000000,100011,249,99989,249,100028,249,99970,249,100059,100,99963,100,100094,100,99955,100,100105,100,99948,100,100112,100,99936,100,100118,100,99914,100,100130,100,99902,100,100169,100,99898,100,100192,100,99889,100
2019-06-28 09:46:20.000000000,100011,201,99989,201,100028,198,99970,198,100059,198,99963,198,100094,100,99955,100,100105,100,99948,100,100112,100,99936,100,100118,100,99914,100,100130,100,99902,100,100169,100,99898,100,100192,100,99889,100
2019-06-28 09:46:20.489706727,100011,201,100007,100,100028,198,99989,201,100059,198,99970,198,100094,100,99963,198,100105,100,99955,100,100112,100,99948,100,100118,100,99936,100,100130,100,99914,100,100169,100,99902,100,100192,100,99898,100
2019-06-28 09:46:22.691574451,100011,101,100007,100,100028,198,99989,201,100059,198,99970,198,100094,100,99963,198,100105,100,99955,100,100112,100,99948,100,100118,100,99936,100,100130,100,99914,100,100169,100,99902,100,100192,100,99889,100
2019-06-28 09:46:30.000000000,100028,398,100007,398,100059,100,99989,100,100094,100,99970,100,100105,100,99963,100,100112,100,99955,100,100118,100,99948,100,100130,100,99936,100,100169,100,99914,100,100192,100,99902,100,100218,100,99889,100
2019-06-28 09:46:36.435529667,100028,398,100007,398,100059,100,99989,100,100094,100,99970,100,100105,100,99963,100,100112,100,99948,100,100118,100,99936,100,100130,100,99914,100,100169,100,99902,100,100192,100,99889,100,100218,100,99884,100
2019-06-28 09:46:40.000000000,100028,174,100007,174,100059,174,99989,174,100094,174,99970,174,100105,174,99963,174,100112,100,99948,100,100118,100,99936,100,100130,100,99914,100,100169,100,99902,100,100192,100,99889,100,100218,100,99884,100
2019-06-28 09:46:50.000000000,100028,160,100007,160,100059,160,99989,160,100094,160,99970,160,100105,160,99963,160,100112,160,99948,160,100118,100,99936,100,100130,100,99914,100,100169,100,99902,100,100192,100,99889,100,100218,100,99884,100
2019-06-28 09:47:00.000000000,100028,174,100007,174,100059,174,99989,174,100094,174,99970,174,100105,174,99963,174,100112,100,99948,100,100118,100,99936,100,100130,100,99914,100,100169,100,99902,100,100192,100,99889,100,100218,100,99884,100
2019-06-28 09:47:10.000000000,100028,398,100007,398,100059,100,99989,100,100094,100,99970,100,100105,100,99963,100,100112,100,99948,100,100118,100,99936,100,100130,100,99914,100,100169,100,99902,100,100192,100,99889,100,100218,100,99884,100
2019-06-28 09:47:11.083576214,100028,298,100007,398,100059,100,99989,100,100094,100,99970,100,100112,100,99963,100,100118,100,99948,100,100130,100,99936,100,100169,100,99914,100,100192,100,99902,100,100218,100,99889,100,100230,100,99884,100
2019-06-28 09:47:20.000000000,100059,249,100007,249,100094,249,99989,249,100112,100,99970,100,100118,100,99963,100,100130,100,99948,100,100169,100,99936,100,100192,100,99914,100,100218,100,99902,100,100230,100,99889,100,100236,100,99884,100
2019-06-28 09:47:30.000000000,100059,174,100007,174,100094,174,99989,174,100112,174,99970,174,100118,174,99963,174,100130,100,99948,100,100169,100,99936,100,100192,100,99914,100,100218,100,99902,100,100230,100,99889,100,100236,100,99884,100
2019-06-28 09:47:40.000000000,100059,174,100007,174,100094,174,99989,174,100112,174,99970,174,100118,174,99963,174,100130,100,99948,100,100169,100,99936,100,100192,100,99914,100,100218,100,99902,100,100230,100,99889,100,100236,100,99884,100
2019-06-28 09:47:49.924509602,100059,174,100011,100,100094,174,100007,174,100112,174,99989,174,100118,174,99970,174,100130,100,99963,174,100169,100,99948,100,100192,100,99936,100,100218,100,99914,100,100230,100,99902,100,100236,100,99889,100
2019-06-28 09:47:50.000000000,100059,201,100011,201,100094,198,100007,198,100112,198,99989,198,100118,100,99970,100,100130,100,99963,100,100169,100,99948,100,100192,100,99936,100,100218,100,99914,100,100230,100,99902,100,100236,100,99889,100
2019-06-28 09:48:00.000000000,100059,249,100011,249,100094,249,100007,249,100112,100,99989,100,100118,100,99970,100,100130,100,99963,100,100169,100,99948,100,100192,100,99936,100,100218,100,99914,100,100230,100,99902,100,100236,100,99889,100
2019-06-28 09:48:04.335034482,100059,149,100011,249,100094,249,100007,249,100112,100,99989,100,100118,100,99970,100,100130,100,99963,100,100169,100,99948,100,100192,100,99936,100,100218,100,99914,100,100230,100,99902,100,100236,100,99889,100
2019-06-28 09:48:10.000000000,100094,249,100011,249,100112,249,100007,249,100118,100,99989,100,100130,100,99970,100,100169,100,99963,100,100192,100,99948,100,100218,100,99936,100,100230,100,99914,100,100236,100,99902,100,100273,100,99889,100
2019-06-28 09:48:20.000000000,100094,174,100011,174,100112,174,100007,174,100118,174,99989,174,100130,174,99970,174,100169,100,99963,100,100192,100,99948,100,100218,100,99936,100,100230,100,99914,100,100236,100,99902,100,100273,100,99889,100
2019-06-28 09:48:30.000000000,100094,174,100011,174,100112,174,100007,174,100118,174,99989,174,100130,174,99970,174,100169,100,99963,100,100192,100,99948,100,100218,100,99936,100,100230,100,99914,100,100236,100,99902,100,100273,100,99889,100
2019-06-28 09:48:40.000000000,100094,174,100011,174,100112,174,100007,174,100118,174,99989,174,100130,174,99970,174,100169,100,99963,100,100192,100,99948,100,100218,100,99936,100,100230,100,99914,100,100236,100,99902,100,100273,100,99889,100
2019-06-28 09:48:44.372725907,100094,74,100011,174,100112,174,100007,174,100118,174,99989,174,100130,174,99970,174,100169,100,99963,100,100192,100,99948,100,100218,100,99936,100,100230,100,99914,100,100236,100,99902,100,100273,100,99889,100
2019-06-28 09:48:45.666396248,100112,174,100094,26,100118,74,100011,174,100130,174,100007,174,100169,100,99989,174,100192,100,99970,174,100218,100,99963,100,100230,100,99948,100,100236,100,99936,100,100273,100,99914,100,100275,100,99902,100
2019-06-28 09:48:50.000000000,100112,249,100094,175,100130,249,100011,249,100169,100,100007,100,100192,100,99989,100,100218,100,99970,100,100230,100,99963,100,100236,100,99948,100,100273,100,99936,100,100275,100,99914,100,100674,100,99902,100
2019-06-28 09:49:00.000000000,100112,201,100094,127,100130,198,100011,198,100169,198,100007,198,100192,100,99989,100,100218,100,99970,100,100230,100,99963,100,100236,100,99948,100,100273,100,99936,100,100275,100,99914,100,100674,100,99902,100
2019-06-28 09:49:10.000000000,100112,174,100094,100,100130,174,100011,174,100169,174,100007,174,100192,174,99989,174,100218,100,99970,100,100230,100,99963,100,100236,100,99948,100,100273,100,99936,100,100275,100,99914,100,100674,100,99902,100
2019-06-28 09:49:17.188197555,100112,174,100094,100,100130,174,100011,174,100169,174,100007,174,100192,174,99989,174,100218,100,99970,100,100230,100,99963,100,100236,100,99948,100,100273,200,99936,100,100275,100,99914,100,100674,100,99902,100
2019-06-28 09:49:20.000000000,100112,174,100094,100,100130,174,100011,174,100169,174,100007,174,100192,174,99989,174,100218,100,99970,100,100230,100,99963,100,100236,100,99948,100,100273,200,99936,100,100275,100,99914,100,100674,100,99902,100
2019-06-28 09:49:30.000000000,100112,201,100094,127,100130,198,100011,198,100169,198,100007,198,100192,100,99989,100,100218,100,99970,100,100230,100,99963,100,100236,100,99948,100,100273,200,99936,100,100275,100,99914,100,100674,100,99902,100
2019-06-28 09:49:31.385612591,100112,101,100094,127,100130,198,100011,198,100169,198,100007,198,100218,100,99989,100,100230,100,99970,100,100236,100,99963,100,100273,200,99948,100,100275,100,99936,100,100674,100,99914,100,,,99902,100
2019-06-28 09:49:40.000000000,100130,160,100094,86,100169,160,100011,160,100218,160,100007,160,100230,160,99989,160,100236,160,99970,160,100273,200,99963,100,100275,100,99948,100,100674,100,99936,100,,,99914,100,,,99902,100
2019-06-28 09:49:44.356295203,100130,160,100094,186,100169,160,100011,160,100218,160,100007,160,100230,160,99989,160,100236,160,99970,160,100273,200,99963,100,100275,100,99948,100,100674,100,99936,100,,,99914,100,,,99889,100
2019-06-28 09:49:44.436965208,100130,160,100094,86,100169,160,100011,160,100218,160,100007,160,100230,160,99989,160,100236,160,99970,160,100273,200,99963,100,100275,100,99948,100,100674,100,99936,100,,,99914,100,,,99889,100
2019-06-28 09:49:50.000000000,100130,398,100094,384,100169,100,100011,100,100218,100,100007,100,100230,100,99989,100,100236,100,99970,100,100273,200,99963,100,100275,100,99948,100,100674,100,99936,100,,,99914,100,,,99889,100
2019-06-28 09:50:00.000000000,100130,398,100094,384,100169,100,100011,100,100218,100,100007,100,100230,100,99989,100,100236,100,99970,100,100273,200,99963,100,100275,100,99948,100,100674,100,99936,100,,,99914,100,,,99889,100
2019-06-28 09:50:10.000000000,100130,174,100094,160,100169,174,100011,174,100218,174,100007,174,100230,174,99989,174,100236,100,99970,100,100273,200,99963,100,100275,100,99948,100,100674,100,99936,100,,,99914,100,,,99889,100
2019-06-28 09:50:20.000000000,100130,201,100094,187,100169,198,100011,198,100218,198,100007,198,100230,100,99989,100,100236,100,99970,100,100273,200,99963,100,100275,100,99948,100,100674,100,99936,100,,,99914,100,,,99889,100
2019-06-28 09:50:23.486006600,100130,201,100094,87,100169,198,100011,198,100218,198,100007,198,100230,100,99989,100,100236,100,99970,100,100273,200,99963,100,100275,100,99948,100,100674,100,99936,100,,,99889,100,,,99832,100
2019-06-28 09:50:25.684608290,100130,201,100094,87,100169,198,100049,100,100218,198,100011,198,100230,100,100007,198,100236,100,99989,100,100273,200,99970,100,100275,100,99963,100,100674,100,99948,100,,,99936,100,,,99889,100
2019-06-28 09:50:26.317133433,100130,201,100094,87,100169,198,100051,100,100218,198,100049,100,100230,100,100011,198,100236,100,100007,198,100273,200,99989,100,100275,100,99970,100,100674,100,99963,100,,,99948,100,,,99936,100
2019-06-28 09:50:30.000000000,100130,201,100051,201,100169,198,100049,198,100218,198,100011,198,100230,100,100007,100,100236,100,99989,100,100273,200,99970,100,100275,100,99963,100,100674,100,99948,100,,,99936,100,,,99889,100
2019-06-28 09:50:36.768520487,100130,201,100051,201,100169,198,100049,198,100218,198,100011,198,100230,100,100007,100,100236,100,99989,100,100273,200,99973,100,100275,100,99970,100,100674,100,99963,100,,,99948,100,,,99936,100
2019-06-28 09:50:40.000000000,100130,249,100051,249,100169,249,100049,249,100218,100,100011,100,100230,100,100007,100,100236,100,99989,100,100273,200,99973,100,100275,100,99970,100,100674,100,99963,100,,,99948,100,,,99936,100
2019-06-28 09:50:50.000000000,100130,249,100051,249,100169,249,100049,249,100218,100,100011,100,100230,100,100007,100,100236,100,99989,100,100273,200,99973,100,100275,100,99970,100,100674,100,99963,100,,,99948,100,,,99936,100
2019-06-28 09:51:00.000000000,100130,174,100051,174,100169,174,100049,174,100218,174,100011,174,100230,174,100007,174,100236,100,99989,100,100273,200,99973,100,100275,100,99970,100,100674,100,99963,100,,,99948,100,,,99936,100
2019-06-28 09:51:10.000000000,100130,249,100051,249,100169,249,100049,249,100218,100,100011,100,100230,100,100007,100,100236,100,99989,100,100273,200,99973,100,100275,100,99970,100,100674,100,99963,100,,,99948,100,,,99936,100
2019-06-28 09:51:13.368659919,100130,149,100051,249,100169,249,100049,249,100218,100,100011,100,100236,100,100007,100,100273,200,99989,100,100275,100,99973,100,100674,100,99970,100,,,99963,100,,,99948,100,,,99936,100
2019-06-28 09:51:20.000000000,100169,201,100051,201,100218,198,100049,198,100236,198,100011,198,100273,200,100007,100,100275,100,99989,100,100674,100,99973,100,,,99970,100,,,99963,100,,,99948,100,,,99936,100
2019-06-28 09:51:30.000000000,100169,398,100051,398,100218,100,100049,100,100236,100,100011,100,100273,200,100007,100,100275,100,99989,100,100674,100,99973,100,,,99970,100,,,99963,100,,,99948,100,,,99936,100
2019-06-28 09:51:40.000000000,100169,201,100051,201,100218,198,100049,198,100236,198,100011,198,100273,200,100007,100,100275,100,99989,100,100674,100,99973,100,,,99970,100,,,99963,100,,,99948,100,,,99936,100
2019-06-28 09:51:44.158606249,100169,201,100051,201,100218,198,100049,198,100236,198,100011,198,100273,200,100007,100,100275,100,99989,100,100286,100,99973,100,100674,100,99970,100,,,99963,100,,,99948,100,,,99936,100
2019-06-28 09:51:50.000000000,100169,398,100051,398,100218,100,100049,100,100236,100,100011,100,100273,200,100007,100,100275,100,99989,100,100286,100,99973,100,100674,100,99970,100,,,99963,100,,,99948,100,,,99936,100
2019-06-28 09:52:00.000000000,100169,201,100051,201,100218,198,100049,198,100236,198,100011,198,100273,200,100007,100,100275,100,99989,100,100286,100,99973,100,100674,100,99970,100,,,99963,100,,,99948,100,,,99936,100
2019-06-28 09:52:10.000000000,100169,174,100051,174,100218,174,100049,174,100236,174,100011,174,100273,274,100007,174,100275,100,99989,100,100286,100,99973,100,100674,100,99970,100,,,99963,100,,,99948,100,,,99936,100
2019-06-28 09:52:20.000000000,100169,201,100051,201,100218,198,100049,198,100236,198,100011,198,100273,200,100007,100,100275,100,99989,100,100286,100,99973,100,100674,100,99970,100,,,99963,100,,,99948,100,,,99936,100
2019-06-28 09:52:30.000000000,100169,398,100051,398,100218,100,100049,100,100236,100,100011,100,100273,200,100007,100,100275,100,99989,100,100286,100,99973,100,100674,100,99970,100,,,99963,100,,,99948,100,,,99936,100
2019-06-28 09:52:30.829511164,100169,398,100051,398,100218,100,100049,100,100236,100,100011,100,100273,100,100007,100,100275,100,99989,100,100286,100,99973,100,100531,100,99970,100,100674,100,99963,100,,,99948,100,,,99936,100
2019-06-28 09:52:34.796948652,100169,198,100051,398,100218,100,100049,100,100236,100,100011,100,100273,100,100007,100,100275,100,99989,100,100286,100,99973,100,100531,100,99970,100,100674,100,99963,100,,,99948,100,,,99936,100
2019-06-28 09:52:40.000000000,100218,201,100051,201,100236,198,100049,198,100273,198,100011,198,100275,100,100007,100,100286,100,99989,100,100531,100,99973,100,100674,100,99970,100,,,99963,100,,,99948,100,,,99936,100
2019-06-28 09:52:42.688688754,100218,101,100051,201,100236,198,100049,198,100273,198,100011,198,100275,100,100007,100,100286,100,99989,100,100531,100,99973,100,100674,100,99970,100,,,99963,100,,,99948,100,,,99936,100
2019-06-28 09:52:50.000000000,100236,174,100051,174,100273,174,100049,174,100275,174,100011,174,100286,174,100007,174,100531,100,99989,100,100674,100,99973,100,,,99970,100,,,99963,100,,,99948,100,,,99936,100
2019-06-28 09:52:55.782241992,100236,74,100051,174,100273,174,100049,174,100275,174,100011,174,100286,174,100007,174,100531,100,99989,100,100674,100,99973,100,,,99970,100,,,99963,100,,,99948,100,,,99936,100
2019-06-28 09:53:00.000000000,100273,174,100051,174,100275,174,100049,174,100286,174,100011,174,100531,174,100007,174,100674,100,99989,100,,,99973,100,,,99970,100,,,99963,100,,,99948,100,,,99936,100
2019-06-28 09:53:07.475871105,100273,174,100051,174,100275,174,100049,174,100286,174,100019,100,100531,174,100011,174,100674,100,100007,174,,,99989,100,,,99973,100,,,99970,100,,,99963,100,,,99948,100
2019-06-28 09:53:10.000000000,100273,249,100051,249,100275,249,100049,249,100286,100,100019,100,100531,100,100011,100,100674,100,100007,100,,,99989,100,,,99973,100,,,99970,100,,,99963,100,,,99948,100
2019-06-28 09:53:20.000000000,100273,174,100051,174,100275,174,100049,174,100286,174,100019,174,100531,174,100011,174,100674,100,100007,100,,,99989,100,,,99973,100,,,99970,100,,,99963,100,,,99948,100
2019-06-28 09:53:29.288779376,100273,74,100051,174,100275,174,100049,174,100286,174,100019,174,100531,174,100011,174,100674,100,100007,100,,,99989,100,,,99973,100,,,99970,100,,,99963,100,,,99948,100
2019-06-28 09:53:30.000000000,100275,249,100051,249,100286,249,100049,249,100531,100,100019,100,100674,100,100011,100,,,100007,100,,,99989,100,,,99973,100,,,99970,100,,,99963,100,,,99948,100
2019-06-28 09:53:39.556870268,100275,249,100051,249,100286,249,100049,249,100531,100,100019,100,100674,100,100011,100,,,100007,100,,,99989,100,,,99973,100,,,99970,100,,,99948,100,,,99936,100
2019-06-28 09:53:40.000000000,100275,249,100051,249,100286,249,100049,249,100531,100,100019,100,100674,100,100011,100,,,100007,100,,,99989,100,,,99973,100,,,99970,100,,,99948,100,,,99936,100
2019-06-28 09:53:44.051738217,100275,249,100051,249,100286,249,100049,249,100542,100,100019,100,100674,100,100011,100,,,100007,100,,,99989,100,,,99973,100,,,99970,100,,,99948,100,,,99936,100
2019-06-28 09:53:49.310001070,100275,249,100236,100,100286,249,100051,249,100542,100,100049,249,100674,100,100019,100,,,100011,100,,,100007,100,,,99989,100,,,99973,100,,,99970,100,,,99948,100
2019-06-28 09:53:50.000000000,100275,160,100236,160,100286,160,100051,160,100542,160,100049,160,100674,160,100019,160,100675,60,100011,160,,,100007,100,,,99989,100,,,99973,100,,,99970,100,,,99948,100
2019-06-28 09:53:50.034164342,100275,160,100236,160,100286,160,100051,160,100542,160,100049,160,100601,100,100019,160,100674,160,100011,160,100675,60,100007,100,,,99989,100,,,99973,100,,,99970,100,,,99948,100
2019-06-28 09:53:51.528755577,100275,60,100236,160,100286,160,100051,160,100542,160,100049,160,100601,100,100019,160,100674,160,100011,160,100675,60,100007,100,,,99989,100,,,99973,100,,,99970,100,,,99948,100
2019-06-28 09:54:00.000000000,100286,160,100236,160,100542,160,100051,160,100601,160,100049,160,100674,160,100019,160,100675,60,100011,160,,,100007,100,,,99989,100,,,99973,100,,,99970,100,,,99948,100
2019-06-28 09:54:06.719818295,100286,160,100236,160,100542,160,100051,160,100601,160,100049,160,100674,160,100019,160,100675,60,100011,160,100677,100,100007,100,,,99989,100,,,99973,100,,,99970,100,,,99936,100
2019-06-28 09:54:10.000000000,100286,201,100236,201,100542,198,100051,198,100601,198,100049,198,100674,100,100019,100,100677,100,100011,100,,,100007,100,,,99989,100,,,99973,100,,,99970,100,,,99936,100
2019-06-28 09:54:20.000000000,100286,174,100236,174,100542,174,100051,174,100601,174,100049,174,100674,174,100019,174,100677,100,100011,100,,,100007,100,,,99989,100,,,99973,100,,,99970,100,,,99936,100
2019-06-28 09:54:30.000000000,100286,249,100236,249,100542,249,100051,249,100601,100,100049,100,100674,100,100019,100,100677,100,100011,100,,,100007,100,,,99989,100,,,99973,100,,,99970,100,,,99936,100
2019-06-28 09:54:40.000000000,100286,398,100236,398,100542,100,100051,100,100601,100,100049,100,100674,100,100019,100,100677,100,100011,100,,,100007,100,,,99989,100,,,99973,100,,,99970,100,,,99936,100
2019-06-28 09:54:41.504734911,100286,398,100236,298,100542,100,100051,100,100601,100,100049,100,100674,100,100019,100,100677,100,100011,100,,,100007,100,,,99989,100,,,99973,100,,,99970,100,,,99936,100
2019-06-28 09:54:50.000000000,100286,160,100051,160,100542,160,100049,160,100601,160,100019,160,100674,160,100011,160,100677,160,100007,160,,,99989,100,,,99973,100,,,99970,100,,,99936,100,,,99889,100
2019-06-28 09:55:00.000000000,100286,249,100051,249,100542,249,100049,249,100601,100,100019,100,100674,100,100011,100,100677,100,100007,100,,,99989,100,,,99973,100,,,99970,100,,,99936,100,,,99889,100
2019-06-28 09:55:03.481245116,100286,249,100263,100,100542,249,100051,249,100601,100,100049,249,100674,100,100019,100,100677,100,100011,100,,,100007,100,,,99989,100,,,99973,100,,,99970,100,,,99936,100
2019-06-28 09:55:10.000000000,100286,398,100263,398,100542,100,100051,100,100601,100,100049,100,100674,100,100019,100,100677,100,100011,100,,,100007,100,,,99989,100,,,99973,100,,,99970,100,,,99936,100
2019-06-28 09:55:20.000000000,100286,174,100263,174,100542,174,100051,174,100601,174,100049,174,100674,174,100019,174,100677,100,100011,100,,,100007,100,,,99989,100,,,99973,100,,,99970,100,,,99936,100
2019-06-28 09:55:23.770807934,100286,174,100263,174,100542,174,100237,100,100601,174,100051,174,100674,174,100049,174,100677,100,100019,174,,,100011,100,,,100007,100,,,99989,100,,,99973,100,,,99970,100
2019-06-28 09:55:30.000000000,100286,398,100263,398,100542,100,100237,100,100601,100,100051,100,100674,100,100049,100,100677,100,100019,100,,,100011,100,,,100007,100,,,99989,100,,,99973,100,,,99970,100
2019-06-28 09:55:40.000000000,100286,398,100263,398,100542,100,100237,100,100601,100,100051,100,100674,100,100049,100,100677,100,100019,100,,,100011,100,,,100007,100,,,99989,100,,,99973,100,,,99970,100
2019-06-28 09:55:50.000000000,100286,398,100263,398,100542,100,100237,100,100601,100,100051,100,100674,100,100049,100,100677,100,100019,100,,,100011,100,,,100007,100,,,99989,100,,,99973,100,,,99970,100
2019-06-28 09:55:56.428054163,100286,398,100263,398,100500,100,100237,100,100542,100,100051,100,100601,100,100049,100,100674,100,100019,100,100677,100,100011,100,,,100007,100,,,99989,100,,,99973,100,,,99970,100
2019-06-28 09:56:00.000000000,100286,160,100263,160,100500,160,100237,160,100542,160,100051,160,100601,160,100049,160,100674,160,100019,160,100677,100,100011,100,,,100007,100,,,99989,100,,,99973,100,,,99970,100
2019-06-28 09:56:10.000000000,100286,201,100263,201,100500,198,100237,198,100542,198,100051,198,100601,100,100049,100,100674,100,100019,100,100677,100,100011,100,,,100007,100,,,99989,100,,,99973,100,,,99970,100
2019-06-28 09:56:14.045774878,100286,201,100263,201,100500,198,100237,198,100542,198,100051,198,100601,100,100049,100,100659,100,100019,100,100674,100,100011,100,100677,100,100007,100,,,99989,100,,,99973,100,,,99970,100
2019-06-28 09:56:20.000000000,100286,398,100263,398,100500,100,100237,100,100542,100,100051,100,100601,100,100049,100,100659,100,100019,100,100674,100,100011,100,100677,100,100007,100,,,99989,100,,,99973,100,,,99970,100
2019-06-28 09:56:30.000000000,100286,160,100263,160,100500,160,100237,160,100542,160,100051,160,100601,160,100049,160,100659,160,100019,160,100674,100,100011,100,100677,100,100007,100,,,99989,100,,,99973,100,,,99970,100
2019-06-28 09:56:40.000000000,100286,160,100263,160,100500,160,100237,160,100542,160,100051,160,100601,160,100049,160,100659,160,100019,160,100674,100,100011,100,100677,100,100007,100,,,99989,100,,,99973,100,,,99970,100
2019-06-28 09:56:50.000000000,100286,398,100263,398,100500,100,100237,100,100542,100,100051,100,100601,100,100049,100,100659,100,100019,100,100674,100,100011,100,100677,100,100007,100,,,99989,100,,,99973,100,,,99970,100
2019-06-28 09:57:00.000000000,100286,174,100263,174,100500,174,100237,174,100542,174,100051,174,100601,174,100049,174,100659,100,100019,100,100674,100,100011,100,100677,100,100007,100,,,99989,100,,,99973,100,,,99970,100
2019-06-28 09:57:04.434129842,100286,174,100263,174,100500,174,100237,174,100542,174,100051,174,100601,174,100049,174,100659,100,100019,100,100674,100,100007,100,100677,100,99989,100,,,99973,100,,,99970,100,,,99936,100
2019-06-28 09:57:07.825016036,100286,174,100263,174,100500,174,100237,174,100542,174,100051,174,100601,174,100049,174,100659,100,100019,100,100674,100,100007,100,100677,100,99989,100,100777,100,99973,100,,,99970,100,,,99889,100
2019-06-28 09:57:10.000000000,100286,249,100263,249,100500,249,100237,249,100542,100,100051,100,100601,100,100049,100,100659,100,100019,100,100674,100,100007,100,100677,100,99989,100,100777,100,99973,100,,,99970,100,,,99889,100
2019-06-28 09:57:20.000000000,100286,249,100263,249,100500,249,100237,249,100542,100,100051,100,100601,100,100049,100,100659,100,100019,100,100674,100,100007,100,100677,100,99989,100,100777,100,99973,100,,,99970,100,,,99889,100
2019-06-28 09:57:30.000000000,100286,174,100263,174,100500,174,100237,174,100542,174,100051,174,100601,174,100049,174,100659,100,100019,100,100674,100,100007,100,100677,100,99989,100,100777,100,99973,100,,,99970,100,,,99889,100
2019-06-28 09:57:35.328669447,100286,174,100263,174,100500,174,100237,174,100542,174,100051,174,100590,100,100049,174,100601,174,100019,100,100659,100,100007,100,100674,100,99989,100,100677,100,99973,100,100777,100,99970,100,,,99889,100
2019-06-28 09:57:40.000000000,100286,201,100263,201,100500,198,100237,198,100542,198,100051,198,100590,100,100049,100,100601,100,100019,100,100659,100,100007,100,100674,100,99989,100,100677,100,99973,100,100777,100,99970,100,,,99889,100
2019-06-28 09:57:41.200148040,100286,201,100263,201,100500,198,100237,198,100542,198,100051,198,100590,100,100049,100,100601,100,100019,100,100659,100,100007,100,100674,100,99989,100,100677,100,99973,100,100681,100,99970,100,100777,100,99889,100
2019-06-28 09:57:44.336324101,100286,201,100263,201,100492,100,100237,198,100500,198,100051,198,100542,198,100049,100,100590,100,100019,100,100601,100,100007,100,100659,100,99989,100,100674,100,99973,100,100677,100,99970,100,100681,100,99889,100
2019-06-28 09:57:50.000000000,100286,174,100263,174,100492,174,100237,174,100500,174,100051,174,100542,174,100049,174,100590,100,100019,100,100601,100,100007,100,100659,100,99989,100,100674,100,99973,100,100677,100,99970,100,100681,100,99889,100
2019-06-28 09:57:56.527491639,100286,174,100263,174,100492,174,100237,174,100500,174,100189,100,100542,174,100051,174,100590,100,100049,174,100601,100,100019,100,100659,100,100007,100,100674,100,99989,100,100677,100,99973,100,100681,100,99970,100
2019-06-28 09:58:00.000000000,100286,201,100263,201,100492,198,100237,198,100500,198,100189,198,100542,100,100051,100,100590,100,100049,100,100601,100,100019,100,100659,100,100007,100,100674,100,99989,100,100677,100,99973,100,100681,100,99970,100
2019-06-28 09:58:10.000000000,100286,174,100263,174,100492,174,100237,174,100500,174,100189,174,100542,174,100051,174,100590,100,100049,100,100601,100,100019,100,100659,100,100007,100,100674,100,99989,100,100677,100,99973,100,100681,100,99970,100
2019-06-28 09:58:11.080731814,100286,174,100263,174,100492,174,100237,174,100500,174,100189,174,100542,174,100051,174,100590,100,100049,100,100601,100,100019,100,100659,100,100007,100,100672,100,99989,100,100674,100,99973,100,100677,100,99970,100
2019-06-28 09:58:20.000000000,100286,201,100263,201,100492,198,100237,198,100500,198,100189,198,100542,100,100051,100,100590,100,100049,100,100601,100,100019,100,100659,100,100007,100,100672,100,99989,100,100674,100,99973,100,100677,100,99970,100
2019-06-28 09:58:20.486794927,100286,201,100263,201,100492,198,100237,198,100500,198,100189,198,100542,100,100051,100,100590,100,100049,100,100591,100,100019,100,100601,100,100007,100,100659,100,99989,100,100672,100,99973,100,100674,100,99970,100
2019-06-28 09:58:30.000000000,100286,398,100263,398,100492,100,100237,100,100500,100,100189,100,100542,100,100051,100,100590,100,100049,100,100591,100,100019,100,100601,100,100007,100,100659,100,99989,100,100672,100,99973,100,100674,100,99970,100
2019-06-28 09:58:40.000000000,100286,249,100263,249,100492,249,100237,249,100500,100,100189,100,100542,100,100051,100,100590,100,100049,100,100591,100,100019,100,100601,100,100007,100,100659,100,99989,100,100672,100,99973,100,100674,100,99970,100
2019-06-28 09:58:50.000000000,100286,398,100263,398,100492,100,100237,100,100500,100,100189,100,100542,100,100051,100,100590,100,100049,100,100591,100,100019,100,100601,100,100007,100,100659,100,99989,100,100672,100,99973,100,100674,100,99970,100
2019-06-28 09:58:50.331758079,100286,398,100263,398,100500,100,100237,100,100542,100,100189,100,100590,100,100051,100,100591,100,100049,100,100601,100,100047,100,100659,100,100019,100,100672,100,100007,100,100674,100,99989,100,100677,100,99973,100
2019-06-28 09:59:00.000000000,100286,201,100263,201,100500,198,100237,198,100542,198,100189,198,100590,100,100051,100,100591,100,100049,100,100601,100,100047,100,100659,100,100019,100,100672,100,100007,100,100674,100,99989,100,100677,100,99973,100
2019-06-28 09:59:08.445594437,100286,101,100263,201,100500,198,100237,198,100542,198,100189,198,100590,100,100051,100,100591,100,100049,100,100601,100,100047,100,100659,100,100019,100,100672,100,100007,100,100674,100,99989,100,100677,100,99973,100
2019-06-28 09:59:10.000000000,100500,201,100263,201,100542,198,100237,198,100590,198,100189,198,100591,100,100051,100,100601,100,100049,100,100659,100,100047,100,100672,100,100019,100,100674,100,100007,100,100677,100,99989,100,,,99973,100
2019-06-28 09:59:13.872822612,100274,100,100263,201,100500,201,100237,198,100542,198,100189,198,100590,198,100051,100,100591,100,100049,100,100601,100,100047,100,100659,100,100019,100,100672,100,100007,100,100674,100,99989,100,100677,100,99973,100
2019-06-28 09:59:18.155146458,100274,200,100263,201,100500,201,100237,198,100542,198,100189,198,100590,198,100051,100,100591,100,100049,100,100601,100,100047,100,100659,100,100019,100,100672,100,100007,100,100674,100,99989,100,100677,100,99973,100
2019-06-28 09:59:20.000000000,100274,260,100263,160,100500,160,100237,160,100542,160,100189,160,100590,160,100051,160,100591,160,100049,160,100601,100,100047,100,100659,100,100019,100,100672,100,100007,100,100674,100,99989,100,100677,100,99973,100
2019-06-28 09:59:30.000000000,100274,349,100263,249,100500,249,100237,249,100542,100,100189,100,100590,100,100051,100,100591,100,100049,100,100601,100,100047,100,100659,100,100019,100,100672,100,100007,100,100674,100,99989,100,100677,100,99973,100
2019-06-28 09:59:40.000000000,100274,498,100263,398,100500,100,100237,100,100542,100,100189,100,100590,100,100051,100,100591,100,100049,100,100601,100,100047,100,100659,100,100019,100,100672,100,100007,100,100674,100,99989,100,100677,100,99973,100
2019-06-28 09:59:50.000000000,100274,498,100263,398,100500,100,100237,100,100542,100,100189,100,100590,100,100051,100,100591,100,100049,100,100601,100,100047,100,100659,100,100019,100,100672,100,100007,100,100674,100,99989,100,100677,100,99973,100
2019-06-28 10:00:00.000000000,100274,349,100263,249,100500,249,100237,249,100542,100,100189,100,100590,100,100051,100,100591,100,100049,100,100601,100,100047,100,100659,100,100019,100,100672,100,100007,100,100674,100,99989,100,100677,100,99973,100
2019-06-28 10:00:10.000000000,100274,349,100263,249,100500,249,100237,249,100542,100,100189,100,100590,100,100051,100,100591,100,100049,100,100601,100,100047,100,100659,100,100019,100,100672,100,100007,100,100674,100,99989,100,100677,100,99973,100
2019-06-28 10:00:20.000000000,100274,274,100263,174,100500,174,100237,174,100542,174,100189,174,100590,174,100051,174,100591,100,100049,100,100601,100,100047,100,100659,100,100019,100,100672,100,100007,100,100674,100,99989,100,100677,100,99973,100
2019-06-28 10:00:30.000000000,100274,274,100263,174,100500,174,100237,174,100542,174,100189,174,100590,174,100051,174,100591,100,100049,100,100601,100,100047,100,100659,100,100019,100,100672,100,100007,100,100674,100,99989,100,100677,100,99973,100
2019-06-28 10:00:40.000000000,100274,274,100263,174,100500,174,100237,174,100542,174,100189,174,100590,174,100051,174,100591,100,100049,100,100601,100,100047,100,100659,100,100019,100,100672,100,100007,100,100674,100,99989,100,100677,100,99973,100
2019-06-28 10:00:50.000000000,100274,274,100263,174,100500,174,100237,174,100542,174,100189,174,100590,174,100051,174,100591,100,100049,100,100601,100,100047,100,100659,100,100019,100,100672,100,100007,100,100674,100,99989,100,100677,100,99973,100
2019-06-28 10:00:52.113575499,100274,274,100263,174,100500,174,100237,174,100542,174,100189,74,100590,174,100051,174,100591,100,100049,100,100601,100,100047,100,100659,100,100019,100,100672,100,100007,100,100674,100,99989,100,100677,100,99973,100
2019-06-28 10:01:00.000000000,100274,498,100263,398,100500,100,100237,100,100542,100,100051,100,100590,100,100049,100,100591,100,100047,100,100601,100,100019,100,100659,100,100007,100,100672,100,99989,100,100674,100,99973,100,100677,100,99970,200
2019-06-28 10:01:03.299727430,100274,498,100263,398,100500,100,100237,200,100542,100,100051,100,100590,100,100049,100,100591,100,100047,100,100601,100,100019,100,100659,100,100007,100,100672,100,99973,100,100674,100,99970,200,100677,100,99948,100
2019-06-28 10:01:10.000000000,100274,274,100263,174,100500,174,100237,274,100542,174,100051,174,100590,174,100049,174,100591,100,100047,100,100601,100,100019,100,100659,100,100007,100,100672,100,99973,100,100674,100,99970,200,100677,100,99948,100
2019-06-28 10:01:17.352061034,100274,274,100263,74,100500,174,100237,274,100542,174,100051,174,100590,174,100049,174,100591,100,100047,100,100601,100,100019,100,100659,100,100007,100,100672,100,99973,100,100674,100,99970,200,100677,100,99948,100
2019-06-28 10:01:20.000000000,100274,260,100237,260,100500,160,100051,160,100542,160,100049,160,100590,160,100047,160,100591,160,100019,160,100601,100,100007,100,100659,100,99973,100,100672,100,99970,200,100674,100,99948,100,100677,100,99889,100
2019-06-28 10:01:29.392002513,100274,260,100237,260,100500,160,100051,160,100542,260,100049,160,100590,160,100047,160,100591,160,100019,160,100601,100,100007,100,100659,100,99973,100,100672,100,99970,200,100674,100,99948,100,100677,100,99889,100
2019-06-28 10:01:30.000000000,100274,274,100237,274,100500,174,100051,174,100542,274,100049,174,100590,174,100047,174,100591,100,100019,100,100601,100,100007,100,100659,100,99973,100,100672,100,99970,200,100674,100,99948,100,100677,100,99889,100
2019-06-28 10:01:38.023436952,100274,274,100264,100,100500,174,100237,274,100542,274,100051,174,100590,174,100049,174,100591,100,100047,174,100601,100,100019,100,100659,100,100007,100,100672,100,99973,100,100674,100,99970,200,100677,100,99948,100
2019-06-28 10:01:40.000000000,100274,301,100264,201,100500,198,100237,298,100542,298,100051,198,100590,100,100049,100,100591,100,100047,100,100601,100,100019,100,100659,100,100007,100,100672,100,99973,100,100674,100,99970,200,100677,100,99948,100
2019-06-28 10:01:41.696637254,100274,301,100264,201,100368,100,100237,298,100500,198,100051,198,100542,298,100049,100,100590,100,100047,100,100591,100,100019,100,100601,100,100007,100,100659,100,99973,100,100672,100,99970,200,100674,100,99948,100
2019-06-28 10:01:42.940749062,100274,301,100264,301,100368,100,100237,298,100500,198,100051,198,100542,298,100049,100,100590,100,100047,100,100591,100,100019,100,100601,100,100007,100,100659,100,99973,100,100672,100,99970,200,100674,100,99948,100
2019-06-28 10:01:48.453543208,100274,301,100264,301,100368,100,100237,298,100500,198,100076,100,100542,298,100051,198,100590,100,100049,100,100591,100,100047,100,100601,100,100019,100,100659,100,100007,100,100672,100,99973,100,100674,100,99970,100
2019-06-28 10:01:50.000000000,100274,349,100264,349,100368,249,100237,349,100500,100,100076,100,100542,200,100051,100,100590,100,100049,100,100591,100,100047,100,100601,100,100019,100,100659,100,100007,100,100672,100,99973,100,100674,100,99970,100
2019-06-28 10:02:00.000000000,100274,349,100264,349,100368,249,100237,349,100500,100,100076,100,100542,200,100051,100,100590,100,100049,100,100591,100,100047,100,100601,100,100019,100,100659,100,100007,100,100672,100,99973,100,100674,100,99970,100
2019-06-28 10:02:10.000000000,100274,301,100264,301,100368,198,100237,298,100500,198,100076,198,100542,200,100051,100,100590,100,100049,100,100591,100,100047,100,100601,100,100019,100,100659,100,100007,100,100672,100,99973,100,100674,100,99970,100
2019-06-28 10:02:20.000000000,100274,301,100264,301,100368,198,100237,298,100500,198,100076,198,100542,200,100051,100,100590,100,100049,100,100591,100,100047,100,100601,100,100019,100,100659,100,100007,100,100672,100,99973,100,100674,100,99970,100
2019-06-28 10:02:27.222265080,100274,301,100264,201,100368,198,100237,298,100500,198,100076,198,100542,200,100051,100,100590,100,100049,100,100591,100,100047,100,100601,100,100019,100,100659,100,99973,100,100672,100,99970,100,100674,100,99948,100
2019-06-28 10:02:30.000000000,100274,274,100264,174,100368,174,100237,274,100500,174,100076,174,100542,274,100051,174,100590,100,100049,100,100591,100,100047,100,100601,100,100019,100,100659,100,99973,100,100672,100,99970,100,100674,100,99948,100
2019-06-28 10:02:40.000000000,100274,498,100264,398,100368,100,100237,200,100500,100,100076,100,100542,200,100051,100,100590,100,100049,100,100591,100,100047,100,100601,100,100019,100,100659,100,99973,100,100672,100,99970,100,100674,100,99948,100
2019-06-28 10:02:50.000000000,100274,301,100264,201,100368,198,100237,298,100500,198,100076,198,100542,200,100051,100,100590,100,100049,100,100591,100,100047,100,100601,100,100019,100,100659,100,99973,100,100672,100,99970,100,100674,100,99948,100
2019-06-28 10:02:54.020571908,100274,301,100264,101,100368,198,100237,298,100500,198,100076,198,100542,200,100051,100,100590,100,100049,100,100591,100,100047,100,100601,100,100019,100,100659,100,99973,100,100672,100,99970,100,100674,100,99948,100
2019-06-28 10:02:58.447622800,100274,301,100264,101,100368,198,100237,298,100500,198,100076,198,100542,200,100051,100,100590,100,100049,100,100591,100,100047,100,100601,100,100019,100,100659,100,99973,100,100672,100,99970,100,100674,100,99948,100
2019-06-28 10:03:00.000000000,100274,274,100237,274,100368,174,100076,174,100500,174,100051,174,100542,274,100049,174,100590,100,100047,100,100591,100,100019,100,100601,100,99973,100,100659,100,99970,100,100672,100,99948,100,100674,100,99889,100
2019-06-28 10:03:10.000000000,100274,274,100237,274,100368,174,100076,174,100500,174,100051,174,100542,274,100049,174,100590,100,100047,100,100591,100,100019,100,100601,100,99973,100,100659,100,99970,100,100672,100,99948,100,100674,100,99889,100
2019-06-28 10:03:12.146623760,100274,274,100237,274,100368,174,100076,174,100500,174,100051,174,100542,274,100049,174,100590,100,100047,100,100591,100,100019,100,100659,100,99973,100,100672,100,99970,100,100674,100,99948,100,100677,100,99889,100
2019-06-28 10:03:12.694711428,100274,274,100237,174,100368,174,100076,174,100500,174,100051,174,100542,274,100049,174,100590,100,100047,100,100591,100,100019,100,100659,100,99973,100,100672,100,99970,100,100674,100,99948,100,100677,100,99889,100
2019-06-28 10:03:20.000000000,100274,274,100237,174,100368,174,100076,174,100500,174,100051,174,100542,274,100049,174,100590,100,100047,100,100591,100,100019,100,100659,100,99973,100,100672,100,99970,100,100674,100,99948,100,100677,100,99889,100
2019-06-28 10:03:30.000000000,100274,301,100237,201,100368,198,100076,198,100500,198,100051,198,100542,200,100049,100,100590,100,100047,100,100591,100,100019,100,100659,100,99973,100,100672,100,99970,100,100674,100,99948,100,100677,100,99889,100
2019-06-28 10:03:40.000000000,100274,301,100237,201,100368,198,100076,198,100500,198,100051,198,100542,200,100049,100,100590,100,100047,100,100591,100,100019,100,100659,100,99973,100,100672,100,99970,100,100674,100,99948,100,100677,100,99889,100
2019-06-28 10:03:47.761158942,100274,301,100237,201,100368,198,100076,198,100500,198,100051,198,100542,200,100049,100,100590,100,100047,100,100591,100,100019,100,100659,100,99973,100,100672,100,99970,100,100674,100,99948,100,100677,100,99889,100
2019-06-28 10:03:50.000000000,100274,301,100237,201,100368,198,100076,198,100500,198,100051,198,100542,200,100049,100,100590,100,100047,100,100591,100,100019,100,100659,100,99973,100,100672,100,99970,100,100674,100,99948,100,100677,100,99889,100
2019-06-28 10:03:55.848534271,100274,301,100237,201,100368,198,100076,198,100500,198,100051,198,100542,200,100049,100,100590,100,100047,100,100591,100,100019,100,100659,100,99973,100,100672,100,99970,100,100674,100,99948,100,100677,100,99889,100
2019-06-28 10:04:00.000000000,100274,498,100237,398,100368,100,100076,100,100500,100,100051,100,100542,200,100049,100,100590,100,100047,100,100591,100,100019,100,100659,100,99973,100,100672,100,99970,100,100674,100,99948,100,100677,100,99889,100
2019-06-28 10:04:10.000000000,100274,301,100237,201,100368,198,100076,198,100500,198,100051,198,100542,200,100049,100,100590,100,100047,100,100591,100,100019,100,100659,100,99973,100,100672,100,99970,100,100674,100,99948,100,100677,100,99889,100
2019-06-28 10:04:20.000000000,100274,260,100237,160,100368,160,100076,160,100500,160,100051,160,100542,260,100049,160,100590,160,100047,160,100591,100,100019,100,100659,100,99973,100,100672,100,99970,100,100674,100,99948,100,100677,100,99889,100
2019-06-28 10:04:21.458402990,100274,260,100237,60,100368,160,100076,160,100500,160,100051,160,100542,260,100049,160,100590,160,100047,160,100591,100,100019,100,100659,100,99973,100,100674,100,99970,100,100677,100,99948,100,,,99889,100
2019-06-28 10:04:30.000000000,100274,349,100076,249,100368,249,100051,249,100500,100,100049,100,100542,200,100047,100,100590,100,100019,100,100591,100,99973,100,100659,100,99970,100,100674,100,99948,100,100677,100,99889,100,,,99832,100
2019-06-28 10:04:33.086422813,100274,249,100076,249,100368,249,100051,249,100500,100,100049,100,100542,200,100047,100,100590,100,100019,100,100591,100,99973,100,100659,100,99970,100,100674,100,99948,100,100677,100,99889,100,,,99832,100
2019-06-28 10:04:40.000000000,100274,160,100076,160,100368,160,100051,160,100500,160,100049,160,100542,260,100047,160,100590,160,100019,160,100591,100,99973,100,100659,100,99970,100,100674,100,99948,100,100677,100,99889,100,,,99832,100
2019-06-28 10:04:48.247862646,100274,160,100076,160,100368,160,100051,160,100500,160,100049,160,100542,260,100047,160,100590,160,100019,160,100591,100,99973,100,100659,100,99970,100,100674,100,99948,100,100677,100,99889,100,,,99832,100
2019-06-28 10:04:50.000000000,100274,160,100076,160,100368,160,100051,160,100500,160,100049,160,100542,260,100047,160,100590,160,100019,160,100591,100,99973,100,100659,100,99970,100,100674,100,99948,100,100677,100,99889,100,,,99832,100
2019-06-28 10:04:59.393865174,100264,100,100076,160,100274,160,100051,160,100368,160,100049,160,100500,160,100047,160,100542,260,100019,160,100590,160,99973,100,100591,100,99970,100,100659,100,99948,100,100674,100,99889,100,100677,100,99832,100
2019-06-28 10:05:00.000000000,100264,174,100076,174,100274,174,100051,174,100368,174,100049,174,100500,174,100047,174,100542,200,100019,100,100590,100,99973,100,100591,100,99970,100,100659,100,99948,100,100674,100,99889,100,100677,100,99832,100
2019-06-28 10:05:10.000000000,100264,249,100076,249,100274,249,100051,249,100368,100,100049,100,100500,100,100047,100,100542,200,100019,100,100590,100,99973,100,100591,100,99970,100,100659,100,99948,100,100674,100,99889,100,100677,100,99832,100
2019-06-28 10:05:12.415150582,100264,249,100076,249,100274,249,100051,249,100368,100,100049,100,100500,100,100047,100,100542,200,100019,100,100590,100,99973,100,100591,100,99970,100,100659,100,99948,100,100674,100,99889,100,100677,100,99858,100
2019-06-28 10:05:20.000000000,100264,201,100076,201,100274,198,100051,198,100368,198,100049,198,100500,100,100047,100,100542,200,100019,100,100590,100,99973,100,100591,100,99970,100,100659,100,99948,100,100674,100,99889,100,100677,100,99858,100
2019-06-28 10:05:30.000000000,100264,201,100076,201,100274,198,100051,198,100368,198,100049,198,100500,100,100047,100,100542,200,100019,100,100590,100,99973,100,100591,100,99970,100,100659,100,99948,100,100674,100,99889,100,100677,100,99858,100
2019-06-28 10:05:33.974561868,100264,201,100076,201,100274,198,100051,198,100368,198,100049,198,100542,200,100047,100,100590,100,100019,100,100591,100,99973,100,100659,100,99970,100,100674,100,99948,100,100677,100,99889,100,,,99858,100
2019-06-28 10:05:40.000000000,100264,174,100076,174,100274,174,100051,174,100368,174,100049,174,100542,274,100047,174,100590,100,100019,100,100591,100,99973,100,100659,100,99970,100,100674,100,99948,100,100677,100,99889,100,,,99858,100
2019-06-28 10:05:42.235459741,100264,274,100076,174,100274,174,100051,174,100368,174,100049,174,100542,274,100047,174,100590,100,100019,100,100591,100,99973,100,100659,100,99970,100,100674,100,99948,100,100677,100,99889,100,,,99858,100
2019-06-28 10:05:45.459241254,100264,274,100076,174,100274,174,100051,174,100368,174,100049,174,100542,274,100047,174,100590,100,99973,100,100591,100,99970,100,100659,100,99948,100,100674,100,99889,100,100677,100,99858,100,,,99832,100
2019-06-28 10:05:50.000000000,100264,349,100076,249,100274,249,100051,249,100368,100,100049,100,100542,200,100047,100,100590,100,99973,100,100591,100,99970,100,100659,100,99948,100,100674,100,99889,100,100677,100,99858,100,,,99832,100
2019-06-28 10:05:59.683599159,100264,349,100076,249,100274,249,100051,249,100368,100,100049,100,100542,200,100047,100,100590,100,99973,100,100591,100,99970,100,100659,100,99948,100,100674,100,99889,100,100677,100,99858,100,,,99832,100
2019-06-28 10:06:00.000000000,100264,349,100076,249,100274,249,100051,249,100368,100,100049,100,100542,200,100047,100,100590,100,99973,100,100591,100,99970,100,100659,100,99948,100,100674,100,99889,100,100677,100,99858,100,,,99832,100
2019-06-28 10:06:10.000000000,100264,498,100076,398,100274,100,100051,100,100368,100,100049,100,100542,200,100047,100,100590,100,99973,100,100591,100,99970,100,100659,100,99948,100,100674,100,99889,100,100677,100,99858,100,,,99832,100
2019-06-28 10:06:20.000000000,100264,260,100076,160,100274,160,100051,160,100368,160,100049,160,100542,260,100047,160,100590,160,99973,160,100591,100,99970,100,100659,100,99948,100,100674,100,99889,100,100677,100,99858,100,,,99832,100
2019-06-28 10:06:30.000000000,100264,301,100076,201,100274,198,100051,198,100368,198,100049,198,100542,200,100047,100,100590,100,99973,100,100591,100,99970,100,100659,100,99948,100,100674,100,99889,100,100677,100,99858,100,,,99832,100
2019-06-28 10:06:35.263269151,100264,401,100076,201,100274,198,100051,198,100368,198,100049,198,100542,200,100047,100,100590,100,99973,100,100591,100,99970,100,100659,100,99948,100,100674,100,99889,100,100677,100,99858,100,,,99832,100
2019-06-28 10:06:36.510107261,100264,501,100076,201,100274,198,100051,198,100368,198,100049,198,100542,200,100047,100,100590,100,99973,100,100591,100,99970,100,100659,100,99948,100,100674,100,99889,100,100677,100,99858,100,,,99832,100
2019-06-28 10:06:40.000000000,100264,549,100076,249,100274,249,100051,249,100368,100,100049,100,100542,200,100047,100,100590,100,99973,100,100591,100,99970,100,100659,100,99948,100,100674,100,99889,100,100677,100,99858,100,,,99832,100
2019-06-28 10:06:50.000000000,100264,474,100076,174,100274,174,100051,174,100368,174,100049,174,100542,274,100047,174,100590,100,99973,100,100591,100,99970,100,100659,100,99948,100,100674,100,99889,100,100677,100,99858,100,,,99832,100
2019-06-28 10:07:00.000000000,100264,698,100076,398,100274,100,100051,100,100368,100,100049,100,100542,200,100047,100,100590,100,99973,100,100591,100,99970,100,100659,100,99948,100,100674,100,99889,100,100677,100,99858,100,,,99832,100
2019-06-28 10:07:05.351403046,100264,698,100076,398,100274,100,100051,100,100368,100,100049,100,100542,200,100047,100,100590,100,99973,100,100591,100,99970,100,100659,100,99948,100,100674,100,99889,100,100677,100,99858,100,,,99832,100
2019-06-28 10:07:10.000000000,100264,501,100076,201,100274,198,100051,198,100368,198,100049,198,100542,200,100047,100,100590,100,99973,100,100591,100,99970,100,100659,100,99948,100,100674,100,99889,100,100677,100,99858,100,,,99832,100
2019-06-28 10:07:15.650215832,100264,501,100076,201,100274,198,100051,198,100368,198,100049,198,100542,200,100047,100,100590,100,99973,100,100591,100,99970,100,100659,100,99948,100,100674,100,99889,100,100677,100,99858,100,,,99832,100
2019-06-28 10:07:20.000000000,100264,474,100076,174,100274,174,100051,174,100368,174,100049,174,100542,274,100047,174,100590,100,99973,100,100591,100,99970,100,100659,100,99948,100,100674,100,99889,100,100677,100,99858,100,,,99832,100
2019-06-28 10:07:21.712281089,100264,474,100076,174,100274,174,100051,174,100368,174,100049,174,100542,274,100047,174,100590,100,99973,100,100591,100,99970,100,100659,100,99948,100,100674,100,99889,100,100677,100,99858,100,,,99832,100
2019-06-28 10:07:30.000000000,100264,460,100076,160,100274,160,100051,160,100368,160,100049,160,100542,260,100047,160,100590,160,99973,160,100591,100,99970,100,100659,100,99948,100,100674,100,99889,100,100677,100,99858,100,,,99832,100
2019-06-28 10:07:40.000000000,100264,698,100076,398,100274,100,100051,100,100368,100,100049,100,100542,200,100047,100,100590,100,99973,100,100591,100,99970,100,100659,100,99948,100,100674,100,99889,100,100677,100,99858,100,,,99832,100
2019-06-28 10:07:50.000000000,100264,474,100076,174,100274,174,100051,174,100368,174,100049,174,100542,274,100047,174,100590,100,99973,100,100591,100,99970,100,100659,100,99948,100,100674,100,99889,100,100677,100,99858,100,,,99832,100
2019-06-28 10:08:00.000000000,100264,698,100076,398,100274,100,100051,100,100368,100,100049,100,100542,200,100047,100,100590,100,99973,100,100591,100,99970,100,100659,100,99948,100,100674,100,99889,100,100677,100,99858,100,,,99832,100
2019-06-28 10:08:06.911288348,100264,698,100076,298,100274,100,100051,100,100368,100,100049,100,100542,200,100047,100,100590,100,99973,100,100591,100,99970,100,100659,100,99948,100,100674,100,99889,100,100677,100,99858,100,,,99832,100
2019-06-28 10:08:07.985156135,100264,698,100076,198,100274,100,100051,100,100368,100,100049,100,100542,200,100047,100,100590,100,99973,100,100591,100,99970,100,100659,100,99948,100,100674,100,99889,100,100677,100,99858,100,,,99832,100
2019-06-28 10:08:10.000000000,100264,474,100051,174,100274,174,100049,174,100368,174,100047,174,100542,274,99973,174,100590,100,99970,100,100591,100,99948,100,100659,100,99889,100,100674,100,99858,100,100677,100,99832,100,,,99831,100
2019-06-28 10:08:20.000000000,100264,474,100051,174,100274,174,100049,174,100368,174,100047,174,100542,274,99973,174,100590,100,99970,100,100591,100,99948,100,100659,100,99889,100,100674,100,99858,100,100677,100,99832,100,,,99831,100
2019-06-28 10:08:30.000000000,100264,460,100051,160,100274,160,100049,160,100368,160,100047,160,100542,260,99973,160,100590,160,99970,160,100591,100,99948,100,100659,100,99889,100,100674,100,99858,100,100677,100,99832,100,,,99831,100
2019-06-28 10:08:38.453866082,100264,360,100051,160,100274,160,100049,160,100368,160,100047,160,100542,260,99973,160,100590,160,99970,160,100591,100,99948,100,100659,100,99889,100,100674,100,99858,100,100677,100,99832,100,,,99831,100
2019-06-28 10:08:40.000000000,100264,449,100051,249,100274,249,100049,249,100368,100,100047,100,100542,200,99973,100,100590,100,99970,100,100591,100,99948,100,100659,100,99889,100,100674,100,99858,100,100677,100,99832,100,,,99831,100
2019-06-28 10:08:50.000000000,100264,360,100051,160,100274,160,100049,160,100368,160,100047,160,100542,260,99973,160,100590,160,99970,160,100591,100,99948,100,100659,100,99889,100,100674,100,99858,100,100677,100,99832,100,,,99831,100
2019-06-28 10:08:54.815267262,100264,360,100051,60,100274,160,100049,160,100368,160,100047,160,100542,260,99973,160,100590,160,99970,160,100591,100,99948,100,100659,100,99889,100,100674,100,99858,100,100677,100,99832,100,,,99831,100
2019-06-28 10:09:00.000000000,100264,598,100049,398,100274,100,100047,100,100368,100,99973,100,100542,200,99970,100,100590,100,99948,100,100591,100,99889,100,100659,100,99858,100,100674,100,99832,100,100677,100,99831,100,,,99827,100
