,ask_price_1,ask_size_1,bid_price_1,bid_size_1,ask_price_2,ask_size_2,bid_price_2,bid_size_2,ask_price_3,ask_size_3,bid_price_3,bid_size_3,ask_price_4,ask_size_4,bid_price_4,bid_size_4,ask_price_5,ask_size_5,bid_price_5,bid_size_5,ask_price_6,ask_size_6,bid_price_6,bid_size_6,ask_price_7,ask_size_7,bid_price_7,bid_size_7,ask_price_8,ask_size_8,bid_price_8,bid_size_8,ask_price_9,ask_size_9,bid_price_9,bid_size_9,ask_price_10,ask_size_10,bid_price_10,bid_size_10
2019-06-28 09:30:00.000000000,100226,100,,,,,,,,,,,,,,,,,,,,,,,,,,,,,,,,,,,,,,
2019-06-28 09:30:00.000000002,100101,100,99945,100,100226,100,,,,,,,,,,,,,,,,,,,,,,,,,,,,,,,,,,
2019-06-28 09:30:00.000000003,100032,100,99945,100,100101,100,,,100226,100,,,,,,,,,,,,,,,,,,,,,,,,,,,,,,
2019-06-28 09:30:00.000000004,100032,100,99945,100,100080,100,,,100101,100,,,100226,100,,,,,,,,,,,,,,,,,,,,,,,,,,
2019-06-28 09:30:00.000000014,100032,100,99945,100,100080,100,,,100101,100,,,100178,100,,,100226,100,,,,,,,,,,,,,,,,,,,,,,
2019-06-28 09:30:00.000000015,100032,100,99945,100,100055,100,,,100080,100,,,100101,100,,,100178,100,,,100226,100,,,,,,,,,,,,,,,,,,
2019-06-28 09:30:00.000000018,100032,100,99945,100,100045,100,,,100055,100,,,100080,100,,,100101,100,,,100178,100,,,100226,100,,,,,,,,,,,,,,
2019-06-28 09:30:00.000000022,100045,100,99945,100,100055,100,,,100080,100,,,100101,100,,,100178,100,,,100226,100,,,,,,,,,,,,,,,,,,
2019-06-28 09:30:00.000000024,100045,100,100016,100,100055,100,99945,100,100080,100,,,100101,100,,,100178,100,,,100226,100,,,,,,,,,,,,,,,,,,
2019-06-28 09:30:00.000000025,100045,100,100016,100,100055,100,99945,100,100080,100,,,100101,100,,,100127,100,,,100178,100,,,100226,100,,,,,,,,,,,,,,
2019-06-28 09:30:00.000000026,100045,100,99945,100,100055,100,,,100080,100,,,100101,100,,,100127,100,,,100178,100,,,100226,100,,,,,,,,,,,,,,
2019-06-28 09:30:00.000000027,100045,100,100016,100,100055,100,99945,100,100080,100,,,100101,100,,,100127,100,,,100178,100,,,100226,100,,,,,,,,,,,,,,
2019-06-28 09:30:00.000000029,100055,100,100016,100,100080,100,99945,100,100101,100,,,100127,100,,,100178,100,,,100226,100,,,,,,,,,,,,,,,,,,
2019-06-28 09:30:00.000000031,100055,100,100016,100,100080,100,99945,100,100101,100,,,100127,100,,,100139,100,,,100166,100,,,100178,100,,,100226,100,,,,,,,,,,
2019-06-28 09:30:00.000000033,100055,100,100016,100,100080,100,99945,100,100101,100,99841,100,100127,100,,,100139,100,,,100166,100,,,100178,100,,,100226,100,,,,,,,,,,
2019-06-28 09:30:00.000000037,100055,100,99945,100,100080,100,99841,100,100101,100,,,100127,100,,,100139,100,,,100166,100,,,100178,100,,,100226,100,,,,,,,,,,
2019-06-28 09:30:00.000000040,100055,100,99945,100,100080,100,99841,100,100083,100,,,100101,100,,,100127,100,,,100139,100,,,100166,100,,,100178,100,,,100226,100,,,,,,
2019-06-28 09:30:00.000000041,100038,100,100008,100,100055,100,99945,100,100080,100,99841,100,100083,100,,,100101,100,,,100127,100,,,100139,100,,,100166,100,,,100178,100,,,100226,100,,
2019-06-28 09:30:00.000000042,100038,100,100008,100,100055,100,100005,100,100080,100,99945,100,100083,100,99906,100,100101,100,99841,100,100127,100,,,100139,100,,,100166,100,,,100178,100,,,100226,100,,
2019-06-28 09:30:00.000000043,100038,100,100008,100,100055,100,100005,100,100080,100,99946,100,100083,100,99945,100,100101,100,99906,100,100127,100,99841,100,100139,100,,,100166,100,,,100178,100,,,100226,100,,
2019-06-28 09:30:00.000000045,100038,100,100008,100,100045,100,100005,100,100055,100,99946,100,100080,100,99945,100,100083,100,99906,100,100101,100,99841,100,100127,100,,,100139,100,,,100166,100,,,100178,100,,
2019-06-28 09:30:00.000000046,100038,100,100008,100,100045,100,100005,100,100055,200,99946,100,100080,100,99945,100,100083,100,99906,100,100093,100,99841,100,100101,100,,,100127,100,,,100139,100,,,100143,100,,
2019-06-28 09:30:00.000000047,100038,100,100008,100,100045,100,100005,100,100055,200,99946,100,100080,100,99945,100,100083,100,99906,100,100093,100,99892,100,100101,100,99841,100,100127,100,,,100139,100,,,100143,100,,
2019-06-28 09:30:00.000000049,100038,100,100008,100,100045,100,100005,100,100055,200,99967,100,100080,100,99946,100,100083,100,99945,100,100093,100,99906,100,100101,100,99892,100,100127,100,99841,100,100128,100,,,100139,100,,
2019-06-28 09:30:00.000000050,100038,100,100008,100,100045,100,100005,100,100055,200,99967,100,100080,100,99946,100,100083,100,99945,100,100093,100,99906,100,100101,100,99892,100,100127,100,99841,100,100128,100,,,100130,100,,
2019-06-28 09:30:00.000000051,100035,100,100008,100,100038,100,100005,100,100045,100,99967,100,100055,200,99946,100,100080,100,99945,100,100083,100,99906,100,100093,100,99892,100,100101,100,99841,100,100127,100,,,100128,100,,
2019-06-28 09:30:00.000000054,100035,100,99967,100,100038,100,99946,100,100045,100,99945,100,100055,200,99906,100,100080,100,99892,100,100083,100,99841,100,100093,100,,,100101,100,,,100127,100,,,100128,100,,
2019-06-28 09:30:00.000000056,100035,100,99967,100,100038,100,99946,100,100045,100,99945,100,100055,200,99906,100,100080,100,99892,100,100083,100,99841,100,100089,100,,,100093,100,,,100101,100,,,100127,100,,
2019-06-28 09:30:00.000000057,100008,100,99967,100,100035,100,99946,100,100038,100,99945,100,100045,100,99906,100,100055,200,99892,100,100062,100,99841,100,100080,100,,,100083,100,,,100089,100,,,100093,100,,
2019-06-28 09:30:00.000000058,100008,100,99967,100,100035,100,99946,100,100038,100,99945,100,100045,100,99906,100,100055,200,99892,100,100062,100,99889,100,100080,100,99841,100,100083,100,,,100089,100,,,100093,100,,
2019-06-28 09:30:00.000000060,100008,100,100005,100,100016,100,99967,100,100035,100,99946,100,100038,100,99945,100,100045,100,99906,100,100055,200,99892,100,100062,100,99889,100,100080,100,99841,100,100083,100,,,100089,100,,
2019-06-28 09:30:00.000000067,100008,100,100005,100,100016,100,99986,100,100035,100,99967,100,100038,100,99946,100,100045,100,99945,100,100055,200,99906,100,100062,100,99892,100,100080,100,99889,100,100083,100,99841,100,100089,100,,
2019-06-28 09:30:00.000000068,100008,100,100005,100,100016,100,99986,100,100035,100,99969,100,100038,100,99967,100,100045,100,99958,100,100055,200,99953,100,100062,100,99946,100,100080,100,99945,100,100083,100,99906,100,100089,100,99892,100
2019-06-28 09:30:00.000000069,100008,200,100005,100,100016,100,99986,100,100035,100,99969,100,100038,100,99967,100,100045,200,99958,100,100055,200,99953,100,100062,100,99946,100,100080,100,99945,100,100083,100,99906,100,100089,100,99892,100
2019-06-28 09:30:00.000000072,100008,200,100005,100,100016,100,99986,100,100025,100,99969,100,100035,100,99967,100,100038,100,99958,100,100045,200,99953,100,100055,200,99946,100,100062,100,99945,100,100080,100,99911,100,100083,100,99906,100
2019-06-28 09:30:00.000000073,100008,200,100005,100,100016,100,99986,100,100025,100,99969,100,100035,100,99967,100,100038,100,99958,100,100045,200,99953,100,100055,200,99946,100,100062,100,99945,100,100080,100,99917,100,100083,100,99911,100
2019-06-28 09:30:00.000000074,100008,200,100005,100,100016,100,99986,100,100025,100,99969,100,100035,100,99967,100,100038,100,99958,100,100045,200,99953,100,100055,200,99946,100,100062,100,99945,100,100080,100,99917,100,100083,100,99911,100
2019-06-28 09:30:00.000000078,100008,200,100005,100,100016,100,99986,100,100025,100,99969,100,100035,100,99967,100,100038,100,99965,100,100045,200,99958,100,100055,200,99955,100,100062,100,99953,100,100080,100,99946,100,100083,100,99945,100
2019-06-28 09:30:00.000000079,100008,200,100005,100,100016,100,99986,100,100025,100,99969,100,100035,100,99967,100,100038,100,99965,100,100045,200,99958,100,100055,200,99955,100,100062,100,99953,100,100080,100,99946,100,100083,100,99945,100
2019-06-28 09:30:00.000000080,100008,100,100005,100,100016,100,99986,100,100025,100,99969,100,100035,100,99967,100,100038,100,99965,100,100045,200,99958,100,100055,200,99955,100,100062,100,99953,100,100080,100,99946,100,100083,100,99945,100
2019-06-28 09:30:00.000000081,100016,100,100005,100,100025,100,99986,100,100035,100,99969,100,100038,100,99967,100,100045,200,99965,100,100055,200,99958,100,100062,100,99955,100,100080,100,99953,100,100083,100,99946,100,100089,100,99945,100
2019-06-28 09:30:00.000000082,100016,100,100008,100,100025,100,100005,100,100035,100,99986,100,100038,100,99969,100,100045,200,99967,100,100055,200,99965,100,100062,100,99958,100,100080,100,99955,100,100083,100,99953,100,100089,100,99946,100
2019-06-28 09:30:00.000000083,100016,100,100008,200,100025,100,100005,100,100035,100,99986,100,100038,100,99969,100,100045,200,99967,100,100055,200,99965,100,100062,100,99958,100,100080,100,99955,100,100083,100,99953,100,100089,100,99946,100
2019-06-28 09:30:00.000000085,100016,100,100008,200,100025,100,100005,100,100035,100,99986,100,100038,100,99969,100,100045,200,99967,100,100055,200,99965,100,100062,100,99958,100,100076,100,99955,100,100080,100,99953,100,100083,100,99946,100
2019-06-28 09:30:00.000000088,100016,100,100008,200,100025,100,100005,100,100035,100,99986,100,100038,100,99981,100,100045,200,99969,100,100055,200,99967,100,100062,100,99965,100,100076,100,99958,100,100080,100,99955,100,100083,100,99953,100
2019-06-28 09:30:00.000000091,100016,100,100008,200,100025,100,100005,100,100035,100,99986,100,100038,100,99981,100,100045,200,99969,100,100055,200,99967,100,100062,100,99965,100,100076,100,99958,100,100080,100,99955,100,100083,100,99953,100
2019-06-28 09:30:00.000000093,100025,100,100008,200,100035,100,100005,100,100038,100,99986,100,100045,200,99981,100,100055,200,99969,100,100062,100,99967,100,100076,100,99965,100,100080,100,99958,100,100083,100,99955,100,100089,100,99953,100
2019-06-28 09:30:00.000000099,100035,100,100008,200,100038,100,100005,100,100045,200,99986,100,100055,200,99981,100,100062,100,99969,100,100076,100,99967,100,100080,100,99965,100,100083,100,99958,100,100089,100,99955,100,100093,100,99953,100
2019-06-28 09:30:01.720112343,100038,100,100008,200,100045,200,100005,100,100055,200,99986,100,100062,100,99981,100,100076,100,99969,100,100080,100,99967,100,100083,100,99965,100,100089,100,99958,100,100093,100,99955,100,100101,100,99953,100
2019-06-28 09:30:07.678744352,100038,100,100008,200,100045,200,100005,100,100055,200,99986,100,100062,100,99981,100,100076,100,99969,100,100080,100,99967,100,100083,100,99965,100,100089,100,99958,100,100093,100,99955,100,100101,100,99953,100
2019-06-28 09:30:10.000000000,100038,428,100008,528,100045,200,100005,100,100055,200,99986,100,100062,100,99981,100,100076,100,99969,100,100080,100,99967,100,100083,100,99965,100,100089,100,99958,100,100093,100,99955,100,100101,100,99953,100
2019-06-28 09:30:13.987871094,100025,100,100008,528,100038,428,100005,100,100045,200,99986,100,100055,200,99981,100,100062,100,99969,100,100076,100,99967,100,100080,100,99965,100,100083,100,99958,100,100089,100,99955,100,100093,100,99953,100
2019-06-28 09:30:20.000000000,100025,182,100008,282,100038,182,100005,182,100045,282,99986,182,100055,282,99981,182,100062,100,99969,100,100076,100,99967,100,100080,100,99965,100,100083,100,99958,100,100089,100,99955,100,100093,100,99953,100
2019-06-28 09:30:30.000000000,100025,182,100008,282,100038,182,100005,182,100045,282,99986,182,100055,282,99981,182,100062,100,99969,100,100076,100,99967,100,100080,100,99965,100,100083,100,99958,100,100089,100,99955,100,100093,100,99953,100
2019-06-28 09:30:40.000000000,100025,264,100008,364,100038,264,100005,264,100045,200,99986,100,100055,200,99981,100,100062,100,99969,100,100076,100,99967,100,100080,100,99965,100,100083,100,99958,100,100089,100,99955,100,100093,100,99953,100
2019-06-28 09:30:41.144979743,100025,364,100008,364,100038,264,100005,264,100045,200,99986,100,100055,200,99981,100,100062,100,99969,100,100076,100,99967,100,100080,100,99965,100,100083,100,99958,100,100089,100,99955,100,100093,100,99953,100
2019-06-28 09:30:50.000000000,100025,282,100008,282,100038,182,100005,182,100045,282,99986,182,100055,282,99981,182,100062,100,99969,100,100076,100,99967,100,100080,100,99965,100,100083,100,99958,100,100089,100,99955,100,100093,100,99953,100
2019-06-28 09:31:00.000000000,100025,312,100008,312,100038,208,100005,208,100045,308,99986,208,100055,200,99981,100,100062,100,99969,100,100076,100,99967,100,100080,100,99965,100,100083,100,99958,100,100089,100,99955,100,100093,100,99953,100
2019-06-28 09:31:10.000000000,100025,282,100008,282,100038,182,100005,182,100045,282,99986,182,100055,282,99981,182,100062,100,99969,100,100076,100,99967,100,100080,100,99965,100,100083,100,99958,100,100089,100,99955,100,100093,100,99953,100
2019-06-28 09:31:15.977976428,100025,282,100008,282,100038,182,100005,182,100045,282,99986,182,100055,282,99981,182,100062,100,99969,100,100076,100,99967,100,100080,100,99965,100,100083,100,99958,100,100089,100,99955,100,100093,100,99953,100
2019-06-28 09:31:20.000000000,100025,364,100008,364,100038,264,100005,264,100045,200,99986,100,100055,200,99981,100,100062,100,99969,100,100076,100,99967,100,100080,100,99965,100,100083,100,99958,100,100089,100,99955,100,100093,100,99953,100
2019-06-28 09:31:26.495626716,100025,364,100008,264,100038,264,100005,264,100045,200,99986,100,100055,200,99981,100,100062,100,99969,100,100076,100,99967,100,100080,100,99965,100,100083,100,99955,100,100089,100,99953,100,100093,100,99946,100
2019-06-28 09:31:30.000000000,100025,282,100008,182,100038,182,100005,182,100045,282,99986,182,100055,282,99981,182,100062,100,99969,100,100076,100,99967,100,100080,100,99965,100,100083,100,99955,100,100089,100,99953,100,100093,100,99946,100
2019-06-28 09:31:38.806704880,100025,282,100008,182,100038,182,100005,182,100045,282,99986,182,100055,282,99981,182,100062,100,99969,100,100076,100,99967,100,100080,100,99965,100,100083,100,99955,100,100093,100,99953,100,100101,100,99946,100
2019-06-28 09:31:40.000000000,100025,364,100008,264,100038,264,100005,264,100045,200,99986,100,100055,200,99981,100,100062,100,99969,100,100076,100,99967,100,100080,100,99965,100,100083,100,99955,100,100093,100,99953,100,100101,100,99946,100
2019-06-28 09:31:43.070851184,100025,364,100008,264,100038,264,100005,264,100045,200,99986,100,100055,200,99981,100,100062,100,99969,100,100076,100,99967,100,100080,100,99965,100,100083,100,99955,100,100093,100,99953,100,100101,100,99946,100
2019-06-28 09:31:50.000000000,100025,282,100008,182,100038,182,100005,182,100045,282,99986,182,100055,282,99981,182,100062,100,99969,100,100076,100,99967,100,100080,100,99965,100,100083,100,99955,100,100093,100,99953,100,100101,100,99946,100
2019-06-28 09:31:51.891106906,100025,282,100008,82,100038,182,100005,182,100045,282,99986,182,100055,282,99981,182,100062,100,99969,100,100076,100,99967,100,100080,100,99965,100,100083,100,99955,100,100093,100,99953,100,100101,100,99946,100
2019-06-28 09:32:00.000000000,100025,282,100005,182,100038,182,99986,182,100045,282,99981,182,100055,282,99969,182,100062,100,99967,100,100076,100,99965,100,100080,100,99955,100,100083,100,99953,100,100093,100,99946,100,100101,100,99945,100
2019-06-28 09:32:04.912440784,100025,282,100005,182,100038,182,99986,182,100045,282,99981,182,100053,100,99969,182,100055,282,99967,100,100062,100,99965,100,100076,100,99955,100,100080,100,99953,100,100083,100,99946,100,100093,100,99945,100
2019-06-28 09:32:10.000000000,100025,312,100005,212,100038,208,99986,208,100045,308,99981,208,100053,100,99969,100,100055,200,99967,100,100062,100,99965,100,100076,100,99955,100,100080,100,99953,100,100083,100,99946,100,100093,100,99945,100
2019-06-28 09:32:20.000000000,100025,282,100005,182,100038,182,99986,182,100045,282,99981,182,100053,182,99969,182,100055,200,99967,100,100062,100,99965,100,100076,100,99955,100,100080,100,99953,100,100083,100,99946,100,100093,100,99945,100
2019-06-28 09:32:21.716320138,100025,282,100005,182,100038,182,99986,182,100045,282,99981,182,100053,182,99969,182,100055,200,99967,100,100062,100,99965,100,100076,100,99955,100,100080,100,99953,100,100083,100,99946,100,100093,100,99945,100
2019-06-28 09:32:30.000000000,100025,266,100005,166,100038,166,99986,166,100045,266,99981,166,100053,166,99969,166,100055,266,99967,166,100062,100,99965,100,100076,100,99955,100,100080,100,99953,100,100083,100,99946,100,100093,100,99945,100
2019-06-28 09:32:33.070064756,100025,266,100005,166,100029,100,99986,166,100038,166,99981,166,100045,266,99969,166,100053,166,99967,166,100055,266,99965,100,100062,100,99955,100,100076,100,99953,100,100080,100,99946,100,100083,100,99945,100
2019-06-28 09:32:34.805172474,100025,266,100005,66,100029,100,99986,166,100038,166,99981,166,100045,266,99969,166,100053,166,99967,166,100055,266,99965,100,100062,100,99955,100,100076,100,99953,100,100080,100,99946,100,100093,100,99945,100
2019-06-28 09:32:40.000000000,100025,312,99986,212,100029,208,99981,208,100038,208,99969,208,100045,200,99967,100,100053,100,99965,100,100055,200,99955,100,100062,100,99953,100,100076,100,99946,100,100080,100,99945,100,100093,100,99936,100
2019-06-28 09:32:43.954916999,100025,312,99986,112,100029,208,99981,208,100038,208,99969,208,100045,200,99967,100,100053,100,99965,100,100055,200,99955,100,100062,100,99953,100,100076,100,99946,100,100080,100,99945,100,100093,100,99936,100
2019-06-28 09:32:50.000000000,100025,282,99981,182,100029,182,99969,182,100038,182,99967,182,100045,282,99965,182,100053,100,99955,100,100055,200,99953,100,100062,100,99946,100,100076,100,99945,100,100080,100,99936,100,100093,100,99932,100
2019-06-28 09:33:00.000000000,100025,528,99981,428,100029,100,99969,100,100038,100,99967,100,100045,200,99965,100,100053,100,99955,100,100055,200,99953,100,100062,100,99946,100,100076,100,99945,100,100080,100,99936,100,100093,100,99932,100
2019-06-28 09:33:10.000000000,100025,364,99981,264,100029,264,99969,264,100038,100,99967,100,100045,200,99965,100,100053,100,99955,100,100055,200,99953,100,100062,100,99946,100,100076,100,99945,100,100080,100,99936,100,100093,100,99932,100
2019-06-28 09:33:20.000000000,100025,312,99981,212,100029,208,99969,208,100038,208,99967,208,100045,200,99965,100,100053,100,99955,100,100055,200,99953,100,100062,100,99946,100,100076,100,99945,100,100080,100,99936,100,100093,100,99932,100
2019-06-28 09:33:22.016784091,100025,312,99981,212,100029,208,99969,208,100038,208,99967,208,100045,200,99965,100,100053,100,99955,100,100055,200,99953,100,100062,100,99946,100,100076,100,99945,100,100080,100,99936,100,100093,100,99932,100
2019-06-28 09:33:30.000000000,100025,312,99981,212,100029,208,99969,208,100038,208,99967,208,100045,200,99965,100,100053,100,99955,100,100055,200,99953,100,100062,100,99946,100,100076,100,99945,100,100080,100,99936,100,100093,100,99932,100
2019-06-28 09:33:38.511129011,100005,100,99981,212,100025,312,99969,208,100029,208,99967,208,100038,208,99965,100,100045,200,99955,100,100053,100,99953,100,100055,200,99946,100,100062,100,99945,100,100076,100,99936,100,100080,100,99932,100
2019-06-28 09:33:40.000000000,100005,264,99981,264,100025,364,99969,264,100029,100,99967,100,100038,100,99965,100,100045,200,99955,100,100053,100,99953,100,100055,200,99946,100,100062,100,99945,100,100076,100,99936,100,100080,100,99932,100
2019-06-28 09:33:44.904147625,100005,364,99981,264,100025,264,99969,264,100029,100,99967,100,100038,100,99965,100,100045,200,99955,100,100053,100,99953,100,100055,200,99946,100,100062,100,99945,100,100076,100,99936,100,100080,100,99932,100
2019-06-28 09:33:50.000000000,100005,312,99981,212,100025,208,99969,208,100029,208,99967,208,100038,100,99965,100,100045,200,99955,100,100053,100,99953,100,100055,200,99946,100,100062,100,99945,100,100076,100,99936,100,100080,100,99932,100
2019-06-28 09:34:00.000000000,100005,528,99981,428,100025,100,99969,100,100029,100,99967,100,100038,100,99965,100,100045,200,99955,100,100053,100,99953,100,100055,200,99946,100,100062,100,99945,100,100076,100,99936,100,100080,100,99932,100
2019-06-28 09:34:03.016315045,100005,528,99981,428,100025,100,99969,100,100029,100,99967,100,100038,100,99965,100,100045,200,99955,100,100053,100,99953,100,100055,200,99946,100,100062,100,99945,100,100076,100,99936,100,100080,100,99932,100
2019-06-28 09:34:10.000000000,100005,364,99981,264,100025,264,99969,264,100029,100,99967,100,100038,100,99965,100,100045,200,99955,100,100053,100,99953,100,100055,200,99946,100,100062,100,99945,100,100076,100,99936,100,100080,100,99932,100
2019-06-28 09:34:20.000000000,100005,528,99981,428,100025,100,99969,100,100029,100,99967,100,100038,100,99965,100,100045,200,99955,100,100053,100,99953,100,100055,200,99946,100,100062,100,99945,100,100076,100,99936,100,100080,100,99932,100
2019-06-28 09:34:29.756473933,100005,528,99981,428,100025,100,99969,100,100038,100,99967,100,100045,200,99965,100,100053,100,99955,100,100055,200,99953,100,100062,100,99946,100,100076,100,99945,100,100080,100,99936,100,100093,100,99932,100
2019-06-28 09:34:30.000000000,100005,364,99981,264,100025,264,99969,264,100038,100,99967,100,100045,200,99965,100,100053,100,99955,100,100055,200,99953,100,100062,100,99946,100,100076,100,99945,100,100080,100,99936,100,100093,100,99932,100
2019-06-28 09:34:40.000000000,100005,528,99981,428,100025,100,99969,100,100038,100,99967,100,100045,200,99965,100,100053,100,99955,100,100055,200,99953,100,100062,100,99946,100,100076,100,99945,100,100080,100,99936,100,100093,100,99932,100
2019-06-28 09:34:46.823965562,100005,628,99981,428,100025,100,99969,100,100038,100,99967,100,100045,200,99965,100,100053,100,99955,100,100055,200,99953,100,100062,100,99946,100,100076,100,99945,100,100080,100,99936,100,100093,100,99932,100
2019-06-28 09:34:50.000000000,100005,464,99981,264,100025,264,99969,264,100038,100,99967,100,100045,200,99965,100,100053,100,99955,100,100055,200,99953,100,100062,100,99946,100,100076,100,99945,100,100080,100,99936,100,100093,100,99932,100
2019-06-28 09:35:00.000000000,100005,464,99981,264,100025,264,99969,264,100038,100,99967,100,100045,200,99965,100,100053,100,99955,100,100055,200,99953,100,100062,100,99946,100,100076,100,99945,100,100080,100,99936,100,100093,100,99932,100
2019-06-28 09:35:08.098240412,100005,264,99981,264,100025,264,99969,264,100038,100,99967,100,100045,200,99965,100,100053,100,99955,100,100055,200,99953,100,100062,100,99946,100,100076,100,99945,100,100080,100,99936,100,100093,100,99932,100
2019-06-28 09:35:10.000000000,100005,264,99981,264,100025,264,99969,264,100038,100,99967,100,100045,200,99965,100,100053,100,99955,100,100055,200,99953,100,100062,100,99946,100,100076,100,99945,100,100080,100,99936,100,100093,100,99932,100
2019-06-28 09:35:13.441608635,100005,264,99981,264,100025,264,99969,264,100038,100,99967,100,100045,200,99965,100,100053,100,99955,100,100055,200,99953,100,100062,100,99946,100,100076,100,99945,100,100080,100,99936,100,100093,100,99932,100
2019-06-28 09:35:20.000000000,100005,264,99981,264,100025,264,99969,264,100038,100,99967,100,100045,200,99965,100,100053,100,99955,100,100055,200,99953,100,100062,100,99946,100,100076,100,99945,100,100080,100,99936,100,100093,100,99932,100
2019-06-28 09:35:30.000000000,100005,182,99981,182,100025,182,99969,182,100038,182,99967,182,100045,282,99965,182,100053,100,99955,100,100055,200,99953,100,100062,100,99946,100,100076,100,99945,100,100080,100,99936,100,100093,100,99932,100
2019-06-28 09:35:40.000000000,100005,212,99981,212,100025,208,99969,208,100038,208,99967,208,100045,200,99965,100,100053,100,99955,100,100055,200,99953,100,100062,100,99946,100,100076,100,99945,100,100080,100,99936,100,100093,100,99932,100
2019-06-28 09:35:50.000000000,100005,264,99981,264,100025,264,99969,264,100038,100,99967,100,100045,200,99965,100,100053,100,99955,100,100055,200,99953,100,100062,100,99946,100,100076,100,99945,100,100080,100,99936,100,100093,100,99932,100
2019-06-28 09:36:00.000000000,100005,182,99981,182,100025,182,99969,182,100038,182,99967,182,100045,282,99965,182,100053,100,99955,100,100055,200,99953,100,100062,100,99946,100,100076,100,99945,100,100080,100,99936,100,100093,100,99932,100
2019-06-28 09:36:10.000000000,100005,264,99981,264,100025,264,99969,264,100038,100,99967,100,100045,200,99965,100,100053,100,99955,100,100055,200,99953,100,100062,100,99946,100,100076,100,99945,100,100080,100,99936,100,100093,100,99932,100
2019-06-28 09:36:16.361850736,100005,264,99987,100,100025,264,99981,264,100038,100,99969,264,100045,200,99967,100,100053,100,99965,100,100055,200,99955,100,100062,100,99953,100,100076,100,99946,100,100080,100,99945,100,100093,100,99936,100
2019-06-28 09:36:20.000000000,100005,264,99987,264,100025,264,99981,264,100038,100,99969,100,100045,200,99967,100,100053,100,99965,100,100055,200,99955,100,100062,100,99953,100,100076,100,99946,100,100080,100,99945,100,100093,100,99936,100
2019-06-28 09:36:29.513736909,100005,264,99987,264,100025,264,99981,264,100038,100,99969,100,100045,200,99967,100,100053,100,99965,100,100055,200,99955,100,100062,100,99953,100,100076,100,99946,100,100080,100,99945,100,100093,100,99936,100
2019-06-28 09:36:30.000000000,100005,166,99987,166,100025,166,99981,166,100038,166,99969,166,100045,266,99967,166,100053,166,99965,166,100055,200,99955,100,100062,100,99953,100,100076,100,99946,100,100080,100,99945,100,100093,100,99936,100
2019-06-28 09:36:40.000000000,100005,428,99987,428,100025,100,99981,100,100038,100,99969,100,100045,200,99967,100,100053,100,99965,100,100055,200,99955,100,100062,100,99953,100,100076,100,99946,100,100080,100,99945,100,100093,100,99936,100
2019-06-28 09:36:40.378678098,100005,328,99987,428,100025,100,99981,100,100038,100,99969,100,100045,200,99967,100,100053,100,99965,100,100055,200,99955,100,100062,100,99953,100,100076,100,99946,100,100080,100,99945,100,100093,100,99936,100
2019-06-28 09:36:46.188575321,100005,228,99987,428,100025,100,99981,100,100038,100,99969,100,100045,200,99967,100,100053,100,99965,100,100055,200,99955,100,100062,100,99953,100,100076,100,99946,100,100080,100,99945,100,100093,100,99936,100
2019-06-28 09:36:50.000000000,100025,212,99987,212,100038,208,99981,208,100045,308,99969,208,100053,100,99967,100,100055,200,99965,100,100062,100,99955,100,100076,100,99953,100,100080,100,99946,100,100093,100,99945,100,100101,100,99936,100
2019-06-28 09:37:00.000000000,100025,182,99987,182,100038,182,99981,182,100045,282,99969,182,100053,182,99967,182,100055,200,99965,100,100062,100,99955,100,100076,100,99953,100,100080,100,99946,100,100093,100,99945,100,100101,100,99936,100
2019-06-28 09:37:10.000000000,100025,264,99987,264,100038,264,99981,264,100045,200,99969,100,100053,100,99967,100,100055,200,99965,100,100062,100,99955,100,100076,100,99953,100,100080,100,99946,100,100093,100,99945,100,100101,100,99936,100
2019-06-28 09:37:20.000000000,100025,264,99987,264,100038,264,99981,264,100045,200,99969,100,100053,100,99967,100,100055,200,99965,100,100062,100,99955,100,100076,100,99953,100,100080,100,99946,100,100093,100,99945,100,100101,100,99936,100
2019-06-28 09:37:21.830298195,100025,264,99987,264,100038,264,99981,264,100045,200,99969,100,100053,100,99967,100,100055,200,99965,100,100062,100,99955,100,100076,100,99953,100,100093,100,99946,100,100101,100,99945,100,100127,100,99936,100
2019-06-28 09:37:26.010410365,100025,164,99987,264,100038,264,99981,264,100045,200,99969,100,100053,100,99967,100,100055,200,99965,100,100062,100,99955,100,100076,100,99953,100,100093,100,99946,100,100101,100,99945,100,100127,100,99932,100
2019-06-28 09:37:29.779184161,100025,164,99987,264,100038,264,99981,264,100045,200,99969,100,100053,100,99967,100,100055,200,99965,100,100062,100,99955,100,100076,100,99953,100,100093,100,99946,100,100101,100,99945,100,100127,100,99932,100
2019-06-28 09:37:30.000000000,100038,182,99987,182,100045,282,99981,182,100053,182,99969,182,100055,282,99967,182,100062,100,99965,100,100076,100,99955,100,100093,100,99953,100,100101,100,99946,100,100127,100,99945,100,100130,100,99932,100
2019-06-28 09:37:40.000000000,100038,212,99987,212,100045,308,99981,208,100053,208,99969,208,100055,200,99967,100,100062,100,99965,100,100076,100,99955,100,100093,100,99953,100,100101,100,99946,100,100127,100,99945,100,100130,100,99932,100
2019-06-28 09:37:50.000000000,100038,428,99987,428,100045,200,99981,100,100053,100,99969,100,100055,200,99967,100,100062,100,99965,100,100076,100,99955,100,100093,100,99953,100,100101,100,99946,100,100127,100,99945,100,100130,100,99932,100
2019-06-28 09:37:52.239078881,100038,328,99987,428,100045,200,99981,100,100053,100,99969,100,100055,200,99967,100,100062,100,99965,100,100076,100,99955,100,100093,100,99953,100,100101,100,99946,100,100127,100,99945,100,100130,100,99932,100
2019-06-28 09:38:00.000000000,100045,364,99987,264,100053,264,99981,264,100055,200,99969,100,100062,100,99967,100,100076,100,99965,100,100093,100,99955,100,100101,100,99953,100,100127,100,99946,100,100130,100,99945,100,100139,100,99932,100
2019-06-28 09:38:04.380982164,100045,364,99987,264,100053,264,99981,264,100055,200,99969,100,100062,100,99967,100,100076,100,99965,100,100093,100,99955,100,100101,100,99953,100,100127,100,99946,100,100130,100,99945,100,100139,100,99932,100
2019-06-28 09:38:10.000000000,100045,364,99987,264,100053,264,99981,264,100055,200,99969,100,100062,100,99967,100,100076,100,99965,100,100093,100,99955,100,100101,100,99953,100,100127,100,99946,100,100130,100,99945,100,100139,100,99932,100
2019-06-28 09:38:17.547027473,100045,364,100025,100,100053,264,99987,264,100055,200,99981,264,100062,100,99969,100,100076,100,99967,100,100093,100,99965,100,100101,100,99955,100,100127,100,99953,100,100130,100,99946,100,100139,100,99945,100
2019-06-28 09:38:17.970695220,100045,364,100025,100,100053,264,99987,264,100055,200,99981,264,100062,100,99969,100,100076,100,99967,100,100093,100,99965,100,100101,100,99955,100,100127,100,99953,100,100130,100,99946,100,100139,100,99945,100
2019-06-28 09:38:20.000000000,100045,266,100025,166,100053,166,99987,166,100055,266,99981,166,100062,166,99969,166,100076,166,99967,166,100093,100,99965,100,100101,100,99955,100,100127,100,99953,100,100130,100,99946,100,100139,100,99945,100
2019-06-28 09:38:24.078230998,100045,166,100025,166,100053,166,99987,166,100055,266,99981,166,100062,166,99969,166,100076,166,99967,166,100101,100,99965,100,100127,100,99955,100,100130,100,99953,100,100139,100,99946,100,100226,100,99945,100
2019-06-28 09:38:30.000000000,100045,166,100025,166,100053,166,99987,166,100055,266,99981,166,100062,166,99969,166,100076,166,99967,166,100101,100,99965,100,100127,100,99955,100,100130,100,99953,100,100139,100,99946,100,100226,100,99945,100
2019-06-28 09:38:37.511000346,100045,66,100025,166,100053,166,99987,166,100055,266,99981,166,100062,166,99969,166,100076,166,99967,166,100101,100,99965,100,100127,100,99955,100,100130,100,99953,100,100139,100,99946,100,100226,100,99945,100
2019-06-28 09:38:40.000000000,100053,264,100025,264,100055,364,99987,264,100062,100,99981,100,100076,100,99969,100,100101,100,99967,100,100127,100,99965,100,100130,100,99955,100,100139,100,99953,100,100226,100,99946,100,100631,100,99945,100
2019-06-28 09:38:50.000000000,100053,212,100025,212,100055,308,99987,208,100062,208,99981,208,100076,100,99969,100,100101,100,99967,100,100127,100,99965,100,100130,100,99955,100,100139,100,99953,100,100226,100,99946,100,100631,100,99945,100
2019-06-28 09:38:53.107549482,100053,212,100025,212,100055,308,99987,208,100062,208,99981,208,100076,100,99969,100,100101,100,99967,100,100127,100,99965,100,100130,100,99955,100,100139,100,99953,100,100226,100,99946,100,100631,100,99945,100
2019-06-28 09:39:00.000000000,100053,166,100025,166,100055,266,99987,166,100062,166,99981,166,100076,166,99969,166,100101,166,99967,166,100127,100,99965,100,100130,100,99955,100,100139,100,99953,100,100226,100,99946,100,100631,100,99945,100
2019-06-28 09:39:07.341395611,100053,166,100025,166,100055,266,99987,166,100062,166,99981,166,100076,166,99969,166,100101,166,99967,166,100127,100,99965,100,100130,100,99955,100,100139,100,99953,100,100226,100,99946,100,100631,100,99945,100
2019-06-28 09:39:10.000000000,100053,428,100025,428,100055,200,99987,100,100062,100,99981,100,100076,100,99969,100,100101,100,99967,100,100127,100,99965,100,100130,100,99955,100,100139,100,99953,100,100226,100,99946,100,100631,100,99945,100
2019-06-28 09:39:20.000000000,100053,212,100025,212,100055,308,99987,208,100062,208,99981,208,100076,100,99969,100,100101,100,99967,100,100127,100,99965,100,100130,100,99955,100,100139,100,99953,100,100226,100,99946,100,100631,100,99945,100
2019-06-28 09:39:30.000000000,100053,212,100025,212,100055,308,99987,208,100062,208,99981,208,100076,100,99969,100,100101,100,99967,100,100127,100,99965,100,100130,100,99955,100,100139,100,99953,100,100226,100,99946,100,100631,100,99945,100
2019-06-28 09:39:40.000000000,100053,212,100025,212,100055,308,99987,208,100062,208,99981,208,100076,100,99969,100,100101,100,99967,100,100127,100,99965,100,100130,100,99955,100,100139,100,99953,100,100226,100,99946,100,100631,100,99945,100
2019-06-28 09:39:44.725665379,100053,112,100025,212,100055,308,99987,208,100062,208,99981,208,100076,100,99969,100,100101,100,99967,100,100127,100,99965,100,100130,100,99955,100,100226,100,99953,100,100631,100,99946,100,100862,100,99945,100
2019-06-28 09:39:50.000000000,100055,364,100025,264,100062,264,99987,264,100076,100,99981,100,100101,100,99969,100,100127,100,99967,100,100130,100,99965,100,100226,100,99955,100,100631,100,99953,100,100862,100,99946,100,100882,100,99945,100
2019-06-28 09:40:00.000000000,100055,312,100025,212,100062,208,99987,208,100076,208,99981,208,100101,100,99969,100,100127,100,99967,100,100130,100,99965,100,100226,100,99955,100,100631,100,99953,100,100862,100,99946,100,100882,100,99945,100
2019-06-28 09:40:10.000000000,100055,266,100025,166,100062,166,99987,166,100076,166,99981,166,100101,166,99969,166,100127,166,99967,166,100130,100,99965,100,100226,100,99955,100,100631,100,99953,100,100862,100,99946,100,100882,100,99945,100
2019-06-28 09:40:10.026816710,100055,166,100025,166,100062,166,99987,166,100076,166,99981,166,100101,166,99969,166,100127,166,99967,166,100226,100,99965,100,100631,100,99955,100,100862,100,99953,100,100882,100,99946,100,100914,100,99945,100
2019-06-28 09:40:20.000000000,100055,264,100025,264,100062,264,99987,264,100076,100,99981,100,100101,100,99969,100,100127,100,99967,100,100226,100,99965,100,100631,100,99955,100,100862,100,99953,100,100882,100,99946,100,100914,100,99945,100
2019-06-28 09:40:30.000000000,100055,428,100025,428,100062,100,99987,100,100076,100,99981,100,100101,100,99969,100,100127,100,99967,100,100226,100,99965,100,100631,100,99955,100,100862,100,99953,100,100882,100,99946,100,100914,100,99945,100
2019-06-28 09:40:33.904981392,100055,428,100025,428,100062,100,99987,100,100076,100,99981,100,100127,100,99969,100,100226,100,99967,100,100631,100,99965,100,100862,100,99955,100,100864,100,99953,100,100882,100,99946,100,100914,100,99945,100
2019-06-28 09:40:40.000000000,100055,264,100025,264,100062,264,99987,264,100076,100,99981,100,100127,100,99969,100,100226,100,99967,100,100631,100,99965,100,100862,100,99955,100,100864,100,99953,100,100882,100,99946,100,100914,100,99945,100
2019-06-28 09:40:50.000000000,100055,264,100025,264,100062,264,99987,264,100076,100,99981,100,100127,100,99969,100,100226,100,99967,100,100631,100,99965,100,100862,100,99955,100,100864,100,99953,100,100882,100,99946,100,100914,100,99945,100
2019-06-28 09:40:55.561430874,100055,264,100025,264,100062,264,99987,264,100076,100,99981,100,100127,100,99969,100,100226,100,99967,100,100631,100,99965,100,100862,100,99955,100,100864,100,99953,100,100882,100,99946,100,100914,100,99945,100
2019-06-28 09:40:57.130834412,100055,264,100053,100,100062,264,100025,264,100076,100,99987,264,100127,100,99981,100,100226,100,99969,100,100631,100,99967,100,100862,100,99965,100,100864,100,99955,100,100882,100,99953,100,100914,100,99946,100
2019-06-28 09:41:00.000000000,100055,212,100053,212,100062,208,100025,208,100076,208,99987,208,100127,100,99981,100,100226,100,99969,100,100631,100,99967,100,100862,100,99965,100,100864,100,99955,100,100882,100,99953,100,100914,100,99946,100
2019-06-28 09:41:10.000000000,100055,264,100053,264,100062,264,100025,264,100076,100,99987,100,100127,100,99981,100,100226,100,99969,100,100631,100,99967,100,100862,100,99965,100,100864,100,99955,100,100882,100,99953,100,100914,100,99946,100
2019-06-28 09:41:16.320699280,100055,264,100053,364,100062,264,100025,264,100076,100,99987,100,100127,100,99981,100,100226,100,99969,100,100631,100,99967,100,100862,100,99965,100,100864,100,99955,100,100882,100,99953,100,100914,100,99946,100
2019-06-28 09:41:20.000000000,100055,264,100053,364,100062,264,100025,264,100076,100,99987,100,100127,100,99981,100,100226,100,99969,100,100631,100,99967,100,100862,100,99965,100,100864,100,99955,100,100882,100,99953,100,100914,100,99946,100
2019-06-28 09:41:30.000000000,100055,428,100053,528,100062,100,100025,100,100076,100,99987,100,100127,100,99981,100,100226,100,99969,100,100631,100,99967,100,100862,100,99965,100,100864,100,99955,100,100882,100,99953,100,100914,100,99946,100
2019-06-28 09:41:40.000000000,100055,166,100053,266,100062,166,100025,166,100076,166,99987,166,100127,166,99981,166,100226,166,99969,166,100631,100,99967,100,100862,100,99965,100,100864,100,99955,100,100882,100,99953,100,100914,100,99946,100
2019-06-28 09:41:50.000000000,100055,182,100053,282,100062,182,100025,182,100076,182,99987,182,100127,182,99981,182,100226,100,99969,100,100631,100,99967,100,100862,100,99965,100,100864,100,99955,100,100882,100,99953,100,100914,100,99946,100
2019-06-28 09:42:00.000000000,100055,428,100053,528,100062,100,100025,100,100076,100,99987,100,100127,100,99981,100,100226,100,99969,100,100631,100,99967,100,100862,100,99965,100,100864,100,99955,100,100882,100,99953,100,100914,100,99946,100
2019-06-28 09:42:09.957881681,100055,328,100053,528,100062,100,100025,100,100076,100,99987,100,100127,100,99981,100,100226,100,99969,100,100631,100,99967,100,100862,100,99965,100,100864,100,99955,100,100882,100,99953,100,100914,100,99946,100
2019-06-28 09:42:10.000000000,100062,212,100053,312,100076,208,100025,208,100127,208,99987,208,100226,100,99981,100,100631,100,99969,100,100862,100,99967,100,100864,100,99965,100,100882,100,99955,100,100914,100,99953,100,100936,100,99946,100
2019-06-28 09:42:13.080473954,100062,112,100053,312,100076,208,100025,208,100127,208,99987,208,100226,100,99969,100,100631,100,99967,100,100862,100,99965,100,100864,100,99955,100,100882,100,99953,100,100914,100,99946,100,100936,100,99945,100
2019-06-28 09:42:20.000000000,100076,264,100053,364,100127,264,100025,264,100226,100,99987,100,100631,100,99969,100,100862,100,99967,100,100864,100,99965,100,100882,100,99955,100,100914,100,99953,100,100936,100,99946,100,101012,100,99945,100
2019-06-28 09:42:30.000000000,100076,166,100053,266,100127,166,100025,166,100226,166,99987,166,100631,166,99969,166,100862,166,99967,166,100864,100,99965,100,100882,100,99955,100,100914,100,99953,100,100936,100,99946,100,101012,100,99945,100
2019-06-28 09:42:30.708546275,100076,66,100053,266,100127,166,100025,166,100226,166,99987,166,100631,166,99969,66,100862,166,99967,166,100864,100,99965,100,100882,100,99955,100,100914,100,99953,100,100936,100,99946,100,101012,100,99945,100
2019-06-28 09:42:37.529939359,100127,166,100076,34,100226,166,100053,266,100631,166,100025,166,100862,166,99987,166,100864,100,99969,66,100882,100,99967,166,100914,100,99965,100,100936,100,99955,100,101012,100,99953,100,101195,100,99946,100
2019-06-28 09:42:40.000000000,100127,428,100076,362,100226,100,100053,200,100631,100,100025,100,100862,100,99987,100,100864,100,99967,100,100882,100,99965,100,100914,100,99955,100,100936,100,99953,100,101012,100,99946,100,101195,100,99945,100
2019-06-28 09:42:50.000000000,100127,166,100076,100,100226,166,100053,266,100631,166,100025,166,100862,166,99987,166,100864,166,99967,166,100882,100,99965,100,100914,100,99955,100,100936,100,99953,100,101012,100,99946,100,101195,100,99945,100
2019-06-28 09:43:00.000000000,100127,182,100076,116,100226,182,100053,282,100631,182,100025,182,100862,182,99987,182,100864,100,99967,100,100882,100,99965,100,100914,100,99955,100,100936,100,99953,100,101012,100,99946,100,101195,100,99945,100
2019-06-28 09:43:10.000000000,100127,166,100076,100,100226,166,100053,266,100631,166,100025,166,100862,166,99987,166,100864,166,99967,166,100882,100,99965,100,100914,100,99955,100,100936,100,99953,100,101012,100,99946,100,101195,100,99945,100
2019-06-28 09:43:20.000000000,100127,264,100076,198,100226,264,100053,364,100631,100,100025,100,100862,100,99987,100,100864,100,99967,100,100882,100,99965,100,100914,100,99955,100,100936,100,99953,100,101012,100,99946,100,101195,100,99945,100
2019-06-28 09:43:21.732732932,100127,164,100076,198,100226,264,100053,364,100631,100,100025,100,100862,100,99987,100,100864,100,99965,100,100882,100,99955,100,100914,100,99953,100,100936,100,99946,100,101012,100,99945,100,101195,100,99932,100
2019-06-28 09:43:24.776410718,100127,64,100076,198,100226,264,100053,364,100631,100,100025,100,100862,100,99987,100,100864,100,99965,100,100882,100,99955,100,100914,100,99953,100,101012,100,99946,100,101195,100,99945,100,,,99932,100
2019-06-28 09:43:27.922177395,100226,264,100127,36,100631,100,100076,198,100862,100,100053,364,100864,100,100025,100,100882,100,99987,100,100914,100,99965,100,101012,100,99955,100,101195,100,99953,100,,,99946,100,,,99945,100
2019-06-28 09:43:30.000000000,100226,212,100127,148,100631,208,100076,142,100862,208,100053,308,100864,100,100025,100,100882,100,99987,100,100914,100,99965,100,101012,100,99955,100,101195,100,99953,100,,,99946,100,,,99945,100
2019-06-28 09:43:40.000000000,100226,212,100127,148,100631,208,100076,142,100862,208,100053,308,100864,100,100025,100,100882,100,99987,100,100914,100,99965,100,101012,100,99955,100,101195,100,99953,100,,,99946,100,,,99945,100
2019-06-28 09:43:50.000000000,100226,166,100127,102,100631,166,100076,100,100862,166,100053,266,100864,166,100025,166,100882,166,99987,166,100914,100,99965,100,101012,100,99955,100,101195,100,99953,100,,,99946,100,,,99945,100
2019-06-28 09:44:00.000000000,100226,428,100127,364,100631,100,100076,34,100862,100,100053,200,100864,100,100025,100,100882,100,99987,100,100914,100,99965,100,101012,100,99955,100,101195,100,99953,100,,,99946,100,,,99945,100
2019-06-28 09:44:10.000000000,100226,212,100127,148,100631,208,100076,142,100862,208,100053,308,100864,100,100025,100,100882,100,99987,100,100914,100,99965,100,101012,100,99955,100,101195,100,99953,100,,,99946,100,,,99945,100
2019-06-28 09:44:20.000000000,100226,182,100127,118,100631,182,100076,116,100862,182,100053,282,100864,182,100025,182,100882,100,99987,100,100914,100,99965,100,101012,100,99955,100,101195,100,99953,100,,,99946,100,,,99945,100
2019-06-28 09:44:24.541589605,100127,18,100076,116,100226,182,100053,282,100631,182,100025,182,100862,182,99987,100,100864,182,99965,100,100882,100,99955,100,100914,100,99953,100,101012,100,99946,100,101195,100,99945,100,,,99932,100
2019-06-28 09:44:30.000000000,100127,84,100076,100,100226,166,100053,266,100631,166,100025,166,100862,166,99987,166,100864,166,99965,166,100882,100,99955,100,100914,100,99953,100,101012,100,99946,100,101195,100,99945,100,,,99932,100
2019-06-28 09:44:40.000000000,100127,130,100076,146,100226,208,100053,308,100631,208,100025,208,100862,100,99987,100,100864,100,99965,100,100882,100,99955,100,100914,100,99953,100,101012,100,99946,100,101195,100,99945,100,,,99932,100
2019-06-28 09:44:49.064339557,100127,130,100076,46,100226,208,100053,308,100631,208,100025,208,100862,100,99987,100,100864,100,99965,100,100882,100,99955,100,100914,100,99953,100,101012,100,99946,100,101195,100,99945,100,,,99932,100
2019-06-28 09:44:50.000000000,100127,84,100053,266,100226,166,100025,166,100631,166,99987,166,100862,166,99965,166,100864,166,99955,166,100882,100,99953,100,100914,100,99946,100,101012,100,99945,100,101195,100,99932,100,,,99917,100
2019-06-28 09:44:53.102986630,100127,84,100053,266,100226,166,100025,166,100631,166,99987,166,100862,166,99965,166,100864,166,99955,166,100882,100,99946,100,100914,100,99945,100,101012,100,99932,100,101195,100,99917,100,,,99906,100
2019-06-28 09:45:00.000000000,100127,84,100053,266,100226,166,100025,166,100631,166,99987,166,100862,166,99965,166,100864,166,99955,166,100882,100,99946,100,100914,100,99945,100,101012,100,99932,100,101195,100,99917,100,,,99906,100
2019-06-28 09:45:05.507555290,100127,84,100053,266,100226,166,100025,166,100631,166,99987,166,100862,166,99965,166,100864,166,99955,166,100882,100,99946,100,100914,100,99945,100,101012,100,99932,100,101195,100,99917,100,,,99906,100
2019-06-28 09:45:10.000000000,100127,100,100053,282,100226,182,100025,182,100631,182,99987,182,100862,182,99965,182,100864,100,99955,100,100882,100,99946,100,100914,100,99945,100,101012,100,99932,100,101195,100,99917,100,,,99906,100
2019-06-28 09:45:20.000000000,100127,182,100053,364,100226,264,100025,264,100631,100,99987,100,100862,100,99965,100,100864,100,99955,100,100882,100,99946,100,100914,100,99945,100,101012,100,99932,100,101195,100,99917,100,,,99906,100
2019-06-28 09:45:21.930890148,100127,182,100053,264,100226,264,100025,264,100631,100,99987,100,100862,100,99965,100,100864,100,99955,100,100882,100,99946,100,100914,100,99945,100,101012,100,99932,100,101195,100,99917,100,,,99906,100
2019-06-28 09:45:30.000000000,100127,100,100053,182,100226,182,100025,182,100631,182,99987,182,100862,182,99965,182,100864,100,99955,100,100882,100,99946,100,100914,100,99945,100,101012,100,99932,100,101195,100,99917,100,,,99906,100
2019-06-28 09:45:40.000000000,100127,346,100053,428,100226,100,100025,100,100631,100,99987,100,100862,100,99965,100,100864,100,99955,100,100882,100,99946,100,100914,100,99945,100,101012,100,99932,100,101195,100,99917,100,,,99906,100
2019-06-28 09:45:50.000000000,100127,84,100053,166,100226,166,100025,166,100631,166,99987,166,100862,166,99965,166,100864,166,99955,166,100882,100,99946,100,100914,100,99945,100,101012,100,99932,100,101195,100,99917,100,,,99906,100
2019-06-28 09:45:52.557914177,100127,84,100053,66,100226,166,100025,166,100631,166,99987,166,100862,166,99965,166,100864,166,99955,166,100882,100,99946,100,100914,100,99945,100,101012,100,99932,100,101195,100,99917,100,,,99906,100
2019-06-28 09:46:00.000000000,100127,346,100025,428,100226,100,99987,100,100631,100,99965,100,100862,100,99955,100,100864,100,99946,100,100882,100,99945,100,100914,100,99932,100,101012,100,99917,100,101195,100,99906,100,,,99889,100
2019-06-28 09:46:10.000000000,100127,130,100025,212,100226,208,99987,208,100631,208,99965,208,100862,100,99955,100,100864,100,99946,100,100882,100,99945,100,100914,100,99932,100,101012,100,99917,100,101195,100,99906,100,,,99889,100
2019-06-28 09:46:20.000000000,100127,84,100025,166,100226,166,99987,166,100631,166,99965,166,100862,166,99955,166,100864,166,99946,166,100882,100,99945,100,100914,100,99932,100,101012,100,99917,100,101195,100,99906,100,,,99889,100
2019-06-28 09:46:21.784755766,100127,84,100025,66,100226,166,99987,166,100631,166,99965,166,100862,166,99955,166,100864,166,99946,166,100882,100,99945,100,100914,100,99932,100,101012,100,99917,100,101195,100,99906,100,,,99889,100
2019-06-28 09:46:30.000000000,100127,84,99987,166,100226,166,99965,166,100631,166,99955,166,100862,166,99946,166,100864,166,99945,166,100882,100,99932,100,100914,100,99917,100,101012,100,99906,100,101195,100,99889,100,,,99840,100
2019-06-28 09:46:32.891490795,100127,84,99987,66,100226,166,99965,166,100631,166,99955,166,100862,166,99946,166,100864,166,99945,166,100882,100,99932,100,100914,100,99917,100,101012,100,99906,100,101195,100,99840,100,,,99739,100
2019-06-28 09:46:37.220678968,100025,100,99987,66,100127,84,99965,166,100226,166,99955,166,100631,166,99946,166,100862,166,99945,166,100864,166,99932,100,100882,100,99917,100,100914,100,99906,100,101012,100,99840,100,101195,100,99739,100
2019-06-28 09:46:40.000000000,100025,428,99965,428,100127,18,99955,100,100226,100,99946,100,100631,100,99945,100,100862,100,99932,100,100864,100,99917,100,100882,100,99906,100,100914,100,99840,100,101012,100,99739,100,101195,100,99706,100
2019-06-28 09:46:50.000000000,100025,264,99965,264,100127,182,99955,264,100226,100,99946,100,100631,100,99945,100,100862,100,99932,100,100864,100,99917,100,100882,100,99906,100,100914,100,99840,100,101012,100,99739,100,101195,100,99706,100
2019-06-28 09:47:00.000000000,100025,166,99965,166,100127,84,99955,166,100226,166,99946,166,100631,166,99945,166,100862,166,99932,166,100864,100,99917,100,100882,100,99906,100,100914,100,99840,100,101012,100,99739,100,101195,100,99706,100
2019-06-28 09:47:02.037520277,100025,166,99965,166,100127,84,99955,166,100226,166,99946,166,100631,166,99945,166,100862,166,99932,166,100864,100,99917,100,100882,100,99906,100,100914,100,99840,100,101012,100,99739,100,101195,100,99706,100
2019-06-28 09:47:10.000000000,100025,166,99965,166,100127,84,99955,166,100226,166,99946,166,100631,166,99945,166,100862,166,99932,166,100864,100,99917,100,100882,100,99906,100,100914,100,99840,100,101012,100,99739,100,101195,100,99706,100
2019-06-28 09:47:20.000000000,100025,212,99965,212,100127,126,99955,208,100226,208,99946,208,100631,100,99945,100,100862,100,99932,100,100864,100,99917,100,100882,100,99906,100,100914,100,99840,100,101012,100,99739,100,101195,100,99706,100
2019-06-28 09:47:30.000000000,100025,166,99965,166,100127,84,99955,166,100226,166,99946,166,100631,166,99945,166,100862,166,99932,166,100864,100,99917,100,100882,100,99906,100,100914,100,99840,100,101012,100,99739,100,101195,100,99706,100
2019-06-28 09:47:40.000000000,100025,166,99965,166,100127,84,99955,166,100226,166,99946,166,100631,166,99945,166,100862,166,99932,166,100864,100,99917,100,100882,100,99906,100,100914,100,99840,100,101012,100,99739,100,101195,100,99706,100
2019-06-28 09:47:50.000000000,100025,264,99965,264,100127,182,99955,264,100226,100,99946,100,100631,100,99945,100,100862,100,99932,100,100864,100,99917,100,100882,100,99906,100,100914,100,99840,100,101012,100,99739,100,101195,100,99706,100
2019-06-28 09:47:54.724979709,100025,264,99965,264,100127,182,99955,264,100226,100,99946,100,100631,100,99945,100,100862,100,99932,100,100864,100,99917,100,100882,100,99906,100,100914,100,99840,100,101012,100,99739,100,101195,100,99706,100
2019-06-28 09:47:58.086373799,100025,264,99965,164,100127,182,99955,264,100226,100,99946,100,100631,100,99945,100,100862,100,99932,100,100864,100,99917,100,100882,100,99906,100,100914,100,99840,100,101012,100,99739,100,101195,100,99706,100
2019-06-28 09:47:58.387837008,100025,264,99965,164,100127,182,99955,264,100226,100,99946,100,100631,100,99945,100,100862,100,99932,100,100864,100,99917,100,100882,100,99906,100,100914,100,99840,100,101012,100,99739,100,101195,100,99706,100
2019-06-28 09:48:00.000000000,100025,182,99955,182,100127,100,99946,182,100226,182,99945,182,100631,182,99932,182,100862,100,99917,100,100864,100,99906,100,100882,100,99840,100,100914,100,99739,100,101012,100,99706,100,101195,100,99687,100
2019-06-28 09:48:10.000000000,100025,182,99955,182,100127,100,99946,182,100226,182,99945,182,100631,182,99932,182,100862,100,99917,100,100864,100,99906,100,100882,100,99840,100,100914,100,99739,100,101012,100,99706,100,101195,100,99687,100
2019-06-28 09:48:14.830909214,100025,182,99955,182,100127,100,99946,182,100226,182,99945,182,100631,182,99932,182,100862,100,99917,100,100864,100,99906,100,100882,100,99840,100,100914,100,99739,100,101195,100,99707,100,,,99706,100
2019-06-28 09:48:20.000000000,100025,264,99955,264,100127,182,99946,264,100226,100,99945,100,100631,100,99932,100,100862,100,99917,100,100864,100,99906,100,100882,100,99840,100,100914,100,99739,100,101195,100,99707,100,,,99706,100
2019-06-28 09:48:30.000000000,100025,182,99955,182,100127,100,99946,182,100226,182,99945,182,100631,182,99932,182,100862,100,99917,100,100864,100,99906,100,100882,100,99840,100,100914,100,99739,100,101195,100,99707,100,,,99706,100
2019-06-28 09:48:40.000000000,100025,428,99955,428,100127,18,99946,100,100226,100,99945,100,100631,100,99932,100,100862,100,99917,100,100864,100,99906,100,100882,100,99840,100,100914,100,99739,100,101195,100,99707,100,,,99706,100
2019-06-28 09:48:41.493156606,100025,428,99955,428,100127,18,99946,100,100226,100,99945,100,100631,100,99932,100,100862,100,99917,100,100864,100,99906,100,100882,100,99840,100,100914,100,99739,100,101195,100,99710,100,,,99707,100
2019-06-28 09:48:44.295392630,100025,428,99955,428,100127,18,99946,100,100226,100,99945,100,100631,100,99932,100,100864,100,99917,100,100882,100,99906,100,100914,100,99840,100,101195,100,99739,100,,,99713,100,,,99710,100
2019-06-28 09:48:50.000000000,100025,182,99955,182,100127,100,99946,182,100226,182,99945,182,100631,182,99932,182,100864,100,99917,100,100882,100,99906,100,100914,100,99840,100,101195,100,99739,100,,,99713,100,,,99710,100
2019-06-28 09:49:00.000000000,100025,428,99955,428,100127,18,99946,100,100226,100,99945,100,100631,100,99932,100,100864,100,99917,100,100882,100,99906,100,100914,100,99840,100,101195,100,99739,100,,,99713,100,,,99710,100
2019-06-28 09:49:04.552642457,100025,428,99955,428,100127,18,99946,100,100226,100,99945,100,100631,100,99932,100,100864,100,99917,100,100882,100,99906,100,100914,100,99840,100,,,99739,100,,,99713,100,,,99710,100
2019-06-28 09:49:10.000000000,100025,166,99955,166,100127,84,99946,166,100226,166,99945,166,100631,166,99932,166,100864,166,99917,166,100882,100,99906,100,100914,100,99840,100,,,99739,100,,,99713,100,,,99710,100
2019-06-28 09:49:19.433933437,100025,166,99955,66,100127,84,99946,166,100226,166,99945,166,100631,166,99932,166,100864,166,99917,166,100882,100,99906,100,100914,100,99840,100,,,99739,100,,,99713,100,,,99710,100
2019-06-28 09:49:20.000000000,100025,212,99946,212,100127,126,99945,208,100226,208,99932,208,100631,100,99917,100,100864,100,99906,100,100882,100,99840,100,100914,100,99739,100,,,99713,100,,,99710,100,,,99707,100
2019-06-28 09:49:30.000000000,100025,182,99946,182,100127,100,99945,182,100226,182,99932,182,100631,182,99917,182,100864,100,99906,100,100882,100,99840,100,100914,100,99739,100,,,99713,100,,,99710,100,,,99707,100
2019-06-28 09:49:40.000000000,100025,428,99946,428,100127,18,99945,100,100226,100,99932,100,100631,100,99917,100,100864,100,99906,100,100882,100,99840,100,100914,100,99739,100,,,99713,100,,,99710,100,,,99707,100
2019-06-28 09:49:50.000000000,100025,166,99946,166,100127,84,99945,166,100226,166,99932,166,100631,166,99917,166,100864,166,99906,166,100882,100,99840,100,100914,100,99739,100,,,99713,100,,,99710,100,,,99707,100
2019-06-28 09:50:00.000000000,100025,264,99946,264,100127,182,99945,264,100226,100,99932,100,100631,100,99917,100,100864,100,99906,100,100882,100,99840,100,100914,100,99739,100,,,99713,100,,,99710,100,,,99707,100
2019-06-28 09:50:05.254876594,100025,264,99946,164,100127,182,99945,264,100226,100,99932,100,100631,100,99917,100,100864,100,99906,100,100882,100,99840,100,100914,100,99739,100,,,99713,100,,,99710,100,,,99707,100
2019-06-28 09:50:10.000000000,100025,428,99945,428,100127,18,99932,100,100226,100,99917,100,100631,100,99906,100,100864,100,99840,100,100882,100,99739,100,100914,100,99713,100,,,99710,100,,,99707,100,,,99706,100
2019-06-28 09:50:15.060676881,99955,100,99945,428,100025,428,99932,100,100127,18,99917,100,100226,100,99906,100,100631,100,99840,100,100864,100,99739,100,100882,100,99713,100,100914,100,99710,100,,,99707,100,,,99706,100
2019-06-28 09:50:19.346066124,99955,100,99945,428,100025,428,99932,100,100127,18,99917,100,100226,100,99906,100,100277,100,99840,100,100631,100,99739,100,100864,100,99713,100,100882,100,99710,100,100914,100,99707,100,,,99706,100
2019-06-28 09:50:20.000000000,99955,166,99945,166,100025,166,99932,166,100127,84,99917,166,100226,166,99906,166,100277,166,99840,166,100631,100,99739,100,100864,100,99713,100,100882,100,99710,100,100914,100,99707,100,,,99706,100
2019-06-28 09:50:20.735463807,99955,66,99945,166,100025,166,99932,166,100127,84,99917,166,100226,166,99906,166,100277,166,99840,166,100631,100,99739,100,100864,100,99713,100,100882,100,99710,100,100914,100,99707,100,,,99706,100
2019-06-28 09:50:22.816632821,99955,66,99945,66,100025,166,99932,166,100127,84,99917,166,100226,166,99906,166,100277,166,99840,166,100631,100,99739,100,100864,100,99713,100,100882,100,99710,100,100914,100,99707,100,,,99706,100
2019-06-28 09:50:30.000000000,100025,166,99932,166,100127,84,99917,166,100226,166,99906,166,100277,166,99840,166,100631,166,99739,166,100864,100,99713,100,100882,100,99710,100,100914,100,99707,100,,,99706,100,,,99687,100
2019-06-28 09:50:30.534687249,100025,166,99932,166,100127,84,99917,166,100184,100,99906,166,100226,166,99840,166,100277,166,99739,166,100631,166,99713,100,100864,100,99710,100,100882,100,99707,100,100914,100,99706,100,,,99687,100
2019-06-28 09:50:37.374871737,100025,166,99932,166,100071,100,99917,166,100127,84,99906,166,100184,100,99840,166,100226,166,99739,166,100277,166,99713,100,100631,166,99710,100,100864,100,99707,100,100882,100,99706,100,100914,100,99687,100
2019-06-28 09:50:40.000000000,100025,428,99932,428,100071,100,99917,100,100127,18,99906,100,100184,100,99840,100,100226,100,99739,100,100277,100,99713,100,100631,100,99710,100,100864,100,99707,100,100882,100,99706,100,100914,100,99687,100
2019-06-28 09:50:43.554965048,100025,428,99932,328,100071,100,99906,100,100127,18,99840,100,100184,100,99739,100,100226,100,99713,100,100277,100,99710,100,100631,100,99707,100,100864,100,99706,100,100882,100,99687,100,100914,100,99509,100
2019-06-28 09:50:48.667827586,100025,428,99932,328,100071,100,99906,100,100127,18,99840,100,100142,100,99739,100,100184,100,99713,100,100226,100,99710,100,100277,100,99707,100,100631,100,99706,100,100864,100,99687,100,100882,100,99509,100
2019-06-28 09:50:50.000000000,100025,166,99906,166,100071,166,99840,166,100127,84,99739,166,100142,166,99713,166,100184,166,99710,166,100226,100,99707,100,100277,100,99706,100,100631,100,99687,100,100864,100,99509,100,100882,100,99417,100
2019-06-28 09:51:00.000000000,100025,264,99906,264,100071,264,99840,264,100127,18,99739,100,100142,100,99713,100,100184,100,99710,100,100226,100,99707,100,100277,100,99706,100,100631,100,99687,100,100864,100,99509,100,100882,100,99417,100
2019-06-28 09:51:01.200716661,100025,264,99946,100,100071,264,99906,264,100127,18,99840,264,100142,100,99739,100,100184,100,99713,100,100226,100,99710,100,100277,100,99707,100,100631,100,99706,100,100864,100,99687,100,100882,100,99509,100
2019-06-28 09:51:03.139417982,100025,264,99946,100,100071,264,99906,264,100127,18,99840,264,100142,100,99739,100,100184,100,99713,100,100226,100,99710,100,100277,100,99707,100,100406,100,99706,100,100631,100,99687,100,100864,100,99509,100
2019-06-28 09:51:10.000000000,100025,166,99946,166,100071,166,99906,166,100127,84,99840,166,100142,166,99739,166,100184,166,99713,166,100226,100,99710,100,100277,100,99707,100,100406,100,99706,100,100631,100,99687,100,100864,100,99509,100
2019-06-28 09:51:20.000000000,100025,428,99946,428,100071,100,99906,100,100127,18,99840,100,100142,100,99739,100,100184,100,99713,100,100226,100,99710,100,100277,100,99707,100,100406,100,99706,100,100631,100,99687,100,100864,100,99509,100
2019-06-28 09:51:30.000000000,100025,166,99946,166,100071,166,99906,166,100127,84,99840,166,100142,166,99739,166,100184,166,99713,166,100226,100,99710,100,100277,100,99707,100,100406,100,99706,100,100631,100,99687,100,100864,100,99509,100
2019-06-28 09:51:32.844586089,100022,100,99946,166,100025,166,99906,166,100071,166,99840,166,100127,84,99739,166,100142,166,99713,166,100184,166,99710,100,100226,100,99707,100,100277,100,99706,100,100406,100,99687,100,100631,100,99509,100
2019-06-28 09:51:40.000000000,100022,182,99946,182,100025,182,99906,182,100071,182,99840,182,100127,100,99739,182,100142,100,99713,100,100184,100,99710,100,100226,100,99707,100,100277,100,99706,100,100406,100,99687,100,100631,100,99509,100
2019-06-28 09:51:50.000000000,100022,264,99946,264,100025,264,99906,264,100071,100,99840,100,100127,18,99739,100,100142,100,99713,100,100184,100,99710,100,100226,100,99707,100,100277,100,99706,100,100406,100,99687,100,100631,100,99509,100
2019-06-28 09:52:00.000000000,100022,264,99946,264,100025,264,99906,264,100071,100,99840,100,100127,18,99739,100,100142,100,99713,100,100184,100,99710,100,100226,100,99707,100,100277,100,99706,100,100406,100,99687,100,100631,100,99509,100
2019-06-28 09:52:03.303176730,100022,264,99946,164,100025,264,99906,264,100071,100,99840,100,100127,18,99739,100,100142,100,99713,100,100184,100,99710,100,100226,100,99707,100,100277,100,99706,100,100406,100,99687,100,100631,100,99509,100
2019-06-28 09:52:10.000000000,100022,428,99906,428,100025,100,99840,100,100071,100,99739,100,100127,18,99713,100,100142,100,99710,100,100184,100,99707,100,100226,100,99706,100,100277,100,99687,100,100406,100,99509,100,100631,100,99417,100
2019-06-28 09:52:10.874273417,100022,428,99906,428,100025,100,99840,100,100071,100,99739,100,100098,100,99713,100,100127,18,99710,100,100142,100,99707,100,100184,100,99706,100,100226,100,99687,100,100277,100,99509,100,100406,100,99417,100
2019-06-28 09:52:11.264151680,100022,428,99906,428,100025,100,99840,100,100063,100,99739,100,100071,100,99713,100,100098,100,99710,100,100127,18,99707,100,100142,100,99706,100,100184,100,99687,100,100226,100,99509,100,100277,100,99417,100
2019-06-28 09:52:12.787961134,100022,328,99906,428,100025,100,99840,100,100063,100,99713,100,100071,100,99710,100,100098,100,99707,100,100127,18,99706,100,100142,100,99687,100,100184,100,99509,100,100226,100,99417,100,100277,100,,
2019-06-28 09:52:20.000000000,100025,428,99906,428,100063,100,99840,100,100071,100,99713,100,100098,100,99710,100,100127,18,99707,100,100142,100,99706,100,100184,100,99687,100,100226,100,99509,100,100277,100,99417,100,100406,100,,
2019-06-28 09:52:30.000000000,100025,166,99906,166,100063,166,99840,166,100071,166,99713,166,100098,166,99710,166,100127,84,99707,166,100142,100,99706,100,100184,100,99687,100,100226,100,99509,100,100277,100,99417,100,100406,100,,
2019-06-28 09:52:40.000000000,100025,428,99906,428,100063,100,99840,100,100071,100,99713,100,100098,100,99710,100,100127,18,99707,100,100142,100,99706,100,100184,100,99687,100,100226,100,99509,100,100277,100,99417,100,100406,100,,
2019-06-28 09:52:46.966436320,100021,100,99906,428,100025,428,99840,100,100063,100,99713,100,100071,100,99710,100,100098,100,99707,100,100127,18,99706,100,100142,100,99687,100,100184,100,99509,100,100226,100,99417,100,100277,100,,
2019-06-28 09:52:50.000000000,100021,428,99906,428,100025,100,99840,100,100063,100,99713,100,100071,100,99710,100,100098,100,99707,100,100127,18,99706,100,100142,100,99687,100,100184,100,99509,100,100226,100,99417,100,100277,100,,
2019-06-28 09:53:00.000000000,100021,212,99906,212,100025,208,99840,208,100063,208,99713,208,100071,100,99710,100,100098,100,99707,100,100127,18,99706,100,100142,100,99687,100,100184,100,99509,100,100226,100,99417,100,100277,100,,
2019-06-28 09:53:10.000000000,100021,264,99906,264,100025,264,99840,264,100063,100,99713,100,100071,100,99710,100,100098,100,99707,100,100127,18,99706,100,100142,100,99687,100,100184,100,99509,100,100226,100,99417,100,100277,100,,
2019-06-28 09:53:20.000000000,100021,428,99906,428,100025,100,99840,100,100063,100,99713,100,100071,100,99710,100,100098,100,99707,100,100127,18,99706,100,100142,100,99687,100,100184,100,99509,100,100226,100,99417,100,100277,100,,
2019-06-28 09:53:30.000000000,100021,428,99906,428,100025,100,99840,100,100063,100,99713,100,100071,100,99710,100,100098,100,99707,100,100127,18,99706,100,100142,100,99687,100,100184,100,99509,100,100226,100,99417,100,100277,100,,
2019-06-28 09:53:36.564885535,100021,428,99906,428,100025,100,99840,100,100063,100,99713,100,100071,100,99710,100,100098,100,99707,100,100127,18,99706,100,100142,100,99696,100,100184,100,99687,100,100226,100,99509,100,100277,100,99417,100
2019-06-28 09:53:40.000000000,100021,182,99906,182,100025,182,99840,182,100063,182,99713,182,100071,182,99710,182,100098,100,99707,100,100127,18,99706,100,100142,100,99696,100,100184,100,99687,100,100226,100,99509,100,100277,100,99417,100
2019-06-28 09:53:50.000000000,100021,166,99906,166,100025,166,99840,166,100063,166,99713,166,100071,166,99710,166,100098,166,99707,166,100127,18,99706,100,100142,100,99696,100,100184,100,99687,100,100226,100,99509,100,100277,100,99417,100
2019-06-28 09:53:51.911194993,100021,166,99906,66,100025,166,99840,166,100063,166,99713,166,100071,166,99710,166,100098,166,99707,166,100127,18,99706,100,100142,100,99696,100,100184,100,99687,100,100226,100,99509,100,100277,100,99417,100
2019-06-28 09:54:00.000000000,100021,182,99840,182,100025,182,99713,182,100063,182,99710,182,100071,182,99707,182,100098,100,99706,100,100127,18,99696,100,100142,100,99687,100,100184,100,99509,100,100226,100,99417,100,100277,100,,
2019-06-28 09:54:01.202217714,100021,182,99840,182,100025,182,99713,182,100063,182,99710,182,100071,182,99707,182,100098,100,99706,100,100127,18,99696,100,100142,100,99687,100,100184,100,99509,100,100226,100,99443,100,100277,100,99417,100
2019-06-28 09:54:10.000000000,100021,264,99840,264,100025,264,99713,264,100063,100,99710,100,100071,100,99707,100,100098,100,99706,100,100127,18,99696,100,100142,100,99687,100,100184,100,99509,100,100226,100,99443,100,100277,100,99417,100
2019-06-28 09:54:20.000000000,100021,264,99840,264,100025,264,99713,264,100063,100,99710,100,100071,100,99707,100,100098,100,99706,100,100127,18,99696,100,100142,100,99687,100,100184,100,99509,100,100226,100,99443,100,100277,100,99417,100
2019-06-28 09:54:22.125458655,100021,264,99840,264,100025,264,99713,264,100063,100,99710,100,100071,100,99707,100,100098,100,99706,100,100127,18,99696,100,100142,100,99687,100,100184,100,99509,100,100226,100,99498,100,100277,100,99443,100
2019-06-28 09:54:30.000000000,100021,264,99840,264,100025,264,99713,264,100063,100,99710,100,100071,100,99707,100,100098,100,99706,100,100127,18,99696,100,100142,100,99687,100,100184,100,99509,100,100226,100,99498,100,100277,100,99443,100
2019-06-28 09:54:40.000000000,100021,264,99840,264,100025,264,99713,264,100063,100,99710,100,100071,100,99707,100,100098,100,99706,100,100127,18,99696,100,100142,100,99687,100,100184,100,99509,100,100226,100,99498,100,100277,100,99443,100
2019-06-28 09:54:50.000000000,100021,166,99840,166,100025,166,99713,166,100063,166,99710,166,100071,166,99707,166,100098,166,99706,166,100127,18,99696,100,100142,100,99687,100,100184,100,99509,100,100226,100,99498,100,100277,100,99443,100
2019-06-28 09:55:00.000000000,100021,182,99840,182,100025,182,99713,182,100063,182,99710,182,100071,182,99707,182,100098,100,99706,100,100127,18,99696,100,100142,100,99687,100,100184,100,99509,100,100226,100,99498,100,100277,100,99443,100
2019-06-28 09:55:10.000000000,100021,264,99840,264,100025,264,99713,264,100063,100,99710,100,100071,100,99707,100,100098,100,99706,100,100127,18,99696,100,100142,100,99687,100,100184,100,99509,100,100226,100,99498,100,100277,100,99443,100
2019-06-28 09:55:11.902489652,100021,264,99840,164,100025,264,99713,264,100063,100,99710,100,100071,100,99707,100,100098,100,99706,100,100127,18,99696,100,100142,100,99687,100,100184,100,99509,100,100226,100,99498,100,100277,100,99443,100
2019-06-28 09:55:20.000000000,100021,264,99713,264,100025,264,99710,264,100063,100,99707,100,100071,100,99706,100,100098,100,99696,100,100127,18,99687,100,100142,100,99509,100,100184,100,99498,100,100226,100,99443,100,100277,100,99417,100
2019-06-28 09:55:25.759761646,100021,264,99896,100,100025,264,99713,264,100063,100,99710,264,100071,100,99707,100,100098,100,99706,100,100127,18,99696,100,100142,100,99687,100,100184,100,99509,100,100226,100,99498,100,100277,100,99443,100
2019-06-28 09:55:30.000000000,100021,212,99896,212,100025,208,99713,208,100063,208,99710,208,100071,100,99707,100,100098,100,99706,100,100127,18,99696,100,100142,100,99687,100,100184,100,99509,100,100226,100,99498,100,100277,100,99443,100
2019-06-28 09:55:40.000000000,100021,182,99896,182,100025,182,99713,182,100063,182,99710,182,100071,182,99707,182,100098,100,99706,100,100127,18,99696,100,100142,100,99687,100,100184,100,99509,100,100226,100,99498,100,100277,100,99443,100
2019-06-28 09:55:50.000000000,100021,182,99896,182,100025,182,99713,182,100063,182,99710,182,100071,182,99707,182,100098,100,99706,100,100127,18,99696,100,100142,100,99687,100,100184,100,99509,100,100226,100,99498,100,100277,100,99443,100
2019-06-28 09:55:54.820325538,100021,182,99896,82,100025,182,99713,182,100063,182,99710,182,100071,182,99707,182,100098,100,99706,100,100127,18,99696,100,100142,100,99687,100,100184,100,99509,100,100226,100,99498,100,100277,100,99443,100
2019-06-28 09:56:00.000000000,100021,428,99713,428,100025,100,99710,100,100063,100,99707,100,100071,100,99706,100,100098,100,99696,100,100127,18,99687,100,100142,100,99509,100,100184,100,99498,100,100226,100,99443,100,100277,100,99417,100
2019-06-28 09:56:10.000000000,100021,264,99713,264,100025,264,99710,264,100063,100,99707,100,100071,100,99706,100,100098,100,99696,100,100127,18,99687,100,100142,100,99509,100,100184,100,99498,100,100226,100,99443,100,100277,100,99417,100
2019-06-28 09:56:14.679673993,99896,100,99713,264,100021,264,99710,264,100025,264,99707,100,100063,100,99706,100,100071,100,99696,100,100098,100,99687,100,100127,18,99509,100,100142,100,99498,100,100184,100,99443,100,100226,100,99417,100
2019-06-28 09:56:15.052516359,99896,100,99713,264,100021,264,99710,264,100025,264,99707,100,100063,100,99706,100,100071,100,99696,100,100098,100,99687,100,100127,18,99670,100,100142,100,99509,100,100184,100,99498,100,100226,100,99443,100
2019-06-28 09:56:20.000000000,99896,182,99713,182,100021,182,99710,182,100025,182,99707,182,100063,182,99706,182,100071,100,99696,100,100098,100,99687,100,100127,18,99670,100,100142,100,99509,100,100184,100,99498,100,100226,100,99443,100
2019-06-28 09:56:25.042135951,99896,282,99713,182,100021,182,99710,182,100025,182,99707,182,100063,182,99706,182,100071,100,99696,100,100098,100,99687,100,100127,18,99670,100,100142,100,99509,100,100184,100,99498,100,100226,100,99443,100
2019-06-28 09:56:30.000000000,99896,282,99713,182,100021,182,99710,182,100025,182,99707,182,100063,182,99706,182,100071,100,99696,100,100098,100,99687,100,100127,18,99670,100,100142,100,99509,100,100184,100,99498,100,100226,100,99443,100
2019-06-28 09:56:38.585257130,99896,182,99713,182,100021,182,99710,182,100025,182,99707,182,100063,182,99706,182,100071,100,99696,100,100098,100,99687,100,100127,18,99670,100,100142,100,99509,100,100184,100,99498,100,100226,100,99443,100
2019-06-28 09:56:40.000000000,99896,428,99713,428,100021,100,99710,100,100025,100,99707,100,100063,100,99706,100,100071,100,99696,100,100098,100,99687,100,100127,18,99670,100,100142,100,99509,100,100184,100,99498,100,100226,100,99443,100
2019-06-28 09:56:44.984621963,99896,428,99713,428,99987,100,99710,100,100021,100,99707,100,100025,100,99706,100,100063,100,99696,100,100071,100,99687,100,100098,100,99670,100,100127,18,99509,100,100142,100,99498,100,100184,100,99443,100
2019-06-28 09:56:45.403137211,99896,328,99713,428,99987,100,99710,100,100021,100,99707,100,100025,100,99706,100,100063,100,99696,100,100071,100,99687,100,100098,100,99670,100,100127,18,99509,100,100142,100,99498,100,100184,100,99443,100
2019-06-28 09:56:50.000000000,99987,212,99713,212,100021,208,99710,208,100025,208,99707,208,100063,100,99706,100,100071,100,99696,100,100098,100,99687,100,100127,18,99670,100,100142,100,99509,100,100184,100,99498,100,100226,100,99443,100
2019-06-28 09:56:50.893117279,99987,212,99934,100,100021,208,99713,212,100025,208,99710,208,100063,100,99707,208,100071,100,99706,100,100098,100,99696,100,100127,18,99687,100,100142,100,99670,100,100184,100,99509,100,100226,100,99498,100
2019-06-28 09:56:53.409505848,99987,112,99934,100,100021,208,99873,100,100025,208,99713,212,100063,100,99710,208,100071,100,99707,208,100098,100,99706,100,100127,18,99696,100,100142,100,99687,100,100184,100,99670,100,100226,100,99509,100
2019-06-28 09:57:00.000000000,100021,264,99934,264,100025,264,99873,264,100063,100,99713,100,100071,100,99710,100,100098,100,99707,100,100127,18,99706,100,100142,100,99696,100,100184,100,99687,100,100226,100,99670,100,100277,100,99509,100
2019-06-28 09:57:10.000000000,100021,212,99934,212,100025,208,99873,208,100063,208,99713,208,100071,100,99710,100,100098,100,99707,100,100127,18,99706,100,100142,100,99696,100,100184,100,99687,100,100226,100,99670,100,100277,100,99509,100
2019-06-28 09:57:20.000000000,100021,212,99934,212,100025,208,99873,208,100063,208,99713,208,100071,100,99710,100,100098,100,99707,100,100127,18,99706,100,100142,100,99696,100,100184,100,99687,100,100226,100,99670,100,100277,100,99509,100
2019-06-28 09:57:23.643374972,100021,212,99934,112,100025,208,99873,208,100063,208,99713,208,100071,100,99710,100,100098,100,99707,100,100127,18,99706,100,100142,100,99696,100,100184,100,99687,100,100226,100,99670,100,100277,100,99509,100
2019-06-28 09:57:25.042371532,100021,212,99934,112,100025,208,99873,208,100063,208,99835,100,100098,100,99713,208,100127,18,99710,100,100142,100,99707,100,100184,100,99706,100,100226,100,99696,100,100277,100,99687,100,100882,100,99670,100
2019-06-28 09:57:25.157945564,100021,212,99934,112,100025,208,99873,208,100063,208,99864,100,100098,100,99835,100,100127,18,99713,208,100142,100,99710,100,100184,100,99707,100,100226,100,99706,100,100277,100,99696,100,100882,100,99687,100
2019-06-28 09:57:30.000000000,100021,264,99873,264,100025,264,99864,264,100063,100,99835,100,100098,100,99713,100,100127,18,99710,100,100142,100,99707,100,100184,100,99706,100,100226,100,99696,100,100277,100,99687,100,100882,100,99670,100
2019-06-28 09:57:36.960595579,100021,264,99935,100,100025,264,99873,264,100063,100,99864,264,100098,100,99835,100,100127,18,99713,100,100142,100,99710,100,100184,100,99707,100,100226,100,99706,100,100277,100,99696,100,100882,100,99687,100
2019-06-28 09:57:40.000000000,100021,182,99935,182,100025,182,99873,182,100063,182,99864,182,100098,182,99835,182,100127,18,99713,100,100142,100,99710,100,100184,100,99707,100,100226,100,99706,100,100277,100,99696,100,100882,100,99687,100
2019-06-28 09:57:50.000000000,100021,182,99935,182,100025,182,99873,182,100063,182,99864,182,100098,182,99835,182,100127,18,99713,100,100142,100,99710,100,100184,100,99707,100,100226,100,99706,100,100277,100,99696,100,100882,100,99687,100
2019-06-28 09:58:00.000000000,100021,264,99935,264,100025,264,99873,264,100063,100,99864,100,100098,100,99835,100,100127,18,99713,100,100142,100,99710,100,100184,100,99707,100,100226,100,99706,100,100277,100,99696,100,100882,100,99687,100
2019-06-28 09:58:05.727435940,100021,164,99935,264,100025,264,99873,264,100063,100,99864,100,100098,100,99835,100,100127,18,99713,100,100142,100,99710,100,100184,100,99707,100,100226,100,99706,100,100277,100,99696,100,100882,100,99687,100
2019-06-28 09:58:07.757223658,99971,100,99935,264,100021,164,99873,264,100025,264,99864,100,100063,100,99835,100,100098,100,99713,100,100127,18,99710,100,100142,100,99707,100,100184,100,99706,100,100226,100,99696,100,100277,100,99687,100
2019-06-28 09:58:10.000000000,99971,212,99935,212,100025,208,99873,208,100063,208,99864,208,100098,100,99835,100,100127,18,99713,100,100142,100,99710,100,100184,100,99707,100,100226,100,99706,100,100277,100,99696,100,100882,100,99687,100
2019-06-28 09:58:20.000000000,99971,428,99935,428,100025,100,99873,100,100063,100,99864,100,100098,100,99835,100,100127,18,99713,100,100142,100,99710,100,100184,100,99707,100,100226,100,99706,100,100277,100,99696,100,100882,100,99687,100
2019-06-28 09:58:30.000000000,99971,166,99935,166,100025,166,99873,166,100063,166,99864,166,100098,166,99835,166,100127,84,99713,166,100142,100,99710,100,100184,100,99707,100,100226,100,99706,100,100277,100,99696,100,100882,100,99687,100
2019-06-28 09:58:40.000000000,99971,166,99935,166,100025,166,99873,166,100063,166,99864,166,100098,166,99835,166,100127,84,99713,166,100142,100,99710,100,100184,100,99707,100,100226,100,99706,100,100277,100,99696,100,100882,100,99687,100
2019-06-28 09:58:50.000000000,99971,428,99935,428,100025,100,99873,100,100063,100,99864,100,100098,100,99835,100,100127,18,99713,100,100142,100,99710,100,100184,100,99707,100,100226,100,99706,100,100277,100,99696,100,100882,100,99687,100
2019-06-28 09:58:51.552199788,99971,428,99936,100,100025,100,99935,428,100063,100,99873,100,100098,100,99864,100,100127,18,99835,100,100142,100,99713,100,100184,100,99710,100,100226,100,99707,100,100277,100,99706,100,100882,100,99696,100
2019-06-28 09:58:57.165088092,99971,428,99936,100,100025,100,99935,428,100098,100,99873,100,100127,18,99864,100,100142,100,99835,100,100184,100,99713,100,100226,100,99710,100,100277,100,99707,100,100409,100,99706,100,100882,100,99696,100
2019-06-28 09:58:59.761099193,99971,428,99936,100,100025,100,99935,428,100098,100,99873,100,100127,18,99864,100,100142,100,99835,100,100184,100,99713,100,100226,100,99710,100,100277,100,99707,100,100376,100,99706,100,100409,100,99696,100
2019-06-28 09:59:00.000000000,99971,212,99936,212,100025,208,99935,208,100098,208,99873,208,100127,18,99864,100,100142,100,99835,100,100184,100,99713,100,100226,100,99710,100,100277,100,99707,100,100376,100,99706,100,100409,100,99696,100
2019-06-28 09:59:10.000000000,99971,264,99936,264,100025,264,99935,264,100098,100,99873,100,100127,18,99864,100,100142,100,99835,100,100184,100,99713,100,100226,100,99710,100,100277,100,99707,100,100376,100,99706,100,100409,100,99696,100
2019-06-28 09:59:14.441197557,99971,264,99936,264,100025,264,99935,264,100098,100,99873,100,100127,18,99864,100,100142,100,99835,100,100184,100,99713,100,100226,100,99710,100,100277,100,99707,100,100376,100,99706,100,100409,100,99696,100
2019-06-28 09:59:19.878698165,99971,264,99936,264,100025,264,99935,264,100098,100,99873,100,100127,18,99864,100,100142,100,99835,100,100184,100,99713,100,100226,100,99710,100,100277,100,99707,100,100376,100,99706,100,100409,100,99696,100
2019-06-28 09:59:20.000000000,99971,166,99936,166,100025,166,99935,166,100098,166,99873,166,100127,84,99864,166,100142,166,99835,166,100184,100,99713,100,100226,100,99710,100,100277,100,99707,100,100376,100,99706,100,100409,100,99696,100
2019-06-28 09:59:26.671536104,99971,166,99936,166,100025,166,99935,166,100098,166,99873,166,100127,84,99864,166,100142,166,99835,166,100184,100,99713,100,100226,100,99710,100,100277,100,99707,100,100376,100,99696,100,100409,100,99687,100
2019-06-28 09:59:27.584553713,99971,166,99936,266,100025,166,99935,166,100098,166,99873,166,100127,84,99864,166,100142,166,99835,166,100184,100,99713,100,100226,100,99710,100,100277,100,99707,100,100376,100,99696,100,100409,100,99687,100
2019-06-28 09:59:30.000000000,99971,264,99936,364,100025,264,99935,264,100098,100,99873,100,100127,18,99864,100,100142,100,99835,100,100184,100,99713,100,100226,100,99710,100,100277,100,99707,100,100376,100,99696,100,100409,100,99687,100
2019-06-28 09:59:30.575267895,99971,264,99936,464,100025,264,99935,264,100098,100,99873,100,100127,18,99864,100,100142,100,99835,100,100184,100,99713,100,100226,100,99710,100,100277,100,99707,100,100376,100,99696,100,100409,100,99687,100
2019-06-28 09:59:40.000000000,99971,212,99936,412,100025,208,99935,208,100098,208,99873,208,100127,18,99864,100,100142,100,99835,100,100184,100,99713,100,100226,100,99710,100,100277,100,99707,100,100376,100,99696,100,100409,100,99687,100
2019-06-28 09:59:50.000000000,99971,182,99936,382,100025,182,99935,182,100098,182,99873,182,100127,100,99864,182,100142,100,99835,100,100184,100,99713,100,100226,100,99710,100,100277,100,99707,100,100376,100,99696,100,100409,100,99687,100
2019-06-28 10:00:00.000000000,99971,212,99936,412,100025,208,99935,208,100098,208,99873,208,100127,18,99864,100,100142,100,99835,100,100184,100,99713,100,100226,100,99710,100,100277,100,99707,100,100376,100,99696,100,100409,100,99687,100
2019-06-28 10:00:01.742302880,99971,112,99936,412,100025,208,99935,208,100098,208,99873,208,100127,18,99864,100,100142,100,99835,100,100184,100,99713,100,100226,100,99710,100,100376,100,99707,100,100409,100,99696,100,100651,100,99687,100
2019-06-28 10:00:06.375687964,99971,12,99936,412,100025,208,99935,208,100098,208,99873,208,100127,18,99864,100,100142,100,99835,100,100184,100,99713,100,100226,100,99710,100,100376,100,99707,100,100409,100,99696,100,100651,100,99687,100
2019-06-28 10:00:10.000000000,100025,264,99936,464,100098,264,99935,264,100127,18,99873,100,100142,100,99864,100,100184,100,99835,100,100226,100,99713,100,100376,100,99710,100,100409,100,99707,100,100651,100,99696,100,100700,100,99687,100
2019-06-28 10:00:20.000000000,100025,428,99936,628,100098,100,99935,100,100127,18,99873,100,100142,100,99864,100,100184,100,99835,100,100226,100,99713,100,100376,100,99710,100,100409,100,99707,100,100651,100,99696,100,100700,100,99687,100
2019-06-28 10:00:30.000000000,100025,428,99936,628,100098,100,99935,100,100127,18,99873,100,100142,100,99864,100,100184,100,99835,100,100226,100,99713,100,100376,100,99710,100,100409,100,99707,100,100651,100,99696,100,100700,100,99687,100
2019-06-28 10:00:40.000000000,100025,166,99936,366,100098,166,99935,166,100127,84,99873,166,100142,166,99864,166,100184,166,99835,166,100226,100,99713,100,100376,100,99710,100,100409,100,99707,100,100651,100,99696,100,100700,100,99687,100
2019-06-28 10:00:49.590667744,100025,166,99936,366,100098,166,99935,166,100127,84,99873,166,100142,166,99864,166,100184,166,99835,166,100226,100,99713,100,100376,100,99710,100,100409,100,99707,100,100651,100,99696,100,100700,100,99687,100
2019-06-28 10:00:50.000000000,100025,264,99936,464,100098,264,99935,264,100127,18,99873,100,100142,100,99864,100,100184,100,99835,100,100226,100,99713,100,100376,100,99710,100,100409,100,99707,100,100651,100,99696,100,100700,100,99687,100
2019-06-28 10:00:58.515098040,100025,264,99971,100,100098,264,99936,464,100127,18,99935,264,100142,100,99873,100,100184,100,99864,100,100226,100,99835,100,100376,100,99713,100,100409,100,99710,100,100651,100,99707,100,100700,100,99696,100
2019-06-28 10:01:00.000000000,100025,212,99971,212,100098,208,99936,408,100127,126,99935,208,100142,100,99873,100,100184,100,99864,100,100226,100,99835,100,100376,100,99713,100,100409,100,99710,100,100651,100,99707,100,100700,100,99696,100
2019-06-28 10:01:02.160134758,100025,112,99971,212,100098,208,99936,408,100127,126,99935,208,100142,100,99873,100,100184,100,99864,100,100226,100,99713,100,100376,100,99710,100,100409,100,99707,100,100651,100,99696,100,100700,100,99687,100
2019-06-28 10:01:04.198243990,100025,112,99971,212,100098,208,99936,408,100127,126,99935,208,100142,100,99873,100,100184,100,99864,100,100226,100,99713,100,100376,100,99710,100,100409,100,99707,100,100651,100,99696,100,100700,100,99687,100
2019-06-28 10:01:10.000000000,100098,182,99971,182,100127,100,99936,382,100142,182,99935,182,100184,182,99873,182,100226,100,99864,100,100376,100,99713,100,100409,100,99710,100,100651,100,99707,100,100700,100,99696,100,100882,100,99687,100
2019-06-28 10:01:15.536134078,100098,82,99971,182,100127,100,99936,382,100142,182,99935,182,100184,182,99873,182,100226,100,99864,100,100376,100,99713,100,100409,100,99710,100,100651,100,99707,100,100700,100,99696,100,100882,100,99687,100
2019-06-28 10:01:20.000000000,100127,100,99971,182,100142,182,99936,382,100184,182,99935,182,100226,182,99873,182,100376,100,99864,100,100409,100,99713,100,100651,100,99710,100,100700,100,99707,100,100882,100,99696,100,100914,100,99687,100
2019-06-28 10:01:28.932919806,100127,100,99971,82,100142,182,99936,382,100184,182,99935,182,100226,182,99873,182,100376,100,99864,100,100409,100,99713,100,100651,100,99710,100,100700,100,99707,100,100882,100,99696,100,100914,100,99687,100
2019-06-28 10:01:30.000000000,100127,182,99936,464,100142,264,99935,264,100184,100,99873,100,100226,100,99864,100,100376,100,99713,100,100409,100,99710,100,100651,100,99707,100,100700,100,99696,100,100882,100,99687,100,100914,100,99670,100
2019-06-28 10:01:35.814028542,100127,182,100025,100,100142,264,99936,464,100184,100,99935,264,100226,100,99873,100,100376,100,99864,100,100409,100,99713,100,100651,100,99710,100,100700,100,99707,100,100882,100,99696,100,100914,100,99687,100
2019-06-28 10:01:40.000000000,100127,100,100025,182,100142,182,99936,382,100184,182,99935,182,100226,182,99873,182,100376,100,99864,100,100409,100,99713,100,100651,100,99710,100,100700,100,99707,100,100882,100,99696,100,100914,100,99687,100
2019-06-28 10:01:42.423153328,100127,100,100025,182,100142,182,99936,382,100184,182,99935,182,100226,182,99873,182,100376,100,99864,100,100409,100,99713,100,100651,100,99710,100,100700,100,99707,100,100882,100,99696,100,100914,100,99687,100
2019-06-28 10:01:50.000000000,100127,182,100025,264,100142,264,99936,464,100184,100,99935,100,100226,100,99873,100,100376,100,99864,100,100409,100,99713,100,100651,100,99710,100,100700,100,99707,100,100882,100,99696,100,100914,100,99687,100
2019-06-28 10:01:53.039246679,100127,82,100025,264,100142,264,99936,464,100184,100,99935,100,100226,100,99873,100,100376,100,99864,100,100409,100,99713,100,100651,100,99710,100,100700,100,99696,100,100882,100,99687,100,100914,100,99670,100
2019-06-28 10:02:00.000000000,100142,264,100025,264,100184,264,99936,464,100226,100,99935,100,100376,100,99873,100,100409,100,99864,100,100651,100,99713,100,100700,100,99710,100,100882,100,99696,100,100914,100,99687,100,100968,100,99670,100
2019-06-28 10:02:00.493940565,100142,264,100025,264,100184,264,99936,464,100226,100,99935,100,100376,100,99873,100,100409,100,99864,100,100651,100,99713,100,100700,100,99710,100,100882,100,99696,100,100914,100,99687,100,100968,100,99670,100
2019-06-28 10:02:01.095179253,100142,64,100025,264,100184,264,99936,464,100226,100,99935,100,100376,100,99873,100,100409,100,99864,100,100651,100,99713,100,100700,100,99710,100,100882,100,99696,100,100914,100,99687,100,100968,100,99670,100
2019-06-28 10:02:10.000000000,100184,166,100025,166,100226,166,99936,366,100376,166,99935,166,100409,166,99873,166,100651,166,99864,166,100700,100,99713,100,100882,100,99710,100,100914,100,99696,100,100968,100,99687,100,101030,100,99670,100
2019-06-28 10:02:17.559931714,100184,166,100127,100,100226,166,100025,166,100376,166,99936,366,100409,166,99935,166,100651,166,99873,166,100700,100,99864,166,100882,100,99713,100,100914,100,99710,100,100968,100,99696,100,101030,100,99687,100
2019-06-28 10:02:20.000000000,100184,166,100127,166,100226,166,100025,166,100376,166,99936,366,100409,166,99935,166,100651,166,99873,166,100700,100,99864,100,100882,100,99713,100,100914,100,99710,100,100968,100,99696,100,101030,100,99687,100
2019-06-28 10:02:30.000000000,100184,212,100127,212,100226,208,100025,208,100376,208,99936,408,100409,100,99935,100,100651,100,99873,100,100700,100,99864,100,100882,100,99713,100,100914,100,99710,100,100968,100,99696,100,101030,100,99687,100
2019-06-28 10:02:32.771004006,100184,112,100127,212,100226,208,100025,208,100376,208,99936,408,100409,100,99935,100,100700,100,99873,100,100882,100,99864,100,100914,100,99713,100,100968,100,99710,100,101030,100,99696,100,101101,100,99687,100
2019-06-28 10:02:39.566925389,100184,112,100127,212,100226,208,100025,208,100376,208,99936,408,100409,100,99935,100,100700,100,99873,100,100882,100,99864,100,100914,100,99713,100,100968,100,99710,100,101030,100,99696,100,101101,100,99687,100
2019-06-28 10:02:40.000000000,100226,182,100127,182,100376,182,100025,182,100409,182,99936,382,100700,182,99935,182,100882,100,99873,100,100914,100,99864,100,100968,100,99713,100,101030,100,99710,100,101101,100,99696,100,101168,100,99687,100
2019-06-28 10:02:42.641180023,100226,182,100127,182,100376,182,100025,182,100409,182,99936,382,100700,182,99935,182,100882,100,99873,100,100914,100,99864,100,100968,100,99713,100,101030,100,99710,100,101101,100,99696,100,101168,100,99687,100
2019-06-28 10:02:50.000000000,100226,428,100127,428,100376,100,100025,100,100409,100,99936,300,100700,100,99935,100,100882,100,99873,100,100914,100,99864,100,100968,100,99713,100,101030,100,99710,100,101101,100,99696,100,101168,100,99687,100
2019-06-28 10:02:53.551207233,100226,428,100142,100,100376,100,100127,428,100409,100,100025,100,100700,100,99936,300,100882,100,99935,100,100914,100,99873,100,100968,100,99864,100,101030,100,99713,100,101101,100,99710,100,101168,100,99696,100
2019-06-28 10:03:00.000000000,100226,264,100142,264,100376,264,100127,264,100409,100,100025,100,100700,100,99936,300,100882,100,99935,100,100914,100,99873,100,100968,100,99864,100,101030,100,99713,100,101101,100,99710,100,101168,100,99696,100
2019-06-28 10:03:02.802955032,100226,264,100142,264,100376,264,100127,264,100409,100,100025,100,100700,100,99936,300,100914,100,99935,100,100968,100,99873,100,101030,100,99864,100,101080,100,99713,100,101101,100,99710,100,101168,100,99696,100
2019-06-28 10:03:10.000000000,100226,212,100142,212,100376,208,100127,208,100409,208,100025,208,100700,100,99936,300,100914,100,99935,100,100968,100,99873,100,101030,100,99864,100,101080,100,99713,100,101101,100,99710,100,101168,100,99696,100
2019-06-28 10:03:16.884663265,100226,112,100142,212,100376,208,100127,208,100409,208,100025,208,100700,100,99936,300,100914,100,99935,100,100968,100,99873,100,101030,100,99864,100,101101,100,99713,100,101168,100,99710,100,101175,100,99696,100
2019-06-28 10:03:20.000000000,100376,182,100142,182,100409,182,100127,182,100700,182,100025,182,100914,182,99936,382,100968,100,99935,100,101030,100,99873,100,101101,100,99864,100,101168,100,99713,100,101175,100,99710,100,101196,100,99696,100
2019-06-28 10:03:30.000000000,100376,166,100142,166,100409,166,100127,166,100700,166,100025,166,100914,166,99936,366,100968,166,99935,166,101030,100,99873,100,101101,100,99864,100,101168,100,99713,100,101175,100,99710,100,101196,100,99696,100
2019-06-28 10:03:31.787135301,100376,66,100142,166,100409,166,100127,166,100700,166,100025,166,100914,166,99936,366,100968,166,99935,166,101030,100,99873,100,101101,100,99864,100,101168,100,99713,100,101175,100,99710,100,101196,100,99696,100
2019-06-28 10:03:34.011474546,100376,66,100142,166,100409,166,100127,166,100700,166,100025,166,100914,166,99936,366,100959,100,99935,166,100968,166,99873,100,101030,100,99864,100,101101,100,99713,100,101168,100,99696,100,101175,100,99687,100
2019-06-28 10:03:40.000000000,100409,264,100142,264,100700,264,100127,264,100914,100,100025,100,100959,100,99936,300,100968,100,99935,100,101030,100,99873,100,101101,100,99864,100,101168,100,99713,100,101175,100,99696,100,101196,100,99687,100
2019-06-28 10:03:40.452149315,100409,264,100226,100,100700,264,100142,264,100914,100,100127,264,100959,100,100025,100,100968,100,99936,300,101030,100,99935,100,101101,100,99873,100,101168,100,99864,100,101175,100,99713,100,101196,100,99696,100
2019-06-28 10:03:50.000000000,100409,182,100226,182,100700,182,100142,182,100914,182,100127,182,100959,182,100025,182,100968,100,99936,300,101030,100,99935,100,101101,100,99873,100,101168,100,99864,100,101175,100,99713,100,101196,100,99696,100
2019-06-28 10:03:51.474654311,100409,182,100226,182,100700,182,100142,182,100914,182,100127,182,100923,100,100025,182,100959,182,99936,300,100968,100,99935,100,101030,100,99873,100,101101,100,99864,100,101168,100,99713,100,101175,100,99696,100
2019-06-28 10:04:00.000000000,100409,182,100226,182,100700,182,100142,182,100914,182,100127,182,100923,182,100025,182,100959,100,99936,300,100968,100,99935,100,101030,100,99873,100,101101,100,99864,100,101168,100,99713,100,101175,100,99696,100
2019-06-28 10:04:10.000000000,100409,166,100226,166,100700,166,100142,166,100914,166,100127,166,100923,166,100025,166,100959,166,99936,366,100968,100,99935,100,101030,100,99873,100,101101,100,99864,100,101168,100,99713,100,101175,100,99696,100
2019-06-28 10:04:20.000000000,100409,212,100226,212,100700,208,100142,208,100914,208,100127,208,100923,100,100025,100,100959,100,99936,300,100968,100,99935,100,101030,100,99873,100,101101,100,99864,100,101168,100,99713,100,101175,100,99696,100
2019-06-28 10:04:22.999762519,100409,212,100226,212,100700,208,100142,208,100914,208,100127,108,100923,100,100025,100,100959,100,99936,300,100968,100,99935,100,101030,100,99873,100,101101,100,99864,100,101168,100,99713,100,101175,100,99696,100
2019-06-28 10:04:30.000000000,100409,428,100226,428,100700,100,100142,100,100914,100,100025,100,100923,100,99936,300,100959,100,99935,100,100968,100,99873,100,101030,100,99864,100,101101,100,99713,100,101168,100,99696,100,101175,100,99687,100
2019-06-28 10:04:40.000000000,100409,428,100226,428,100700,100,100142,100,100914,100,100025,100,100923,100,99936,300,100959,100,99935,100,100968,100,99873,100,101030,100,99864,100,101101,100,99713,100,101168,100,99696,100,101175,100,99687,100
2019-06-28 10:04:50.000000000,100409,212,100226,212,100700,208,100142,208,100914,208,100025,208,100923,100,99936,300,100959,100,99935,100,100968,100,99873,100,101030,100,99864,100,101101,100,99713,100,101168,100,99696,100,101175,100,99687,100
2019-06-28 10:05:00.000000000,100409,428,100226,428,100700,100,100142,100,100914,100,100025,100,100923,100,99936,300,100959,100,99935,100,100968,100,99873,100,101030,100,99864,100,101101,100,99713,100,101168,100,99696,100,101175,100,99687,100
2019-06-28 10:05:09.894225125,100409,428,100226,428,100700,100,100142,100,100914,100,100025,100,100923,100,99936,300,100959,100,99935,100,100968,100,99873,100,101030,100,99864,100,101101,100,99713,100,101168,100,99696,100,101175,100,99687,100
2019-06-28 10:05:10.000000000,100409,166,100226,166,100700,166,100142,166,100914,166,100025,166,100923,166,99936,366,100959,166,99935,166,100968,100,99873,100,101030,100,99864,100,101101,100,99713,100,101168,100,99696,100,101175,100,99687,100
2019-06-28 10:05:10.596892516,100409,166,100226,266,100700,166,100142,166,100914,166,100025,166,100923,166,99936,366,100959,166,99935,166,100968,100,99873,100,101030,100,99864,100,101101,100,99713,100,101168,100,99696,100,101175,100,99687,100
2019-06-28 10:05:20.000000000,100409,428,100226,528,100700,100,100142,100,100914,100,100025,100,100923,100,99936,300,100959,100,99935,100,100968,100,99873,100,101030,100,99864,100,101101,100,99713,100,101168,100,99696,100,101175,100,99687,100
2019-06-28 10:05:30.000000000,100409,264,100226,364,100700,264,100142,264,100914,100,100025,100,100923,100,99936,300,100959,100,99935,100,100968,100,99873,100,101030,100,99864,100,101101,100,99713,100,101168,100,99696,100,101175,100,99687,100
2019-06-28 10:05:34.239968858,100409,264,100226,464,100700,264,100142,264,100914,100,100025,100,100923,100,99936,300,100959,100,99935,100,100968,100,99873,100,101030,100,99864,100,101101,100,99713,100,101168,100,99696,100,101175,100,99687,100
2019-06-28 10:05:39.968567648,100409,264,100226,464,100700,264,100142,264,100914,100,100025,100,100923,100,99936,300,100959,100,99935,100,100968,100,99873,100,101030,100,99864,100,101101,100,99713,100,101168,100,99696,100,101175,100,99687,100
2019-06-28 10:05:40.000000000,100409,166,100226,366,100700,166,100142,166,100914,166,100025,166,100923,166,99936,366,100959,166,99935,166,100968,100,99873,100,101030,100,99864,100,101101,100,99713,100,101168,100,99696,100,101175,100,99687,100
2019-06-28 10:05:42.966479855,100409,66,100226,366,100700,166,100142,166,100914,166,100025,166,100923,166,99936,366,100959,166,99935,166,100968,100,99873,100,101030,100,99864,100,101101,100,99713,100,101168,100,99696,100,101175,100,99687,100
2019-06-28 10:05:50.000000000,100700,166,100226,366,100914,166,100142,166,100923,166,100025,166,100959,166,99936,366,100968,166,99935,166,101030,100,99873,100,101101,100,99864,100,101168,100,99713,100,101175,100,99696,100,101223,100,99687,100
2019-06-28 10:06:00.000000000,100700,166,100226,366,100914,166,100142,166,100923,166,100025,166,100959,166,99936,366,100968,166,99935,166,101030,100,99873,100,101101,100,99864,100,101168,100,99713,100,101175,100,99696,100,101223,100,99687,100
2019-06-28 10:06:10.000000000,100700,166,100226,366,100914,166,100142,166,100923,166,100025,166,100959,166,99936,366,100968,166,99935,166,101030,100,99873,100,101101,100,99864,100,101168,100,99713,100,101175,100,99696,100,101223,100,99687,100
2019-06-28 10:06:10.293959625,100700,66,100226,366,100914,166,100142,166,100923,166,100025,166,100959,166,99936,366,100968,166,99935,166,101030,100,99873,100,101101,100,99864,100,101168,100,99713,100,101175,100,99696,100,101223,100,99687,100
2019-06-28 10:06:19.805686887,100700,66,100226,366,100839,100,100142,166,100914,166,100025,166,100923,166,99936,366,100959,166,99935,166,100968,166,99873,100,101030,100,99864,100,101101,100,99713,100,101168,100,99696,100,101175,100,99687,100
2019-06-28 10:06:20.000000000,100839,212,100226,412,100914,208,100142,208,100923,208,100025,208,100959,100,99936,300,100968,100,99935,100,101030,100,99873,100,101101,100,99864,100,101168,100,99713,100,101175,100,99696,100,101223,100,99687,100
2019-06-28 10:06:30.000000000,100839,182,100226,382,100914,182,100142,182,100923,182,100025,182,100959,182,99936,382,100968,100,99935,100,101030,100,99873,100,101101,100,99864,100,101168,100,99713,100,101175,100,99696,100,101223,100,99687,100
2019-06-28 10:06:32.012944901,100839,182,100409,100,100914,182,100226,382,100923,182,100142,182,100959,182,100025,182,100968,100,99936,382,101030,100,99935,100,101101,100,99873,100,101168,100,99864,100,101175,100,99713,100,101223,100,99696,100
2019-06-28 10:06:39.666118502,100770,100,100409,100,100839,182,100226,382,100914,182,100142,182,100923,182,100025,182,100959,182,99936,382,100968,100,99935,100,101030,100,99873,100,101168,100,99864,100,101175,100,99713,100,101223,100,99696,100
2019-06-28 10:06:39.809405104,100770,100,100409,100,100839,182,100326,100,100914,182,100226,382,100923,182,100142,182,100959,182,100025,182,100968,100,99936,382,101030,100,99935,100,101168,100,99873,100,101175,100,99864,100,101223,100,99713,100
2019-06-28 10:06:39.874735649,100770,100,100409,200,100839,182,100326,100,100914,182,100226,382,100923,182,100142,182,100959,182,100025,182,100968,100,99936,382,101030,100,99935,100,101168,100,99873,100,101175,100,99864,100,101223,100,99713,100
2019-06-28 10:06:40.000000000,100770,212,100409,312,100839,208,100326,208,100914,208,100226,408,100923,100,100142,100,100959,100,100025,100,100968,100,99936,300,101030,100,99935,100,101168,100,99873,100,101175,100,99864,100,101223,100,99713,100
2019-06-28 10:06:41.519430652,100770,212,100409,312,100839,208,100326,208,100914,208,100226,408,100923,100,100142,100,100953,100,100025,100,100959,100,99936,300,100968,100,99935,100,101030,100,99873,100,101168,100,99864,100,101175,100,99713,100
2019-06-28 10:06:49.466184001,100699,100,100409,312,100770,212,100326,208,100839,208,100226,408,100914,208,100142,100,100923,100,100025,100,100953,100,99936,300,100959,100,99935,100,100968,100,99873,100,101030,100,99864,100,101168,100,99713,100
2019-06-28 10:06:50.000000000,100699,166,100409,266,100770,166,100326,166,100839,166,100226,366,100914,166,100142,166,100923,166,100025,166,100953,100,99936,300,100959,100,99935,100,100968,100,99873,100,101030,100,99864,100,101168,100,99713,100
2019-06-28 10:06:57.685721362,100699,266,100409,266,100770,166,100326,166,100839,166,100226,366,100914,166,100142,166,100923,166,100025,166,100953,100,99936,300,100959,100,99935,100,100968,100,99873,100,101030,100,99864,100,101168,100,99713,100
2019-06-28 10:07:00.000000000,100699,282,100409,282,100770,182,100326,182,100839,182,100226,382,100914,182,100142,182,100923,100,100025,100,100953,100,99936,300,100959,100,99935,100,100968,100,99873,100,101030,100,99864,100,101168,100,99713,100
2019-06-28 10:07:10.000000000,100699,364,100409,364,100770,264,100326,264,100839,100,100226,300,100914,100,100142,100,100923,100,100025,100,100953,100,99936,300,100959,100,99935,100,100968,100,99873,100,101030,100,99864,100,101168,100,99713,100
2019-06-28 10:07:20.000000000,100699,528,100409,528,100770,100,100326,100,100839,100,100226,300,100914,100,100142,100,100923,100,100025,100,100953,100,99936,300,100959,100,99935,100,100968,100,99873,100,101030,100,99864,100,101168,100,99713,100
2019-06-28 10:07:22.514214196,100699,528,100409,528,100770,100,100326,100,100805,100,100226,300,100914,100,100142,100,100923,100,100025,100,100953,100,99936,300,100959,100,99935,100,100968,100,99873,100,101030,100,99864,100,101168,100,99713,100
