,ask_price_1,ask_size_1,bid_price_1,bid_size_1,ask_price_2,ask_size_2,bid_price_2,bid_size_2,ask_price_3,ask_size_3,bid_price_3,bid_size_3,ask_price_4,ask_size_4,bid_price_4,bid_size_4,ask_price_5,ask_size_5,bid_price_5,bid_size_5,ask_price_6,ask_size_6,bid_price_6,bid_size_6,ask_price_7,ask_size_7,bid_price_7,bid_size_7,ask_price_8,ask_size_8,bid_price_8,bid_size_8,ask_price_9,ask_size_9,bid_price_9,bid_size_9,ask_price_10,ask_size_10,bid_price_10,bid_size_10
2019-06-28 09:30:00.000000000,,,99932,100,,,,,,,,,,,,,,,,,,,,,,,,,,,,,,,,,,,,
2019-06-28 09:30:00.000000001,100156,100,99932,100,,,,,,,,,,,,,,,,,,,,,,,,,,,,,,,,,,,,
2019-06-28 09:30:00.000000003,100156,100,99932,100,,,99886,100,,,,,,,,,,,,,,,,,,,,,,,,,,,,,,,,
2019-06-28 09:30:00.000000006,100156,100,99886,100,,,,,,,,,,,,,,,,,,,,,,,,,,,,,,,,,,,,
2019-06-28 09:30:00.000000009,100156,100,99996,100,,,99886,100,,,,,,,,,,,,,,,,,,,,,,,,,,,,,,,,
2019-06-28 09:30:00.000000010,100062,100,99996,100,100085,100,99886,100,100156,100,,,100185,100,,,,,,,,,,,,,,,,,,,,,,,,,,
2019-06-28 09:30:00.000000011,100006,100,99996,100,100062,100,99887,100,100085,100,99886,100,100156,100,,,100185,100,,,,,,,,,,,,,,,,,,,,,,
2019-06-28 09:30:00.000000012,100006,100,99996,100,100062,100,99887,100,100081,100,99886,100,100085,100,,,100156,100,,,100185,100,,,,,,,,,,,,,,,,,,
2019-06-28 09:30:00.000000016,100006,100,99996,100,100062,100,99934,100,100081,100,99887,100,100085,100,99886,100,100156,100,,,100185,100,,,,,,,,,,,,,,,,,,
2019-06-28 09:30:00.000000017,100006,100,99996,100,100062,100,99934,100,100081,100,99923,100,100085,100,99887,100,100115,100,99886,100,100156,100,,,100185,100,,,,,,,,,,,,,,
2019-06-28 09:30:00.000000018,100006,100,99996,100,100022,100,99934,100,100062,100,99923,100,100081,100,99887,100,100085,100,99886,100,100115,100,,,100156,100,,,100185,100,,,,,,,,,,
2019-06-28 09:30:00.000000019,100006,100,99996,100,100022,100,99964,100,100062,100,99934,100,100081,100,99923,100,100085,100,99887,100,100115,100,99886,100,100156,100,,,100185,100,,,,,,,,,,
2019-06-28 09:30:00.000000021,100006,100,99996,100,100022,100,99964,100,100062,100,99934,100,100081,100,99923,100,100085,200,99897,100,100115,100,99887,100,100156,100,99886,100,100185,100,,,,,,,,,,
2019-06-28 09:30:00.000000022,100006,100,99996,100,100022,100,99964,100,100062,100,99934,100,100081,100,99923,100,100085,200,99897,100,100115,100,99887,100,100156,100,99886,100,100185,100,99851,100,,,,,,,,
2019-06-28 09:30:00.000000027,100006,100,99996,100,100022,100,99964,100,100062,200,99934,100,100081,100,99923,100,100085,200,99897,100,100115,100,99887,100,100156,100,99886,100,100185,100,99851,100,100206,100,,,,,,
2019-06-28 09:30:00.000000031,100006,100,99996,100,100022,100,99974,100,100062,200,99964,100,100081,100,99934,100,100085,200,99923,100,100115,100,99897,100,100156,100,99887,100,100185,100,99886,100,100206,100,99851,100,,,,
2019-06-28 09:30:00.000000032,100006,100,99996,100,100022,100,99974,100,100062,200,99964,100,100081,100,99934,100,100085,200,99923,100,100115,100,99897,100,100130,100,99887,100,100156,100,99886,100,100185,100,99851,100,100206,100,,
2019-06-28 09:30:00.000000033,100006,100,99996,100,100012,100,99974,100,100022,100,99964,100,100062,200,99934,100,100081,100,99923,100,100085,200,99897,100,100115,100,99887,100,100130,100,99886,100,100156,100,99851,100,100185,100,,
2019-06-28 09:30:00.000000034,100006,100,99996,100,100012,100,99974,100,100022,100,99964,100,100050,100,99934,100,100062,200,99923,100,100081,100,99897,100,100085,200,99887,100,100115,100,99886,100,100130,100,99851,100,100156,100,,
2019-06-28 09:30:00.000000036,99997,100,99996,100,100006,100,99974,100,100012,100,99964,100,100022,100,99934,100,100050,100,99923,100,100062,200,99897,100,100081,100,99887,100,100085,200,99886,100,100115,100,99851,100,100130,100,,
2019-06-28 09:30:00.000000037,99997,100,99996,100,100006,100,99974,100,100012,100,99964,100,100022,100,99934,100,100050,100,99923,100,100062,200,99897,100,100081,100,99887,100,100085,200,99886,100,100115,100,99851,100,100130,100,,
2019-06-28 09:30:00.000000038,99997,100,99996,100,100006,100,99974,100,100012,100,99964,100,100022,100,99934,100,100050,100,99926,100,100062,200,99923,100,100081,100,99897,100,100085,200,99887,100,100115,100,99886,100,100130,100,99851,100
2019-06-28 09:30:00.000000040,99997,100,99996,100,100002,100,99974,100,100006,100,99964,100,100012,100,99934,100,100022,100,99926,100,100050,100,99923,100,100062,200,99897,100,100081,100,99887,100,100085,200,99886,100,100115,100,99851,100
2019-06-28 09:30:00.000000043,99997,100,99996,100,100002,100,99974,100,100006,100,99964,100,100012,100,99934,100,100022,100,99926,100,100045,100,99923,100,100050,100,99897,100,100062,200,99887,100,100081,100,99886,100,100085,200,99851,100
2019-06-28 09:30:00.000000045,99997,100,99996,100,100002,100,99974,100,100006,100,99964,100,100012,100,99934,100,100022,100,99926,100,100045,100,99923,100,100050,100,99897,100,100062,200,99887,100,100081,100,99886,100,100085,200,99851,100
2019-06-28 09:30:00.000000046,99997,100,99996,100,100002,100,99974,100,100006,100,99964,100,100012,100,99954,100,100022,100,99934,100,100045,100,99926,100,100050,100,99923,100,100062,200,99897,100,100069,100,99887,100,100081,100,99886,100
2019-06-28 09:30:00.000000047,99997,100,99996,100,100002,100,99974,100,100006,100,99964,100,100012,100,99954,100,100022,100,99934,100,100042,100,99926,100,100045,100,99923,100,100050,100,99897,100,100062,200,99887,100,100069,100,99886,100
2019-06-28 09:30:00.000000048,100002,100,99996,100,100006,100,99974,100,100012,100,99964,100,100022,100,99954,100,100042,100,99934,100,100045,100,99926,100,100050,100,99923,100,100062,200,99897,100,100069,100,99887,100,100081,100,99886,100
2019-06-28 09:30:00.000000049,100002,100,99996,100,100006,100,99974,100,100012,100,99964,100,100022,100,99954,100,100042,100,99935,100,100045,100,99934,100,100050,100,99926,100,100062,200,99923,100,100069,100,99897,100,100081,100,99887,100
2019-06-28 09:30:00.000000055,100006,100,99996,100,100012,100,99974,100,100022,100,99964,100,100042,100,99954,100,100045,100,99935,100,100047,100,99934,100,100050,100,99926,100,100062,200,99923,100,100069,100,99897,100,100081,100,99887,100
2019-06-28 09:30:00.000000057,100012,100,99996,100,100022,100,99974,100,100042,100,99964,100,100045,100,99954,100,100047,100,99935,100,100050,100,99934,100,100062,200,99926,100,100069,100,99923,100,100081,100,99897,100,100085,200,99887,100
2019-06-28 09:30:00.000000058,100012,200,100002,100,100022,100,99996,100,100042,100,99974,100,100045,100,99964,100,100047,100,99954,100,100048,100,99935,100,100050,100,99934,100,100062,200,99926,100,100069,100,99923,100,100081,100,99897,100
2019-06-28 09:30:00.000000059,100012,200,100002,100,100022,100,99996,100,100042,100,99974,100,100045,100,99964,100,100047,100,99954,100,100048,100,99935,100,100050,100,99934,100,100062,200,99926,100,100069,100,99923,100,100081,100,99897,100
2019-06-28 09:30:00.000000061,100012,200,100002,200,100022,100,99996,100,100042,100,99974,100,100045,100,99964,100,100047,100,99954,100,100048,100,99935,100,100050,100,99934,100,100062,200,99926,100,100069,100,99923,100,100081,100,99897,100
2019-06-28 09:30:00.000000064,100012,200,100002,200,100022,100,99996,100,100042,100,99974,100,100045,100,99964,100,100047,100,99954,100,100048,100,99935,100,100050,100,99934,100,100062,200,99926,100,100069,100,99923,100,100081,100,99897,100
2019-06-28 09:30:00.000000068,100012,200,100002,200,100022,100,99996,100,100042,100,99974,100,100045,100,99964,100,100047,100,99954,100,100048,100,99935,100,100050,100,99934,100,100062,200,99926,100,100069,100,99923,100,100081,100,99897,100
2019-06-28 09:30:00.000000069,100012,200,100002,200,100022,100,99996,100,100042,100,99974,100,100045,100,99964,100,100047,100,99954,100,100048,100,99935,100,100050,100,99934,100,100062,200,99926,100,100069,100,99923,100,100081,100,99897,100
2019-06-28 09:30:00.000000074,100012,200,100002,200,100022,100,99996,100,100042,100,99974,100,100045,100,99964,100,100047,100,99954,100,100048,100,99935,100,100050,100,99934,100,100062,200,99926,100,100069,100,99923,100,100081,100,99897,100
2019-06-28 09:30:00.000000075,100012,200,100002,100,100018,100,99996,100,100022,100,99974,100,100042,100,99964,100,100045,100,99954,100,100047,100,99935,100,100048,100,99934,100,100050,100,99926,100,100062,200,99923,100,100069,100,99897,100
2019-06-28 09:30:00.000000078,100012,100,100002,100,100018,100,99996,100,100022,100,99974,100,100042,100,99964,100,100045,100,99954,100,100047,100,99935,100,100048,100,99934,100,100050,100,99926,100,100062,200,99923,100,100069,100,99897,100
2019-06-28 09:30:00.000000083,100012,100,100002,100,100018,100,99996,100,100022,100,99974,100,100042,100,99964,100,100045,100,99954,100,100047,100,99935,100,100048,100,99934,100,100050,100,99926,100,100062,200,99923,100,100069,100,99897,100
2019-06-28 09:30:00.000000084,100012,100,100002,100,100018,100,99996,100,100022,100,99974,100,100025,100,99964,100,100042,100,99954,100,100045,100,99935,100,100047,100,99934,100,100048,100,99926,100,100050,100,99923,100,100062,200,99897,100
2019-06-28 09:30:00.000000085,100012,100,100003,100,100018,100,100002,100,100022,100,99996,100,100025,100,99974,100,100042,100,99964,100,100045,100,99956,100,100047,100,99954,100,100048,100,99935,100,100050,100,99934,100,100062,200,99926,100
2019-06-28 09:30:00.000000086,100012,100,100003,100,100018,100,100002,100,100022,100,99996,100,100025,100,99974,100,100042,100,99964,100,100045,100,99956,100,100047,100,99954,100,100048,100,99935,100,100050,100,99934,100,100062,200,99926,100
2019-06-28 09:30:00.000000089,100012,100,100003,100,100018,100,100002,100,100022,100,99996,100,100025,100,99974,100,100042,100,99964,100,100045,100,99956,100,100047,100,99954,100,100048,100,99935,100,100049,100,99934,100,100050,100,99926,100
2019-06-28 09:30:00.000000093,100012,100,100003,100,100018,100,100002,100,100022,100,99996,100,100025,100,99974,100,100042,100,99964,100,100045,100,99956,100,100047,100,99954,100,100048,100,99935,100,100049,100,99934,100,100050,100,99926,100
2019-06-28 09:30:00.000000095,100012,100,100003,100,100018,100,100002,100,100022,100,99996,100,100025,100,99974,100,100042,100,99964,100,100045,100,99956,100,100047,100,99954,100,100048,100,99935,100,100049,100,99934,100,100050,100,99926,100
2019-06-28 09:30:00.000000096,100012,100,100002,100,100018,100,99996,100,100022,100,99974,100,100025,100,99964,100,100042,100,99956,100,100045,100,99954,100,100047,100,99935,100,100048,100,99934,100,100049,100,99926,100,100050,100,99923,100
2019-06-28 09:30:00.000000098,100012,100,100002,100,100018,100,99996,100,100022,100,99974,100,100025,100,99964,100,100042,100,99956,100,100045,100,99954,100,100047,100,99935,100,100048,100,99934,100,100049,100,99926,100,100050,100,99923,100
2019-06-28 09:30:00.000000099,100012,100,100002,100,100018,100,99996,100,100022,100,99974,100,100025,100,99964,100,100042,100,99956,100,100045,100,99954,100,100047,100,99935,100,100048,100,99934,100,100049,100,99926,100,100050,100,99923,100
2019-06-28 09:30:10.000000000,100012,436,100002,436,100018,100,99996,100,100022,100,99974,100,100025,100,99964,100,100042,100,99956,100,100045,100,99954,100,100047,100,99935,100,100048,100,99934,100,100049,100,99926,100,100050,100,99923,100
2019-06-28 09:30:20.000000000,100012,214,100002,214,100018,211,99996,211,100022,211,99974,211,100025,100,99964,100,100042,100,99956,100,100045,100,99954,100,100047,100,99935,100,100048,100,99934,100,100049,100,99926,100,100050,100,99923,100
2019-06-28 09:30:30.000000000,100012,436,100002,436,100018,100,99996,100,100022,100,99974,100,100025,100,99964,100,100042,100,99956,100,100045,100,99954,100,100047,100,99935,100,100048,100,99934,100,100049,100,99926,100,100050,100,99923,100
2019-06-28 09:30:39.774517257,100012,436,100002,436,100018,100,99996,100,100022,100,99974,100,100025,100,99964,100,100042,100,99956,100,100045,100,99954,100,100047,100,99935,100,100048,100,99934,100,100049,100,99926,100,100050,100,99923,100
2019-06-28 09:30:40.000000000,100012,214,100002,214,100018,211,99996,211,100022,211,99974,211,100025,100,99964,100,100042,100,99956,100,100045,100,99954,100,100047,100,99935,100,100048,100,99934,100,100049,100,99926,100,100050,100,99923,100
2019-06-28 09:30:50.000000000,100012,184,100002,184,100018,184,99996,184,100022,184,99974,184,100025,184,99964,184,100042,100,99956,100,100045,100,99954,100,100047,100,99935,100,100048,100,99934,100,100049,100,99926,100,100050,100,99923,100
2019-06-28 09:31:00.000000000,100012,436,100002,436,100018,100,99996,100,100022,100,99974,100,100025,100,99964,100,100042,100,99956,100,100045,100,99954,100,100047,100,99935,100,100048,100,99934,100,100049,100,99926,100,100050,100,99923,100
2019-06-28 09:31:10.000000000,100012,167,100002,167,100018,167,99996,167,100022,167,99974,167,100025,167,99964,167,100042,167,99956,167,100045,100,99954,100,100047,100,99935,100,100048,100,99934,100,100049,100,99926,100,100050,100,99923,100
2019-06-28 09:31:20.000000000,100012,167,100002,167,100018,167,99996,167,100022,167,99974,167,100025,167,99964,167,100042,167,99956,167,100045,100,99954,100,100047,100,99935,100,100048,100,99934,100,100049,100,99926,100,100050,100,99923,100
2019-06-28 09:31:27.378670206,100012,267,100002,167,100018,167,99996,167,100022,167,99974,167,100025,167,99964,167,100042,167,99956,167,100045,100,99954,100,100047,100,99935,100,100048,100,99934,100,100049,100,99926,100,100050,100,99923,100
2019-06-28 09:31:29.514233125,100012,267,100002,67,100018,167,99996,167,100022,167,99974,167,100025,167,99964,167,100042,167,99956,167,100045,100,99954,100,100047,100,99935,100,100048,100,99934,100,100049,100,99926,100,100050,100,99923,100
2019-06-28 09:31:30.000000000,100012,536,99996,436,100018,100,99974,100,100022,100,99964,100,100025,100,99956,100,100042,100,99954,100,100045,100,99935,100,100047,100,99934,100,100048,100,99926,100,100049,100,99923,100,100050,100,99921,100
2019-06-28 09:31:39.391252166,100012,536,99996,336,100018,100,99974,100,100022,100,99964,100,100025,100,99956,100,100042,100,99954,100,100045,100,99935,100,100047,100,99934,100,100048,100,99926,100,100049,100,99923,100,100050,100,99921,100
2019-06-28 09:31:40.000000000,100012,314,99974,214,100018,211,99964,211,100022,211,99956,211,100025,100,99954,100,100042,100,99935,100,100045,100,99934,100,100047,100,99926,100,100048,100,99923,100,100049,100,99921,100,100050,100,99912,100
2019-06-28 09:31:46.993165152,100012,314,99974,214,100018,211,99964,211,100022,211,99956,211,100025,100,99954,100,100042,100,99935,100,100045,100,99934,100,100047,100,99926,100,100048,100,99923,100,100049,100,99921,100,100050,100,99912,100
2019-06-28 09:31:50.000000000,100012,368,99974,268,100018,268,99964,268,100022,100,99956,100,100025,100,99954,100,100042,100,99935,100,100045,100,99934,100,100047,100,99926,100,100048,100,99923,100,100049,100,99921,100,100050,100,99912,100
2019-06-28 09:31:53.292532182,100002,100,99974,268,100012,368,99964,268,100018,268,99956,100,100022,100,99954,100,100025,100,99935,100,100042,100,99934,100,100045,100,99926,100,100047,100,99923,100,100048,100,99921,100,100049,100,99912,100
2019-06-28 09:32:00.000000000,100002,167,99974,167,100012,267,99964,167,100018,167,99956,167,100022,167,99954,167,100025,167,99935,167,100042,100,99934,100,100045,100,99926,100,100047,100,99923,100,100048,100,99921,100,100049,100,99912,100
2019-06-28 09:32:10.000000000,100002,214,99974,214,100012,311,99964,211,100018,211,99956,211,100022,100,99954,100,100025,100,99935,100,100042,100,99934,100,100045,100,99926,100,100047,100,99923,100,100048,100,99921,100,100049,100,99912,100
2019-06-28 09:32:13.439871829,100002,214,99974,114,100012,311,99964,211,100018,211,99956,211,100022,100,99954,100,100025,100,99935,100,100042,100,99934,100,100045,100,99926,100,100047,100,99923,100,100048,100,99921,100,100049,100,99912,100
2019-06-28 09:32:20.000000000,100002,214,99964,214,100012,311,99956,211,100018,211,99954,211,100022,100,99935,100,100025,100,99934,100,100042,100,99926,100,100045,100,99923,100,100047,100,99921,100,100048,100,99912,100,100049,100,99897,100
2019-06-28 09:32:26.018546271,100002,214,99964,114,100012,311,99956,211,100018,211,99954,211,100022,100,99935,100,100025,100,99934,100,100042,100,99923,100,100045,100,99921,100,100047,100,99912,100,100048,100,99897,100,100049,100,99887,100
2019-06-28 09:32:30.000000000,100002,436,99956,436,100012,200,99954,100,100018,100,99935,100,100022,100,99934,100,100025,100,99923,100,100042,100,99921,100,100045,100,99912,100,100047,100,99897,100,100048,100,99887,100,100049,100,99886,100
2019-06-28 09:32:40.000000000,100002,436,99956,436,100012,200,99954,100,100018,100,99935,100,100022,100,99934,100,100025,100,99923,100,100042,100,99921,100,100045,100,99912,100,100047,100,99897,100,100048,100,99887,100,100049,100,99886,100
2019-06-28 09:32:48.535448557,100002,436,99956,436,100012,200,99954,100,100018,100,99935,100,100022,100,99934,100,100025,100,99923,100,100042,100,99921,100,100045,100,99912,100,100047,100,99897,100,100048,100,99887,100,100049,100,99886,100
2019-06-28 09:32:50.000000000,100002,214,99956,214,100012,311,99954,211,100018,211,99935,211,100022,100,99934,100,100025,100,99923,100,100042,100,99921,100,100045,100,99912,100,100047,100,99897,100,100048,100,99887,100,100049,100,99886,100
2019-06-28 09:33:00.000000000,100002,184,99956,184,100012,284,99954,184,100018,184,99935,184,100022,184,99934,184,100025,100,99923,100,100042,100,99921,100,100045,100,99912,100,100047,100,99897,100,100048,100,99887,100,100049,100,99886,100
2019-06-28 09:33:10.000000000,100002,167,99956,167,100012,267,99954,167,100018,167,99935,167,100022,167,99934,167,100025,167,99923,167,100042,100,99921,100,100045,100,99912,100,100047,100,99897,100,100048,100,99887,100,100049,100,99886,100
2019-06-28 09:33:11.116585572,100002,167,99956,167,100012,267,99954,167,100018,167,99935,167,100022,167,99934,167,100025,167,99923,167,100042,100,99921,100,100045,100,99912,100,100047,100,99897,100,100048,100,99887,100,100049,100,99886,100
2019-06-28 09:33:12.705308538,100002,167,99956,167,100012,267,99954,167,100018,167,99935,167,100022,167,99934,167,100025,167,99923,167,100042,100,99921,100,100045,100,99912,100,100047,100,99897,100,100048,100,99886,100,100049,100,99883,100
2019-06-28 09:33:14.498899893,100002,167,99956,67,100012,267,99954,167,100018,67,99935,167,100022,167,99934,167,100025,167,99923,167,100042,100,99921,100,100045,100,99912,100,100047,100,99897,100,100048,100,99886,100,100049,100,99883,100
2019-06-28 09:33:20.000000000,100002,167,99954,167,100012,267,99935,167,100022,167,99934,167,100025,167,99923,167,100042,167,99921,167,100045,100,99912,100,100047,100,99897,100,100048,100,99886,100,100049,100,99883,100,100050,100,99875,100
2019-06-28 09:33:20.464520348,100002,167,99954,167,100012,267,99935,167,100022,167,99934,167,100025,167,99923,67,100042,167,99921,167,100045,100,99912,100,100047,100,99897,100,100048,100,99886,100,100049,100,99883,100,100050,100,99875,100
2019-06-28 09:33:20.596824968,100002,167,99954,67,100012,267,99935,167,100022,167,99934,167,100025,167,99923,67,100042,167,99921,167,100045,100,99912,100,100047,100,99897,100,100048,100,99886,100,100049,100,99875,100,100050,100,99866,200
2019-06-28 09:33:24.072954800,99954,33,99935,167,100002,167,99934,167,100012,267,99923,67,100022,167,99921,167,100025,167,99912,100,100042,167,99897,100,100045,100,99886,100,100047,100,99875,100,100048,100,99866,200,100049,100,99864,100
2019-06-28 09:33:27.827558572,99954,33,99935,67,100002,167,99934,167,100012,267,99923,67,100022,167,99921,167,100025,167,99912,100,100042,167,99897,100,100045,100,99886,100,100047,100,99875,100,100049,100,99866,200,100050,100,99864,100
2019-06-28 09:33:30.000000000,99954,117,99934,184,100002,184,99921,184,100012,284,99912,184,100022,184,99897,184,100025,100,99886,100,100042,100,99875,100,100045,100,99866,200,100047,100,99864,100,100049,100,99855,100,100050,100,99851,100
2019-06-28 09:33:32.210769734,99954,117,99934,184,100002,184,99921,184,100012,284,99912,184,100022,184,99897,184,100025,100,99886,100,100042,100,99875,100,100045,100,99866,200,100047,100,99864,100,100049,100,99855,100,100050,100,99851,100
2019-06-28 09:33:32.764357610,99954,117,99934,84,100002,184,99921,184,100012,284,99912,184,100022,184,99897,184,100025,100,99886,100,100042,100,99875,100,100045,100,99866,200,100047,100,99864,100,100049,100,99855,100,100050,100,99851,100
2019-06-28 09:33:37.037349509,99935,100,99934,84,99954,117,99921,184,100002,184,99912,184,100012,284,99897,184,100022,184,99886,100,100025,100,99875,100,100042,100,99866,200,100045,100,99864,100,100047,100,99855,100,100049,100,99851,100
2019-06-28 09:33:38.655887067,99935,100,99934,84,99954,117,99921,184,100002,184,99912,184,100012,284,99897,184,100022,184,99886,100,100025,100,99875,100,100042,100,99866,200,100047,100,99864,100,100049,100,99855,100,100050,100,99851,100
2019-06-28 09:33:39.366849146,99934,16,99921,184,99935,100,99912,184,99954,117,99897,184,100002,184,99886,100,100012,284,99875,100,100022,184,99866,200,100025,100,99864,100,100042,100,99855,100,100047,100,99851,100,100049,100,99799,100
2019-06-28 09:33:40.000000000,99934,83,99921,167,99935,167,99912,167,99954,100,99897,167,100002,167,99886,167,100012,267,99875,167,100022,100,99866,200,100025,100,99864,100,100042,100,99855,100,100047,100,99851,100,100049,100,99799,100
2019-06-28 09:33:41.813773122,99934,83,99921,67,99935,167,99912,167,99954,100,99897,167,100002,167,99886,167,100012,267,99875,167,100022,100,99866,200,100025,100,99864,100,100042,100,99855,100,100047,100,99851,100,100049,100,99799,100
2019-06-28 09:33:50.000000000,99934,184,99912,268,99935,268,99897,268,99954,33,99886,100,100002,100,99875,100,100012,200,99866,200,100022,100,99864,100,100025,100,99855,100,100042,100,99851,100,100047,100,99799,100,100049,100,99715,100
2019-06-28 09:33:57.903436382,99934,184,99912,268,99935,268,99897,268,99954,33,99886,100,100002,100,99875,100,100012,200,99866,200,100022,100,99864,100,100025,100,99855,100,100042,100,99851,100,100047,100,99799,100,100049,100,99715,100
2019-06-28 09:34:00.000000000,99934,83,99912,167,99935,167,99897,167,99954,100,99886,167,100002,167,99875,167,100012,267,99866,267,100022,100,99864,100,100025,100,99855,100,100042,100,99851,100,100047,100,99799,100,100049,100,99715,100
2019-06-28 09:34:10.000000000,99934,100,99912,184,99935,184,99897,184,99954,117,99886,184,100002,184,99875,184,100012,200,99866,200,100022,100,99864,100,100025,100,99855,100,100042,100,99851,100,100047,100,99799,100,100049,100,99715,100
2019-06-28 09:34:14.657632269,99934,100,99912,84,99935,184,99897,184,99954,117,99886,184,100002,184,99875,184,100012,200,99866,100,100022,100,99864,100,100025,100,99855,100,100042,100,99851,100,100047,100,99799,100,100049,100,99715,100
2019-06-28 09:34:14.982317908,99912,16,99897,184,99934,100,99886,184,99935,184,99875,184,99954,117,99866,100,100002,184,99864,100,100012,200,99855,100,100022,100,99851,100,100025,100,99799,100,100042,100,99715,100,100047,100,99504,100
2019-06-28 09:34:20.000000000,99912,130,99897,214,99934,127,99886,211,99935,211,99875,211,99954,33,99866,100,100002,100,99864,100,100012,200,99855,100,100022,100,99851,100,100025,100,99799,100,100042,100,99715,100,100047,100,99504,100
2019-06-28 09:34:30.000000000,99912,130,99897,214,99934,127,99886,211,99935,211,99875,211,99954,33,99866,100,100002,100,99864,100,100012,200,99855,100,100022,100,99851,100,100025,100,99799,100,100042,100,99715,100,100047,100,99504,100
2019-06-28 09:34:37.714006447,99912,230,99897,214,99934,127,99886,211,99935,211,99875,211,99954,33,99866,100,100002,100,99864,100,100012,200,99855,100,100022,100,99851,100,100025,100,99799,100,100042,100,99715,100,100047,100,99504,100
2019-06-28 09:34:40.000000000,99912,183,99897,167,99934,83,99886,167,99935,167,99875,167,99954,100,99866,167,100002,167,99864,167,100012,200,99855,100,100022,100,99851,100,100025,100,99799,100,100042,100,99715,100,100047,100,99504,100
2019-06-28 09:34:43.215097928,99912,183,99897,67,99934,83,99886,167,99935,167,99875,167,99954,100,99866,167,100002,167,99864,167,100012,200,99855,100,100022,100,99851,100,100025,100,99799,100,100042,100,99715,100,100047,100,99504,100
2019-06-28 09:34:47.949599462,99912,83,99897,67,99934,83,99886,167,99935,167,99875,167,99954,100,99866,167,100002,167,99864,167,100012,200,99855,100,100022,100,99851,100,100025,100,99799,100,100042,100,99715,100,100047,100,99504,100
2019-06-28 09:34:49.317962215,99912,83,99897,67,99934,83,99886,167,99935,167,99875,167,99954,100,99866,167,100002,167,99864,167,100012,200,99855,100,100022,100,99851,100,100025,100,99799,100,100042,100,99715,100,100047,100,99504,100
2019-06-28 09:34:50.000000000,99912,100,99886,184,99934,100,99875,184,99935,184,99866,184,99954,117,99864,184,100002,100,99855,100,100012,200,99851,100,100022,100,99799,100,100025,100,99715,100,100042,100,99504,100,100047,100,99483,100
2019-06-28 09:35:00.000000000,99912,184,99886,268,99934,184,99875,268,99935,100,99866,100,99954,33,99864,100,100002,100,99855,100,100012,200,99851,100,100022,100,99799,100,100025,100,99715,100,100042,100,99504,100,100047,100,99483,100
2019-06-28 09:35:09.361726831,99912,184,99886,268,99934,184,99875,268,99935,100,99866,100,99954,33,99864,100,100002,100,99855,100,100012,200,99851,100,100022,100,99799,100,100025,100,99769,100,100042,100,99715,100,100047,100,99504,100
2019-06-28 09:35:10.000000000,99912,352,99886,436,99934,16,99875,100,99935,100,99866,100,99954,33,99864,100,100002,100,99855,100,100012,200,99851,100,100022,100,99799,100,100025,100,99769,100,100042,100,99715,100,100047,100,99504,100
2019-06-28 09:35:20.000000000,99912,352,99886,436,99934,16,99875,100,99935,100,99866,100,99954,33,99864,100,100002,100,99855,100,100012,200,99851,100,100022,100,99799,100,100025,100,99769,100,100042,100,99715,100,100047,100,99504,100
2019-06-28 09:35:23.744185184,99912,352,99886,436,99934,16,99875,100,99935,100,99866,100,99954,33,99864,100,100002,100,99855,100,100012,200,99851,100,100022,100,99799,100,100025,100,99769,100,100042,100,99715,100,100047,100,99483,100
2019-06-28 09:35:30.000000000,99912,184,99886,268,99934,184,99875,268,99935,100,99866,100,99954,33,99864,100,100002,100,99855,100,100012,200,99851,100,100022,100,99799,100,100025,100,99769,100,100042,100,99715,100,100047,100,99483,100
2019-06-28 09:35:40.000000000,99912,83,99886,167,99934,83,99875,167,99935,167,99866,167,99954,100,99864,167,100002,167,99855,167,100012,200,99851,100,100022,100,99799,100,100025,100,99769,100,100042,100,99715,100,100047,100,99483,100
2019-06-28 09:35:43.961072568,99912,83,99886,167,99934,83,99875,167,99935,167,99866,167,99954,100,99864,167,100002,167,99855,167,100012,200,99851,100,100022,100,99799,100,100025,100,99769,100,100042,100,99715,100,100047,100,99483,100
2019-06-28 09:35:50.000000000,99912,130,99886,214,99934,127,99875,211,99935,211,99866,211,99954,33,99864,100,100002,100,99855,100,100012,200,99851,100,100022,100,99799,100,100025,100,99769,100,100042,100,99715,100,100047,100,99483,100
2019-06-28 09:35:56.191902173,99912,30,99886,214,99934,127,99875,211,99935,211,99866,211,99954,33,99864,100,100002,100,99855,100,100012,200,99851,100,100022,100,99799,100,100042,100,99769,100,100047,100,99715,100,100049,100,99483,100
2019-06-28 09:35:57.537209461,99912,30,99886,214,99934,127,99875,211,99935,211,99866,211,99954,33,99864,100,100012,200,99855,100,100022,100,99851,100,100042,100,99799,100,100047,100,99769,100,100049,100,99715,100,100062,100,99483,100
2019-06-28 09:36:00.000000000,99934,100,99886,184,99935,184,99875,184,99954,117,99866,184,100012,284,99864,184,100022,100,99855,100,100042,100,99851,100,100047,100,99799,100,100049,100,99769,100,100062,100,99715,100,100074,100,99483,100
2019-06-28 09:36:10.000000000,99934,100,99886,184,99935,184,99875,184,99954,117,99866,184,100012,284,99864,184,100022,100,99855,100,100042,100,99851,100,100047,100,99799,100,100049,100,99769,100,100062,100,99715,100,100074,100,99483,100
2019-06-28 09:36:20.000000000,99934,83,99886,167,99935,167,99875,167,99954,100,99866,167,100012,267,99864,167,100022,167,99855,167,100042,100,99851,100,100047,100,99799,100,100049,100,99769,100,100062,100,99715,100,100074,100,99483,100
2019-06-28 09:36:30.000000000,99934,83,99886,167,99935,167,99875,167,99954,100,99866,167,100012,267,99864,167,100022,167,99855,167,100042,100,99851,100,100047,100,99799,100,100049,100,99769,100,100062,100,99715,100,100074,100,99483,100
2019-06-28 09:36:40.000000000,99934,130,99886,214,99935,211,99875,211,99954,144,99866,211,100012,200,99864,100,100022,100,99855,100,100042,100,99851,100,100047,100,99799,100,100049,100,99769,100,100062,100,99715,100,100074,100,99483,100
2019-06-28 09:36:50.000000000,99934,83,99886,167,99935,167,99875,167,99954,100,99866,167,100012,267,99864,167,100022,167,99855,167,100042,100,99851,100,100047,100,99799,100,100049,100,99769,100,100062,100,99715,100,100074,100,99483,100
2019-06-28 09:37:00.000000000,99934,83,99886,167,99935,167,99875,167,99954,100,99866,167,100012,267,99864,167,100022,167,99855,167,100042,100,99851,100,100047,100,99799,100,100049,100,99769,100,100062,100,99715,100,100074,100,99483,100
2019-06-28 09:37:06.496648674,99934,83,99912,100,99935,167,99886,167,99954,100,99875,167,100012,267,99866,167,100022,167,99864,167,100042,100,99855,167,100047,100,99851,100,100049,100,99799,100,100062,100,99769,100,100074,100,99715,100
2019-06-28 09:37:10.000000000,99934,352,99912,436,99935,100,99886,100,99954,33,99875,100,100012,200,99866,100,100022,100,99864,100,100042,100,99855,100,100047,100,99851,100,100049,100,99799,100,100062,100,99769,100,100074,100,99715,100
2019-06-28 09:37:20.000000000,99934,130,99912,214,99935,211,99886,211,99954,144,99875,211,100012,200,99866,100,100022,100,99864,100,100042,100,99855,100,100047,100,99851,100,100049,100,99799,100,100062,100,99769,100,100074,100,99715,100
2019-06-28 09:37:25.779621006,99934,130,99912,314,99935,211,99886,211,99954,144,99875,211,100012,200,99866,100,100022,100,99864,100,100042,100,99855,100,100047,100,99851,100,100049,100,99799,100,100062,100,99769,100,100074,100,99715,100
2019-06-28 09:37:30.000000000,99934,184,99912,368,99935,268,99886,268,99954,33,99875,100,100012,200,99866,100,100022,100,99864,100,100042,100,99855,100,100047,100,99851,100,100049,100,99799,100,100062,100,99769,100,100074,100,99715,100
2019-06-28 09:37:40.000000000,99934,184,99912,368,99935,268,99886,268,99954,33,99875,100,100012,200,99866,100,100022,100,99864,100,100042,100,99855,100,100047,100,99851,100,100049,100,99799,100,100062,100,99769,100,100074,100,99715,100
2019-06-28 09:37:41.143025054,99934,184,99912,468,99935,268,99886,268,99954,33,99875,100,100012,200,99866,100,100022,100,99864,100,100042,100,99855,100,100047,100,99851,100,100049,100,99799,100,100062,100,99769,100,100074,100,99715,100
2019-06-28 09:37:50.000000000,99934,83,99912,367,99935,167,99886,167,99954,100,99875,167,100012,267,99866,167,100022,167,99864,167,100042,100,99855,100,100047,100,99851,100,100049,100,99799,100,100062,100,99769,100,100074,100,99715,100
2019-06-28 09:37:53.575184814,99934,83,99912,367,99935,167,99886,167,99954,100,99875,167,100012,267,99866,167,100022,167,99864,167,100042,100,99855,100,100047,100,99851,100,100049,100,99799,100,100062,100,99769,100,100074,100,99715,100
2019-06-28 09:37:58.399730944,99934,83,99912,467,99935,167,99886,167,99954,100,99875,167,100012,267,99866,167,100022,167,99864,167,100042,100,99855,100,100047,100,99851,100,100049,100,99799,100,100062,100,99769,100,100074,100,99715,100
2019-06-28 09:38:00.000000000,99934,130,99912,514,99935,211,99886,211,99954,144,99875,211,100012,200,99866,100,100022,100,99864,100,100042,100,99855,100,100047,100,99851,100,100049,100,99799,100,100062,100,99769,100,100074,100,99715,100
2019-06-28 09:38:10.000000000,99934,184,99912,568,99935,268,99886,268,99954,33,99875,100,100012,200,99866,100,100022,100,99864,100,100042,100,99855,100,100047,100,99851,100,100049,100,99799,100,100062,100,99769,100,100074,100,99715,100
2019-06-28 09:38:20.000000000,99934,83,99912,467,99935,167,99886,167,99954,100,99875,167,100012,267,99866,167,100022,167,99864,167,100042,100,99855,100,100047,100,99851,100,100049,100,99799,100,100062,100,99769,100,100074,100,99715,100
2019-06-28 09:38:30.000000000,99934,184,99912,568,99935,268,99886,268,99954,33,99875,100,100012,200,99866,100,100022,100,99864,100,100042,100,99855,100,100047,100,99851,100,100049,100,99799,100,100062,100,99769,100,100074,100,99715,100
2019-06-28 09:38:40.000000000,99934,100,99912,484,99935,184,99886,184,99954,117,99875,184,100012,284,99866,184,100022,100,99864,100,100042,100,99855,100,100047,100,99851,100,100049,100,99799,100,100062,100,99769,100,100074,100,99715,100
2019-06-28 09:38:45.914455013,99935,184,99912,484,99954,117,99886,184,100012,284,99875,184,100022,100,99866,184,100042,100,99864,100,100047,100,99855,100,100049,100,99851,100,100062,100,99799,100,100074,100,99769,100,100081,100,99715,100
2019-06-28 09:38:50.000000000,99935,214,99912,514,99954,144,99886,211,100012,311,99875,211,100022,100,99866,100,100042,100,99864,100,100047,100,99855,100,100049,100,99851,100,100062,100,99799,100,100074,100,99769,100,100081,100,99715,100
2019-06-28 09:39:00.000000000,99935,268,99912,568,99954,201,99886,268,100012,200,99875,100,100022,100,99866,100,100042,100,99864,100,100047,100,99855,100,100049,100,99851,100,100062,100,99799,100,100074,100,99769,100,100081,100,99715,100
2019-06-28 09:39:10.000000000,99935,184,99912,484,99954,117,99886,184,100012,284,99875,184,100022,184,99866,184,100042,100,99864,100,100047,100,99855,100,100049,100,99851,100,100062,100,99799,100,100074,100,99769,100,100081,100,99715,100
2019-06-28 09:39:20.000000000,99935,436,99912,736,99954,33,99886,100,100012,200,99875,100,100022,100,99866,100,100042,100,99864,100,100047,100,99855,100,100049,100,99851,100,100062,100,99799,100,100074,100,99769,100,100081,100,99715,100
2019-06-28 09:39:25.843755994,99935,436,99912,736,99954,33,99886,100,100012,100,99875,100,100022,100,99866,100,100042,100,99864,100,100047,100,99855,100,100049,100,99851,100,100062,100,99799,100,100074,100,99769,100,100081,100,99715,100
2019-06-28 09:39:29.733945404,99935,436,99912,736,99954,33,99886,100,100012,100,99875,100,100022,100,99866,100,100042,100,99864,100,100047,100,99855,100,100049,100,99851,100,100062,100,99799,100,100074,100,99769,100,100081,100,99715,100
2019-06-28 09:39:30.000000000,99935,184,99912,484,99954,117,99886,184,100012,184,99875,184,100022,184,99866,184,100042,100,99864,100,100047,100,99855,100,100049,100,99851,100,100062,100,99799,100,100074,100,99769,100,100081,100,99715,100
2019-06-28 09:39:40.000000000,99935,268,99912,568,99954,201,99886,268,100012,100,99875,100,100022,100,99866,100,100042,100,99864,100,100047,100,99855,100,100049,100,99851,100,100062,100,99799,100,100074,100,99769,100,100081,100,99715,100
2019-06-28 09:39:50.000000000,99935,268,99912,568,99954,201,99886,268,100012,100,99875,100,100022,100,99866,100,100042,100,99864,100,100047,100,99855,100,100049,100,99851,100,100062,100,99799,100,100074,100,99769,100,100081,100,99715,100
2019-06-28 09:40:00.000000000,99935,436,99912,736,99954,33,99886,100,100012,100,99875,100,100022,100,99866,100,100042,100,99864,100,100047,100,99855,100,100049,100,99851,100,100062,100,99799,100,100074,100,99769,100,100081,100,99715,100
2019-06-28 09:40:10.000000000,99935,184,99912,484,99954,117,99886,184,100012,184,99875,184,100022,184,99866,184,100042,100,99864,100,100047,100,99855,100,100049,100,99851,100,100062,100,99799,100,100074,100,99769,100,100081,100,99715,100
2019-06-28 09:40:13.104818403,99935,84,99912,484,99954,117,99886,184,100012,184,99875,184,100022,184,99866,184,100042,100,99864,100,100047,100,99855,100,100049,100,99851,100,100062,100,99799,100,100074,100,99769,100,100081,100,99715,100
2019-06-28 09:40:20.000000000,99954,201,99912,568,100012,268,99886,268,100022,100,99875,100,100042,100,99866,100,100047,100,99864,100,100049,100,99855,100,100062,100,99851,100,100074,100,99799,100,100081,100,99769,100,100085,100,99715,100
2019-06-28 09:40:30.000000000,99954,369,99912,736,100012,100,99886,100,100022,100,99875,100,100042,100,99866,100,100047,100,99864,100,100049,100,99855,100,100062,100,99851,100,100074,100,99799,100,100081,100,99769,100,100085,100,99715,100
2019-06-28 09:40:35.457839725,99954,269,99912,736,100012,100,99886,100,100022,100,99875,100,100042,100,99866,100,100047,100,99864,100,100049,100,99855,100,100062,100,99851,100,100074,100,99799,100,100081,100,99769,100,100085,100,99715,100
2019-06-28 09:40:40.000000000,100012,184,99912,484,100022,184,99886,184,100042,184,99875,184,100047,184,99866,184,100049,100,99864,100,100062,100,99855,100,100074,100,99851,100,100081,100,99799,100,100085,100,99769,100,100086,100,99715,100
2019-06-28 09:40:50.000000000,100012,436,99912,736,100022,100,99886,100,100042,100,99875,100,100047,100,99866,100,100049,100,99864,100,100062,100,99855,100,100074,100,99851,100,100081,100,99799,100,100085,100,99769,100,100086,100,99715,100
2019-06-28 09:40:52.517642209,100012,436,99912,736,100022,100,99886,100,100042,100,99875,100,100047,100,99866,100,100049,100,99864,100,100062,100,99855,100,100074,100,99799,100,100081,100,99769,100,100085,100,99715,100,100086,100,99483,100
2019-06-28 09:40:53.029914980,100012,436,99912,736,100022,100,99886,100,100042,100,99875,100,100047,100,99866,100,100049,100,99864,100,100062,100,99855,100,100074,100,99799,100,100081,100,99769,100,100085,100,99715,100,100086,100,99483,100
2019-06-28 09:40:53.483388584,100012,436,99935,100,100042,100,99912,736,100047,100,99886,100,100049,100,99875,100,100062,100,99866,100,100074,100,99864,100,100081,100,99855,100,100085,100,99799,100,100086,100,99769,100,100095,100,99715,100
2019-06-28 09:41:00.000000000,100012,167,99935,167,100042,167,99912,467,100047,167,99886,167,100049,167,99875,167,100062,167,99866,167,100074,100,99864,100,100081,100,99855,100,100085,100,99799,100,100086,100,99769,100,100095,100,99715,100
2019-06-28 09:41:10.000000000,100012,268,99935,268,100042,268,99912,568,100047,100,99886,100,100049,100,99875,100,100062,100,99866,100,100074,100,99864,100,100081,100,99855,100,100085,100,99799,100,100086,100,99769,100,100095,100,99715,100
2019-06-28 09:41:17.016820335,100012,168,99935,268,100042,268,99912,568,100047,100,99875,100,100049,100,99866,100,100062,100,99864,100,100074,100,99855,100,100081,100,99799,100,100085,100,99769,100,100086,100,99715,100,100095,100,99483,100
2019-06-28 09:41:20.000000000,100042,184,99935,184,100047,184,99912,484,100049,184,99875,184,100062,184,99866,184,100074,100,99864,100,100081,100,99855,100,100085,100,99799,100,100086,100,99769,100,100095,100,99715,100,100102,100,99483,100
2019-06-28 09:41:21.361476081,100042,184,99954,100,100047,184,99935,184,100049,184,99912,484,100062,184,99875,184,100074,100,99866,184,100081,100,99864,100,100085,100,99855,100,100086,100,99799,100,100095,100,99769,100,100102,100,99715,100
2019-06-28 09:41:30.000000000,100042,268,99954,268,100047,268,99935,268,100049,100,99912,400,100062,100,99875,100,100074,100,99866,100,100081,100,99864,100,100085,100,99855,100,100086,100,99799,100,100095,100,99769,100,100102,100,99715,100
2019-06-28 09:41:37.187565590,100042,268,99954,268,100047,268,99935,268,100049,100,99912,300,100062,100,99875,100,100074,100,99866,100,100081,100,99864,100,100085,100,99855,100,100086,100,99799,100,100095,100,99769,100,100102,100,99715,100
2019-06-28 09:41:38.460746587,100042,268,99954,368,100047,268,99935,268,100049,100,99912,300,100062,100,99875,100,100074,100,99866,100,100081,100,99864,100,100085,100,99855,100,100086,100,99799,100,100095,100,99769,100,100102,100,99715,100
2019-06-28 09:41:40.000000000,100042,436,99954,536,100047,100,99935,100,100049,100,99912,300,100062,100,99875,100,100074,100,99866,100,100081,100,99864,100,100085,100,99855,100,100086,100,99799,100,100095,100,99769,100,100102,100,99715,100
2019-06-28 09:41:46.664416983,100042,336,99954,536,100047,100,99935,100,100049,100,99912,300,100062,100,99875,100,100074,100,99866,100,100081,100,99864,100,100085,100,99855,100,100086,100,99799,100,100095,100,99769,100,100102,100,99715,100
2019-06-28 09:41:50.000000000,100047,167,99954,267,100049,167,99935,167,100062,167,99912,367,100074,167,99875,167,100081,167,99866,167,100085,100,99864,100,100086,100,99855,100,100095,100,99799,100,100102,100,99769,100,100115,100,99715,100
2019-06-28 09:41:51.913412438,100047,67,99954,267,100049,167,99935,167,100062,167,99912,367,100074,167,99875,167,100081,167,99866,167,100085,100,99864,100,100086,100,99855,100,100095,100,99799,100,100102,100,99769,100,100115,100,99715,100
2019-06-28 09:42:00.000000000,100049,436,99954,536,100062,100,99935,100,100074,100,99912,300,100081,100,99875,100,100085,100,99866,100,100086,100,99864,100,100095,100,99855,100,100102,100,99799,100,100115,100,99769,100,100206,100,99715,100
2019-06-28 09:42:10.000000000,100049,268,99954,368,100062,268,99935,268,100074,100,99912,300,100081,100,99875,100,100085,100,99866,100,100086,100,99864,100,100095,100,99855,100,100102,100,99799,100,100115,100,99769,100,100206,100,99715,100
2019-06-28 09:42:20.000000000,100049,268,99954,368,100062,268,99935,268,100074,100,99912,300,100081,100,99875,100,100085,100,99866,100,100086,100,99864,100,100095,100,99855,100,100102,100,99799,100,100115,100,99769,100,100206,100,99715,100
2019-06-28 09:42:26.712990850,100049,268,100042,100,100062,268,99954,368,100074,100,99935,268,100081,100,99912,300,100085,100,99875,100,100086,100,99866,100,100095,100,99864,100,100102,100,99855,100,100115,100,99799,100,100206,100,99769,100
2019-06-28 09:42:27.168795939,100049,268,100042,200,100062,268,99954,368,100074,100,99935,268,100081,100,99912,300,100085,100,99875,100,100086,100,99866,100,100095,100,99864,100,100102,100,99855,100,100115,100,99799,100,100206,100,99769,100
2019-06-28 09:42:30.000000000,100049,167,100042,267,100062,167,99954,267,100074,167,99935,167,100081,167,99912,367,100085,167,99875,167,100086,100,99866,100,100095,100,99864,100,100102,100,99855,100,100115,100,99799,100,100206,100,99769,100
2019-06-28 09:42:40.000000000,100049,184,100042,284,100062,184,99954,284,100074,184,99935,184,100081,184,99912,384,100085,100,99875,100,100086,100,99866,100,100095,100,99864,100,100102,100,99855,100,100115,100,99799,100,100206,100,99769,100
2019-06-28 09:42:50.000000000,100049,184,100042,284,100062,184,99954,284,100074,184,99935,184,100081,184,99912,384,100085,100,99875,100,100086,100,99866,100,100095,100,99864,100,100102,100,99855,100,100115,100,99799,100,100206,100,99769,100
2019-06-28 09:43:00.000000000,100049,214,100042,314,100062,211,99954,311,100074,211,99935,211,100081,100,99912,300,100085,100,99875,100,100086,100,99866,100,100095,100,99864,100,100102,100,99855,100,100115,100,99799,100,100206,100,99769,100
2019-06-28 09:43:09.908908369,100049,214,100042,314,100062,111,99954,311,100074,211,99935,211,100081,100,99912,300,100085,100,99875,100,100086,100,99866,100,100095,100,99864,100,100102,100,99855,100,100115,100,99799,100,100206,100,99769,100
2019-06-28 09:43:10.000000000,100049,184,100042,284,100074,184,99954,284,100081,184,99935,184,100085,184,99912,384,100086,100,99875,100,100095,100,99866,100,100102,100,99864,100,100115,100,99855,100,100206,100,99799,100,100526,100,99769,100
2019-06-28 09:43:12.818877075,100049,184,100042,384,100074,184,99954,284,100081,184,99935,184,100085,184,99912,384,100086,100,99875,100,100095,100,99866,100,100102,100,99864,100,100206,100,99855,100,100526,100,99799,100,100691,100,99769,100
2019-06-28 09:43:20.000000000,100049,167,100042,367,100074,167,99954,267,100081,167,99935,167,100085,167,99912,367,100086,167,99875,167,100095,100,99866,100,100102,100,99864,100,100206,100,99855,100,100526,100,99799,100,100691,100,99769,100
2019-06-28 09:43:21.454299501,100049,167,100042,367,100074,167,99954,267,100081,167,99935,167,100085,167,99912,367,100086,167,99875,167,100095,100,99866,100,100102,100,99864,100,100206,100,99855,100,100526,100,99799,100,100691,100,99769,100
2019-06-28 09:43:22.338096801,100049,167,100042,467,100074,167,99954,267,100081,167,99935,167,100085,167,99912,367,100086,167,99875,167,100095,100,99866,100,100102,100,99864,100,100206,100,99855,100,100526,100,99799,100,100691,100,99769,100
2019-06-28 09:43:30.000000000,100049,436,100042,736,100074,100,99954,200,100081,100,99935,100,100085,100,99912,300,100086,100,99875,100,100095,100,99866,100,100102,100,99864,100,100206,100,99855,100,100526,100,99799,100,100691,100,99769,100
2019-06-28 09:43:40.000000000,100049,214,100042,514,100074,211,99954,311,100081,211,99935,211,100085,100,99912,300,100086,100,99875,100,100095,100,99866,100,100102,100,99864,100,100206,100,99855,100,100526,100,99799,100,100691,100,99769,100
2019-06-28 09:43:48.770135098,100049,214,100042,614,100074,211,99954,311,100081,211,99935,211,100085,100,99912,300,100086,100,99875,100,100095,100,99866,100,100102,100,99864,100,100206,100,99855,100,100526,100,99799,100,100691,100,99769,100
2019-06-28 09:43:48.953499793,100049,214,100042,614,100074,211,99954,311,100081,211,99935,211,100085,100,99912,300,100086,100,99875,100,100095,100,99866,100,100102,100,99864,100,100206,100,99855,100,100526,100,99799,100,100691,100,99769,100
2019-06-28 09:43:50.000000000,100049,436,100042,836,100074,100,99954,200,100081,100,99935,100,100085,100,99912,300,100086,100,99875,100,100095,100,99866,100,100102,100,99864,100,100206,100,99855,100,100526,100,99799,100,100691,100,99769,100
2019-06-28 09:44:00.000000000,100049,436,100042,836,100074,100,99954,200,100081,100,99935,100,100085,100,99912,300,100086,100,99875,100,100095,100,99866,100,100102,100,99864,100,100206,100,99855,100,100526,100,99799,100,100691,100,99769,100
2019-06-28 09:44:10.000000000,100049,268,100042,668,100074,268,99954,368,100081,100,99935,100,100085,100,99912,300,100086,100,99875,100,100095,100,99866,100,100102,100,99864,100,100206,100,99855,100,100526,100,99799,100,100691,100,99769,100
2019-06-28 09:44:13.675401239,100049,168,100042,668,100074,268,99954,368,100081,100,99935,100,100085,100,99912,300,100095,100,99875,100,100102,100,99866,100,100206,100,99864,100,100526,100,99855,100,100691,100,99799,100,100710,100,99769,100
2019-06-28 09:44:17.303947139,100049,168,100047,100,100074,268,100042,568,100081,100,99954,368,100085,100,99935,100,100095,100,99912,300,100102,100,99875,100,100206,100,99866,100,100526,100,99864,100,100691,100,99855,100,100710,100,99799,100
2019-06-28 09:44:20.000000000,100074,167,100047,167,100081,167,100042,467,100085,167,99954,267,100095,167,99935,167,100102,167,99912,367,100206,100,99875,100,100526,100,99866,100,100691,100,99864,100,100710,100,99855,100,100717,100,99799,100
2019-06-28 09:44:24.517879253,100074,67,100047,167,100081,167,100042,467,100085,167,99954,267,100095,167,99935,167,100102,167,99912,367,100206,100,99875,100,100526,100,99866,100,100691,100,99864,100,100710,100,99855,100,100717,100,99799,100
2019-06-28 09:44:26.240746610,100074,67,100047,167,100081,167,100042,467,100085,167,99954,267,100095,167,99935,167,100102,167,99912,367,100206,100,99875,100,100526,100,99866,100,100691,100,99864,100,100710,100,99855,100,100717,100,99799,100
2019-06-28 09:44:30.000000000,100081,184,100047,184,100085,184,100042,484,100095,184,99954,284,100102,184,99935,184,100206,100,99912,300,100526,100,99875,100,100691,100,99866,100,100710,100,99864,100,100717,100,99855,100,100870,100,99799,100
2019-06-28 09:44:40.000000000,100081,268,100047,268,100085,268,100042,568,100095,100,99954,200,100102,100,99935,100,100206,100,99912,300,100526,100,99875,100,100691,100,99866,100,100710,100,99864,100,100717,100,99855,100,100870,100,99799,100
2019-06-28 09:44:50.000000000,100081,167,100047,167,100085,167,100042,467,100095,167,99954,267,100102,167,99935,167,100206,167,99912,367,100526,100,99875,100,100691,100,99866,100,100710,100,99864,100,100717,100,99855,100,100870,100,99799,100
2019-06-28 09:44:54.892809962,100081,67,100047,167,100085,167,100042,467,100095,167,99954,267,100102,167,99935,167,100206,167,99912,367,100526,100,99875,100,100691,100,99866,100,100710,100,99864,100,100717,100,99855,100,100870,100,99799,100
2019-06-28 09:45:00.000000000,100085,167,100047,167,100095,167,100042,467,100102,167,99954,267,100206,167,99935,167,100526,167,99912,367,100691,100,99875,100,100710,100,99866,100,100717,100,99864,100,100870,100,99855,100,100996,100,99799,100
2019-06-28 09:45:10.000000000,100085,214,100047,214,100095,211,100042,511,100102,211,99954,311,100206,100,99935,100,100526,100,99912,300,100691,100,99875,100,100710,100,99866,100,100717,100,99864,100,100870,100,99855,100,100996,100,99799,100
2019-06-28 09:45:20.000000000,100085,214,100047,214,100095,211,100042,511,100102,211,99954,311,100206,100,99935,100,100526,100,99912,300,100691,100,99875,100,100710,100,99866,100,100717,100,99864,100,100870,100,99855,100,100996,100,99799,100
2019-06-28 09:45:30.000000000,100085,436,100047,436,100095,100,100042,400,100102,100,99954,200,100206,100,99935,100,100526,100,99912,300,100691,100,99875,100,100710,100,99866,100,100717,100,99864,100,100870,100,99855,100,100996,100,99799,100
2019-06-28 09:45:36.072586714,100085,436,100047,436,100095,100,100042,400,100102,100,99954,200,100206,100,99935,100,100526,100,99912,300,100691,100,99875,100,100710,100,99866,100,100717,100,99864,100,100733,100,99855,100,100870,100,99799,100
2019-06-28 09:45:40.000000000,100085,167,100047,167,100095,167,100042,467,100102,167,99954,267,100206,167,99935,167,100526,167,99912,367,100691,100,99875,100,100710,100,99866,100,100717,100,99864,100,100733,100,99855,100,100870,100,99799,100
2019-06-28 09:45:41.524691201,100085,167,100047,167,100095,167,100042,467,100102,167,99954,167,100206,167,99935,167,100526,167,99912,367,100691,100,99875,100,100710,100,99866,100,100717,100,99864,100,100733,100,99855,100,100870,100,99799,100
2019-06-28 09:45:41.747882198,100085,67,100047,167,100095,67,100042,467,100102,167,99954,167,100206,167,99935,167,100526,167,99912,367,100691,100,99875,100,100710,100,99866,100,100717,100,99864,100,100733,100,99855,100,100870,100,99799,100
2019-06-28 09:45:45.045915929,100095,67,100085,33,100102,167,100047,167,100206,167,100042,467,100526,167,99954,167,100691,100,99935,167,100710,100,99912,367,100717,100,99875,100,100733,100,99866,100,100870,100,99864,100,100996,100,99799,100
2019-06-28 09:45:50.000000000,100102,268,100085,201,100206,268,100047,268,100526,100,100042,400,100691,100,99954,100,100710,100,99935,100,100717,100,99912,300,100733,100,99875,100,100870,100,99866,100,100996,100,99864,100,101085,100,99799,100
2019-06-28 09:46:00.000000000,100102,268,100085,201,100206,268,100047,268,100526,100,100042,400,100691,100,99954,100,100710,100,99935,100,100717,100,99912,300,100733,100,99875,100,100870,100,99866,100,100996,100,99864,100,101085,100,99799,100
2019-06-28 09:46:03.764005128,100102,268,100085,301,100206,168,100047,268,100526,100,100042,400,100691,100,99954,100,100710,100,99935,100,100717,100,99912,300,100733,100,99875,100,100870,100,99866,100,100996,100,99864,100,101085,100,99799,100
2019-06-28 09:46:10.000000000,100102,184,100085,217,100526,184,100047,184,100691,184,100042,484,100710,184,99954,184,100717,100,99935,100,100733,100,99912,300,100870,100,99875,100,100996,100,99866,100,101085,100,99864,100,,,99799,100
2019-06-28 09:46:20.000000000,100102,436,100085,469,100526,100,100047,100,100691,100,100042,400,100710,100,99954,100,100717,100,99935,100,100733,100,99912,300,100870,100,99875,100,100996,100,99866,100,101085,100,99864,100,,,99799,100
2019-06-28 09:46:21.287849406,100102,436,100085,469,100392,100,100047,100,100526,100,100042,400,100691,100,99954,100,100710,100,99935,100,100717,100,99912,300,100733,100,99875,100,100870,100,99866,100,100996,100,99864,100,101085,100,99799,100
2019-06-28 09:46:30.000000000,100102,167,100085,200,100392,167,100047,167,100526,167,100042,467,100691,167,99954,167,100710,167,99935,167,100717,100,99912,300,100733,100,99875,100,100870,100,99866,100,100996,100,99864,100,101085,100,99799,100
2019-06-28 09:46:38.246041309,100102,167,100085,300,100392,167,100047,167,100526,167,100042,467,100691,167,99954,167,100710,167,99935,167,100717,100,99912,300,100733,100,99875,100,100870,100,99866,100,100996,100,99864,100,101085,100,99799,100
2019-06-28 09:46:40.000000000,100102,184,100085,317,100392,184,100047,184,100526,184,100042,484,100691,184,99954,184,100710,100,99935,100,100717,100,99912,300,100733,100,99875,100,100870,100,99866,100,100996,100,99864,100,101085,100,99799,100
2019-06-28 09:46:50.000000000,100102,214,100085,347,100392,211,100047,211,100526,211,100042,511,100691,100,99954,100,100710,100,99935,100,100717,100,99912,300,100733,100,99875,100,100870,100,99866,100,100996,100,99864,100,101085,100,99799,100
2019-06-28 09:47:00.000000000,100102,214,100085,347,100392,211,100047,211,100526,211,100042,511,100691,100,99954,100,100710,100,99935,100,100717,100,99912,300,100733,100,99875,100,100870,100,99866,100,100996,100,99864,100,101085,100,99799,100
2019-06-28 09:47:10.000000000,100102,167,100085,300,100392,167,100047,167,100526,167,100042,467,100691,167,99954,167,100710,167,99935,167,100717,100,99912,300,100733,100,99875,100,100870,100,99866,100,100996,100,99864,100,101085,100,99799,100
2019-06-28 09:47:11.136250636,100102,167,100085,400,100392,167,100047,167,100526,167,100042,467,100691,167,99954,167,100710,167,99935,167,100717,100,99912,300,100733,100,99875,100,100870,100,99866,100,100996,100,99864,100,101085,100,99799,100
2019-06-28 09:47:20.000000000,100102,214,100085,447,100392,211,100047,211,100526,211,100042,511,100691,100,99954,100,100710,100,99935,100,100717,100,99912,300,100733,100,99875,100,100870,100,99866,100,100996,100,99864,100,101085,100,99799,100
2019-06-28 09:47:30.000000000,100102,184,100085,417,100392,184,100047,184,100526,184,100042,484,100691,184,99954,184,100710,100,99935,100,100717,100,99912,300,100733,100,99875,100,100870,100,99866,100,100996,100,99864,100,101085,100,99799,100
2019-06-28 09:47:40.000000000,100102,268,100085,501,100392,268,100047,268,100526,100,100042,400,100691,100,99954,100,100710,100,99935,100,100717,100,99912,300,100733,100,99875,100,100870,100,99866,100,100996,100,99864,100,101085,100,99799,100
2019-06-28 09:47:43.212486275,100102,268,100085,501,100392,268,100047,268,100526,100,100042,400,100691,100,99954,100,100710,100,99935,100,100717,100,99912,300,100733,100,99875,100,100870,100,99866,100,100933,100,99864,100,100996,100,99799,100
2019-06-28 09:47:50.000000000,100102,167,100085,400,100392,167,100047,167,100526,167,100042,467,100691,167,99954,167,100710,167,99935,167,100717,100,99912,300,100733,100,99875,100,100870,100,99866,100,100933,100,99864,100,100996,100,99799,100
2019-06-28 09:47:57.568792739,100102,167,100085,500,100392,167,100047,167,100526,167,100042,367,100691,167,99954,167,100710,167,99935,167,100717,100,99912,300,100733,100,99875,100,100870,100,99866,100,100933,100,99864,100,100996,100,99799,100
2019-06-28 09:48:00.000000000,100102,268,100085,601,100392,268,100047,268,100526,100,100042,300,100691,100,99954,100,100710,100,99935,100,100717,100,99912,300,100733,100,99875,100,100870,100,99866,100,100933,100,99864,100,100996,100,99799,100
2019-06-28 09:48:03.609480469,100102,268,100085,601,100392,268,100047,268,100526,100,100042,300,100691,100,99954,100,100710,100,99935,100,100717,100,99912,300,100733,100,99875,100,100870,100,99866,100,100933,100,99864,100,100996,100,99799,100
2019-06-28 09:48:10.000000000,100102,436,100085,769,100392,100,100047,100,100526,100,100042,300,100691,100,99954,100,100710,100,99935,100,100717,100,99912,300,100733,100,99875,100,100870,100,99866,100,100933,100,99864,100,100996,100,99799,100
2019-06-28 09:48:14.504899635,100102,436,100085,769,100392,100,100042,300,100526,100,99954,100,100691,100,99935,100,100710,100,99912,300,100717,100,99875,100,100733,100,99866,100,100870,100,99864,100,100933,100,99799,100,100996,100,99769,100
2019-06-28 09:48:15.467138481,100102,436,100085,769,100392,100,100042,300,100526,100,99954,100,100691,100,99935,100,100710,100,99912,300,100717,100,99875,100,100733,100,99866,100,100870,100,99864,100,100933,100,99799,100,100943,100,99769,100
2019-06-28 09:48:20.000000000,100102,167,100085,500,100392,167,100042,367,100526,167,99954,167,100691,167,99935,167,100710,167,99912,367,100717,100,99875,100,100733,100,99866,100,100870,100,99864,100,100933,100,99799,100,100943,100,99769,100
2019-06-28 09:48:30.000000000,100102,436,100085,769,100392,100,100042,300,100526,100,99954,100,100691,100,99935,100,100710,100,99912,300,100717,100,99875,100,100733,100,99866,100,100870,100,99864,100,100933,100,99799,100,100943,100,99769,100
2019-06-28 09:48:40.000000000,100102,184,100085,517,100392,184,100042,384,100526,184,99954,184,100691,184,99935,184,100710,100,99912,300,100717,100,99875,100,100733,100,99866,100,100870,100,99864,100,100933,100,99799,100,100943,100,99769,100
2019-06-28 09:48:50.000000000,100102,184,100085,517,100392,184,100042,384,100526,184,99954,184,100691,184,99935,184,100710,100,99912,300,100717,100,99875,100,100733,100,99866,100,100870,100,99864,100,100933,100,99799,100,100943,100,99769,100
2019-06-28 09:49:00.000000000,100102,268,100085,601,100392,268,100042,468,100526,100,99954,100,100691,100,99935,100,100710,100,99912,300,100717,100,99875,100,100733,100,99866,100,100870,100,99864,100,100933,100,99799,100,100943,100,99769,100
2019-06-28 09:49:10.000000000,100102,167,100085,500,100392,167,100042,367,100526,167,99954,167,100691,167,99935,167,100710,167,99912,367,100717,100,99875,100,100733,100,99866,100,100870,100,99864,100,100933,100,99799,100,100943,100,99769,100
2019-06-28 09:49:20.000000000,100102,436,100085,769,100392,100,100042,300,100526,100,99954,100,100691,100,99935,100,100710,100,99912,300,100717,100,99875,100,100733,100,99866,100,100870,100,99864,100,100933,100,99799,100,100943,100,99769,100
2019-06-28 09:49:29.104993919,100102,436,100085,769,100392,100,100042,300,100526,100,99954,100,100691,100,99935,100,100710,100,99912,300,100717,100,99875,100,100733,100,99866,100,100870,100,99864,100,100896,100,99799,100,100933,100,99769,100
2019-06-28 09:49:30.000000000,100102,184,100085,517,100392,184,100042,384,100526,184,99954,184,100691,184,99935,184,100710,100,99912,300,100717,100,99875,100,100733,100,99866,100,100870,100,99864,100,100896,100,99799,100,100933,100,99769,100
2019-06-28 09:49:36.418285038,100102,84,100085,517,100392,184,100042,384,100526,184,99954,184,100691,184,99935,184,100710,100,99912,300,100717,100,99875,100,100733,100,99866,100,100870,100,99864,100,100896,100,99799,100,100933,100,99769,100
2019-06-28 09:49:40.000000000,100392,268,100085,601,100526,268,100042,468,100691,100,99954,100,100710,100,99935,100,100717,100,99912,300,100733,100,99875,100,100870,100,99866,100,100896,100,99864,100,100933,100,99799,100,100943,100,99769,100
2019-06-28 09:49:41.359458363,100392,268,100085,601,100526,268,100042,468,100691,100,99954,100,100710,100,99935,100,100717,100,99912,300,100733,100,99875,100,100870,100,99866,100,100896,100,99864,100,100933,100,99799,100,100943,100,99769,100
2019-06-28 09:49:50.000000000,100392,214,100085,547,100526,211,100042,411,100691,211,99954,211,100710,100,99935,100,100717,100,99912,300,100733,100,99875,100,100870,100,99866,100,100896,100,99864,100,100933,100,99799,100,100943,100,99769,100
2019-06-28 09:49:54.140545628,100392,114,100085,547,100526,211,100042,411,100691,211,99954,211,100710,100,99935,100,100717,100,99912,300,100733,100,99875,100,100870,100,99866,100,100896,100,99864,100,100933,100,99799,100,100943,100,99769,100
2019-06-28 09:50:00.000000000,100526,214,100085,547,100691,211,100042,411,100710,211,99954,211,100717,100,99935,100,100733,100,99912,300,100870,100,99875,100,100896,100,99866,100,100933,100,99864,100,100943,100,99799,100,100996,100,99769,100
2019-06-28 09:50:04.450193997,100526,214,100085,547,100691,211,100042,411,100710,211,99954,211,100717,100,99935,100,100733,100,99912,300,100870,100,99875,100,100896,100,99866,100,100933,100,99864,100,100943,100,99799,100,100996,100,99769,100
2019-06-28 09:50:10.000000000,100526,268,100085,601,100691,268,100042,468,100710,100,99954,100,100717,100,99935,100,100733,100,99912,300,100870,100,99875,100,100896,100,99866,100,100933,100,99864,100,100943,100,99799,100,100996,100,99769,100
2019-06-28 09:50:20.000000000,100526,214,100085,547,100691,211,100042,411,100710,211,99954,211,100717,100,99935,100,100733,100,99912,300,100870,100,99875,100,100896,100,99866,100,100933,100,99864,100,100943,100,99799,100,100996,100,99769,100
2019-06-28 09:50:30.000000000,100526,214,100085,547,100691,211,100042,411,100710,211,99954,211,100717,100,99935,100,100733,100,99912,300,100870,100,99875,100,100896,100,99866,100,100933,100,99864,100,100943,100,99799,100,100996,100,99769,100
2019-06-28 09:50:40.000000000,100526,167,100085,500,100691,167,100042,367,100710,167,99954,167,100717,167,99935,167,100733,167,99912,367,100870,100,99875,100,100896,100,99866,100,100933,100,99864,100,100943,100,99799,100,100996,100,99769,100
2019-06-28 09:50:50.000000000,100526,167,100085,500,100691,167,100042,367,100710,167,99954,167,100717,167,99935,167,100733,167,99912,367,100870,100,99875,100,100896,100,99866,100,100933,100,99864,100,100943,100,99799,100,100996,100,99769,100
2019-06-28 09:51:00.000000000,100526,167,100085,500,100691,167,100042,367,100710,167,99954,167,100717,167,99935,167,100733,167,99912,367,100870,100,99875,100,100896,100,99866,100,100933,100,99864,100,100943,100,99799,100,100996,100,99769,100
2019-06-28 09:51:00.451439881,100526,167,100480,100,100691,167,100085,500,100710,167,100042,367,100717,167,99954,167,100733,167,99935,167,100870,100,99912,367,100896,100,99875,100,100933,100,99866,100,100943,100,99864,100,100996,100,99799,100
2019-06-28 09:51:10.000000000,100526,167,100480,167,100691,167,100085,500,100710,167,100042,367,100717,167,99954,167,100733,167,99935,167,100870,100,99912,300,100896,100,99875,100,100933,100,99866,100,100943,100,99864,100,100996,100,99799,100
2019-06-28 09:51:20.000000000,100526,214,100480,214,100691,211,100085,544,100710,211,100042,411,100717,100,99954,100,100733,100,99935,100,100870,100,99912,300,100896,100,99875,100,100933,100,99866,100,100943,100,99864,100,100996,100,99799,100
2019-06-28 09:51:20.446708959,100526,114,100480,214,100691,211,100085,544,100710,211,100042,411,100717,100,99954,100,100733,100,99935,100,100870,100,99912,300,100896,100,99875,100,100933,100,99866,100,100943,100,99864,100,100996,100,99799,100
2019-06-28 09:51:30.000000000,100691,184,100480,184,100710,184,100085,517,100717,184,100042,384,100733,184,99954,184,100870,100,99935,100,100896,100,99912,300,100933,100,99875,100,100943,100,99866,100,100996,100,99864,100,101085,100,99799,100
2019-06-28 09:51:39.881394849,100691,184,100481,100,100710,184,100480,184,100717,184,100085,517,100733,184,100042,284,100870,100,99954,184,100896,100,99935,100,100933,100,99912,300,100943,100,99875,100,100996,100,99866,100,101085,100,99864,100
2019-06-28 09:51:40.000000000,100691,184,100481,184,100710,184,100480,184,100717,184,100085,517,100733,184,100042,284,100870,100,99954,100,100896,100,99935,100,100933,100,99912,300,100943,100,99875,100,100996,100,99866,100,101085,100,99864,100
2019-06-28 09:51:50.000000000,100691,184,100481,184,100710,184,100480,184,100717,184,100085,517,100733,184,100042,284,100870,100,99954,100,100896,100,99935,100,100933,100,99912,300,100943,100,99875,100,100996,100,99866,100,101085,100,99864,100
2019-06-28 09:51:58.012663823,100691,184,100481,184,100710,184,100480,184,100717,184,100085,517,100733,184,100042,284,100870,100,99954,100,100896,100,99935,100,100933,100,99912,300,100943,100,99875,100,100996,100,99866,100,101085,100,99864,100
2019-06-28 09:52:00.000000000,100691,214,100481,214,100710,211,100480,211,100717,211,100085,544,100733,100,100042,200,100870,100,99954,100,100896,100,99935,100,100933,100,99912,300,100943,100,99875,100,100996,100,99866,100,101085,100,99864,100
2019-06-28 09:52:10.000000000,100691,184,100481,184,100710,184,100480,184,100717,184,100085,517,100733,184,100042,284,100870,100,99954,100,100896,100,99935,100,100933,100,99912,300,100943,100,99875,100,100996,100,99866,100,101085,100,99864,100
2019-06-28 09:52:20.000000000,100691,167,100481,167,100710,167,100480,167,100717,167,100085,500,100733,167,100042,267,100870,167,99954,167,100896,100,99935,100,100933,100,99912,300,100943,100,99875,100,100996,100,99866,100,101085,100,99864,100
2019-06-28 09:52:30.000000000,100691,167,100481,167,100710,167,100480,167,100717,167,100085,500,100733,167,100042,267,100870,167,99954,167,100896,100,99935,100,100933,100,99912,300,100943,100,99875,100,100996,100,99866,100,101085,100,99864,100
2019-06-28 09:52:31.327660485,100691,67,100481,167,100710,67,100480,167,100717,167,100085,500,100733,167,100042,267,100870,167,99954,167,100896,100,99935,100,100933,100,99912,300,100943,100,99875,100,100996,100,99866,100,101085,100,99864,100
2019-06-28 09:52:36.189778878,100691,67,100526,100,100710,67,100481,167,100717,167,100480,167,100733,167,100085,500,100870,167,100042,267,100896,100,99954,167,100933,100,99935,100,100943,100,99912,300,100996,100,99875,100,101085,100,99866,100
2019-06-28 09:52:40.000000000,100717,436,100526,436,100733,100,100481,100,100870,100,100480,100,100896,100,100085,433,100933,100,100042,200,100943,100,99954,100,100996,100,99935,100,101085,100,99912,300,101184,100,99875,100,101186,100,99866,100
2019-06-28 09:52:50.000000000,100717,214,100526,214,100733,211,100481,211,100870,211,100480,211,100896,100,100085,433,100933,100,100042,200,100943,100,99954,100,100996,100,99935,100,101085,100,99912,300,101184,100,99875,100,101186,100,99866,100
2019-06-28 09:53:00.000000000,100717,167,100526,167,100733,167,100481,167,100870,167,100480,167,100896,167,100085,500,100933,167,100042,267,100943,100,99954,100,100996,100,99935,100,101085,100,99912,300,101184,100,99875,100,101186,100,99866,100
2019-06-28 09:53:00.594754140,100717,67,100526,167,100733,167,100481,167,100870,167,100480,167,100896,167,100085,467,100933,167,100042,267,100943,100,99954,100,100996,100,99935,100,101085,100,99912,300,101184,100,99875,100,101186,100,99866,100
2019-06-28 09:53:06.238723805,100717,67,100526,167,100733,167,100481,167,100870,167,100480,167,100896,167,100085,467,100933,67,100042,267,100943,100,99954,100,100996,100,99935,100,101085,100,99912,300,101184,100,99875,100,101186,100,99866,100
2019-06-28 09:53:10.000000000,100733,436,100526,436,100870,100,100481,100,100896,100,100480,100,100943,100,100085,400,100996,100,100042,200,101085,100,99954,100,101184,100,99935,100,101186,100,99912,300,101345,100,99875,100,,,99866,100
2019-06-28 09:53:13.893004971,100733,436,100526,436,100870,100,100481,100,100896,100,100480,100,100943,100,100085,400,100996,100,100042,200,101085,100,99954,100,101184,100,99935,100,101186,100,99912,200,101345,100,99875,100,,,99866,100
2019-06-28 09:53:17.480808488,100733,336,100526,436,100870,100,100481,100,100896,100,100480,100,100943,100,100085,400,100996,100,100042,200,101085,100,99954,100,101184,100,99935,100,101186,100,99912,200,101345,100,99875,100,,,99866,100
2019-06-28 09:53:20.000000000,100870,268,100526,268,100896,268,100481,268,100943,100,100480,100,100996,100,100085,400,101085,100,100042,200,101184,100,99954,100,101186,100,99935,100,101345,100,99912,200,,,99875,100,,,99866,100
2019-06-28 09:53:30.000000000,100870,268,100526,268,100896,268,100481,268,100943,100,100480,100,100996,100,100085,400,101085,100,100042,200,101184,100,99954,100,101186,100,99935,100,101345,100,99912,200,,,99875,100,,,99866,100
2019-06-28 09:53:40.000000000,100870,268,100526,268,100896,268,100481,268,100943,100,100480,100,100996,100,100085,400,101085,100,100042,200,101184,100,99954,100,101186,100,99935,100,101345,100,99912,200,,,99875,100,,,99866,100
2019-06-28 09:53:50.000000000,100870,167,100526,167,100896,167,100481,167,100943,167,100480,167,100996,167,100085,467,101085,167,100042,267,101184,100,99954,100,101186,100,99935,100,101345,100,99912,200,,,99875,100,,,99866,100
2019-06-28 09:54:00.000000000,100870,436,100526,436,100896,100,100481,100,100943,100,100480,100,100996,100,100085,400,101085,100,100042,200,101184,100,99954,100,101186,100,99935,100,101345,100,99912,200,,,99875,100,,,99866,100
2019-06-28 09:54:10.000000000,100870,167,100526,167,100896,167,100481,167,100943,167,100480,167,100996,167,100085,467,101085,167,100042,267,101184,100,99954,100,101186,100,99935,100,101345,100,99912,200,,,99875,100,,,99866,100
2019-06-28 09:54:10.068881834,100870,167,100526,167,100896,167,100481,167,100943,167,100480,167,100982,100,100085,467,100996,167,100042,267,101085,167,99954,100,101184,100,99935,100,101186,100,99912,200,101345,100,99875,100,,,99866,100
2019-06-28 09:54:10.921012659,100840,100,100526,167,100870,167,100481,167,100896,167,100480,167,100943,167,100085,467,100982,100,100042,267,100996,167,99954,100,101085,167,99935,100,101184,100,99912,200,101186,100,99875,100,101345,100,99866,100
2019-06-28 09:54:12.792277335,100773,100,100526,167,100840,100,100481,167,100870,167,100480,167,100896,167,100085,467,100943,167,100042,267,100982,100,99954,100,100996,167,99935,100,101085,167,99912,200,101184,100,99875,100,101186,100,99866,100
2019-06-28 09:54:20.000000000,100773,214,100526,214,100840,211,100481,211,100870,211,100480,211,100896,100,100085,400,100943,100,100042,200,100982,100,99954,100,100996,100,99935,100,101085,100,99912,200,101184,100,99875,100,101186,100,99866,100
2019-06-28 09:54:28.452685382,100773,214,100717,100,100840,211,100526,214,100870,211,100481,211,100896,100,100480,211,100943,100,100085,400,100982,100,100042,200,100996,100,99954,100,101085,100,99935,100,101184,100,99912,200,101186,100,99875,100
2019-06-28 09:54:30.000000000,100773,214,100717,214,100840,211,100526,211,100870,211,100481,211,100896,100,100480,100,100943,100,100085,400,100982,100,100042,200,100996,100,99954,100,101085,100,99935,100,101184,100,99912,200,101186,100,99875,100
2019-06-28 09:54:34.813065922,100773,214,100717,214,100822,100,100526,211,100840,211,100481,211,100870,211,100480,100,100896,100,100085,400,100943,100,100042,200,100982,100,99954,100,100996,100,99935,100,101085,100,99912,200,101186,100,99875,100
2019-06-28 09:54:36.609897289,100773,214,100717,214,100822,100,100526,211,100840,211,100481,211,100870,211,100480,100,100896,100,100085,400,100924,100,100042,200,100943,100,99954,100,100982,100,99935,100,100996,100,99912,200,101085,100,99875,100
2019-06-28 09:54:40.000000000,100773,167,100717,167,100822,167,100526,167,100840,167,100481,167,100870,167,100480,167,100896,167,100085,467,100924,100,100042,200,100943,100,99954,100,100982,100,99935,100,100996,100,99912,200,101085,100,99875,100
2019-06-28 09:54:43.089139588,100773,167,100717,67,100822,167,100526,167,100840,167,100481,167,100870,167,100480,167,100896,167,100085,467,100924,100,100042,200,100943,100,99935,100,100982,100,99912,200,100996,100,99875,100,101085,100,99866,100
2019-06-28 09:54:50.000000000,100773,214,100526,214,100822,211,100481,211,100840,211,100480,211,100870,100,100085,400,100896,100,100042,200,100924,100,99935,100,100943,100,99912,200,100982,100,99875,100,100996,100,99866,100,101085,100,99864,100
2019-06-28 09:54:56.850056659,100732,100,100526,214,100773,214,100481,211,100822,211,100480,211,100840,211,100085,400,100870,100,100042,200,100896,100,99935,100,100924,100,99912,200,100943,100,99875,100,100982,100,99866,100,100996,100,99864,100
2019-06-28 09:55:00.000000000,100732,214,100526,214,100773,211,100481,211,100822,211,100480,211,100840,100,100085,400,100870,100,100042,200,100896,100,99935,100,100924,100,99912,200,100943,100,99875,100,100982,100,99866,100,100996,100,99864,100
2019-06-28 09:55:10.000000000,100732,436,100526,436,100773,100,100481,100,100822,100,100480,100,100840,100,100085,400,100870,100,100042,200,100896,100,99935,100,100924,100,99912,200,100943,100,99875,100,100982,100,99866,100,100996,100,99864,100
2019-06-28 09:55:20.000000000,100732,184,100526,184,100773,184,100481,184,100822,184,100480,184,100840,184,100085,484,100870,100,100042,200,100896,100,99935,100,100924,100,99912,200,100943,100,99875,100,100982,100,99866,100,100996,100,99864,100
2019-06-28 09:55:30.000000000,100732,184,100526,184,100773,184,100481,184,100822,184,100480,184,100840,184,100085,484,100870,100,100042,200,100896,100,99935,100,100924,100,99912,200,100943,100,99875,100,100982,100,99866,100,100996,100,99864,100
2019-06-28 09:55:35.789312155,100732,184,100526,184,100757,100,100481,184,100773,184,100480,184,100822,184,100085,484,100840,184,100042,200,100870,100,99935,100,100896,100,99912,200,100924,100,99875,100,100943,100,99866,100,100982,100,99864,100
2019-06-28 09:55:40.000000000,100732,214,100526,214,100757,211,100481,211,100773,211,100480,211,100822,100,100085,400,100840,100,100042,200,100870,100,99935,100,100896,100,99912,200,100924,100,99875,100,100943,100,99866,100,100982,100,99864,100
2019-06-28 09:55:47.618484670,100732,214,100526,214,100757,211,100492,100,100773,211,100481,211,100822,100,100480,211,100840,100,100085,400,100870,100,100042,200,100896,100,99935,100,100924,100,99912,200,100943,100,99875,100,100982,100,99866,100
2019-06-28 09:55:50.000000000,100732,184,100526,184,100757,184,100492,184,100773,184,100481,184,100822,184,100480,184,100840,100,100085,400,100870,100,100042,200,100896,100,99935,100,100924,100,99912,200,100943,100,99875,100,100982,100,99866,100
2019-06-28 09:55:50.364473338,100640,100,100526,184,100732,184,100492,184,100757,184,100481,184,100773,184,100480,184,100822,184,100085,400,100840,100,100042,200,100870,100,99935,100,100896,100,99912,200,100924,100,99875,100,100943,100,99866,100
2019-06-28 09:55:52.323495122,100640,100,100590,100,100732,184,100526,184,100757,184,100492,184,100773,184,100481,184,100822,184,100480,184,100840,100,100085,400,100870,100,100042,200,100896,100,99935,100,100924,100,99912,200,100943,100,99875,100
2019-06-28 09:55:58.323217841,100640,100,100590,100,100732,284,100526,184,100757,184,100492,184,100773,184,100481,184,100822,184,100480,184,100840,100,100085,300,100870,100,100042,200,100896,100,99935,100,100924,100,99912,200,100943,100,99875,100
2019-06-28 09:56:00.000000000,100640,167,100590,167,100732,267,100526,167,100757,167,100492,167,100773,167,100481,167,100822,167,100480,167,100840,100,100085,300,100870,100,100042,200,100896,100,99935,100,100924,100,99912,200,100943,100,99875,100
2019-06-28 09:56:10.000000000,100640,167,100590,167,100732,267,100526,167,100757,167,100492,167,100773,167,100481,167,100822,167,100480,167,100840,100,100085,300,100870,100,100042,200,100896,100,99935,100,100924,100,99912,200,100943,100,99875,100
2019-06-28 09:56:18.448737874,100640,167,100590,167,100732,367,100526,167,100757,167,100492,167,100773,167,100481,167,100822,167,100480,167,100840,100,100085,300,100870,100,100042,200,100896,100,99935,100,100924,100,99912,200,100943,100,99875,100
2019-06-28 09:56:20.000000000,100640,184,100590,184,100732,384,100526,184,100757,184,100492,184,100773,184,100481,184,100822,100,100480,100,100840,100,100085,300,100870,100,100042,200,100896,100,99935,100,100924,100,99912,200,100943,100,99875,100
2019-06-28 09:56:20.057626231,100640,184,100590,184,100715,100,100526,184,100732,384,100492,184,100757,184,100481,184,100773,184,100480,100,100822,100,100085,300,100840,100,100042,200,100870,100,99935,100,100896,100,99912,200,100924,100,99875,100
2019-06-28 09:56:22.543112485,100640,184,100590,84,100715,100,100526,184,100732,384,100492,184,100757,184,100481,184,100773,184,100480,100,100822,100,100085,300,100840,100,100042,200,100870,100,99935,100,100896,100,99912,200,100924,100,99875,100
2019-06-28 09:56:30.000000000,100640,214,100526,214,100715,211,100492,211,100732,411,100481,211,100757,100,100480,100,100773,100,100085,300,100822,100,100042,200,100840,100,99935,100,100870,100,99912,200,100896,100,99875,100,100924,100,99866,100
2019-06-28 09:56:39.263801559,100640,214,100526,214,100715,211,100492,211,100732,411,100481,211,100757,100,100480,100,100773,100,100390,100,100822,100,100085,300,100840,100,100042,200,100870,100,99935,100,100896,100,99912,200,100924,100,99875,100
2019-06-28 09:56:40.000000000,100640,436,100526,436,100715,100,100492,100,100732,300,100481,100,100757,100,100480,100,100773,100,100390,100,100822,100,100085,300,100840,100,100042,200,100870,100,99935,100,100896,100,99912,200,100924,100,99875,100
2019-06-28 09:56:50.000000000,100640,167,100526,167,100715,167,100492,167,100732,367,100481,167,100757,167,100480,167,100773,167,100390,167,100822,100,100085,300,100840,100,100042,200,100870,100,99935,100,100896,100,99912,200,100924,100,99875,100
2019-06-28 09:57:00.000000000,100640,184,100526,184,100715,184,100492,184,100732,384,100481,184,100757,184,100480,184,100773,100,100390,100,100822,100,100085,300,100840,100,100042,200,100870,100,99935,100,100896,100,99912,200,100924,100,99875,100
2019-06-28 09:57:05.647925754,100640,184,100526,184,100675,100,100492,184,100715,184,100481,184,100732,384,100480,184,100757,184,100390,100,100773,100,100085,300,100822,100,100042,200,100840,100,99935,100,100870,100,99912,200,100896,100,99875,100
2019-06-28 09:57:10.000000000,100640,268,100526,268,100675,268,100492,268,100715,100,100481,100,100732,300,100480,100,100757,100,100390,100,100773,100,100085,300,100822,100,100042,200,100840,100,99935,100,100870,100,99912,200,100896,100,99875,100
2019-06-28 09:57:20.000000000,100640,268,100526,268,100675,268,100492,268,100715,100,100481,100,100732,300,100480,100,100757,100,100390,100,100773,100,100085,300,100822,100,100042,200,100840,100,99935,100,100870,100,99912,200,100896,100,99875,100
2019-06-28 09:57:20.030402099,100640,268,100591,100,100675,268,100526,268,100715,100,100492,268,100732,300,100481,100,100757,100,100480,100,100773,100,100390,100,100822,100,100085,200,100840,100,100042,200,100870,100,99935,100,100896,100,99912,200
2019-06-28 09:57:23.179730770,100640,268,100591,100,100650,100,100526,268,100675,268,100492,268,100715,100,100481,100,100732,300,100480,100,100757,100,100085,200,100773,100,100042,200,100822,100,99935,100,100840,100,99912,200,100870,100,99875,100
2019-06-28 09:57:28.921531833,100640,268,100591,100,100650,100,100526,268,100675,268,100492,268,100715,100,100481,100,100732,300,100480,100,100757,100,100085,200,100773,100,100042,200,100822,100,99935,100,100829,100,99912,200,100840,100,99875,100
2019-06-28 09:57:30.000000000,100640,268,100591,268,100650,268,100526,268,100675,100,100492,100,100715,100,100481,100,100732,300,100480,100,100757,100,100085,200,100773,100,100042,200,100822,100,99935,100,100829,100,99912,200,100840,100,99875,100
2019-06-28 09:57:36.196339842,100640,168,100591,268,100650,168,100526,268,100675,100,100492,100,100715,100,100481,100,100732,300,100480,100,100757,100,100085,200,100773,100,100042,200,100822,100,99935,100,100829,100,99912,200,100840,100,99875,100
2019-06-28 09:57:40.000000000,100675,167,100591,167,100715,167,100526,167,100732,367,100492,167,100757,167,100481,167,100773,167,100480,167,100822,100,100085,200,100829,100,100042,200,100840,100,99935,100,100870,100,99912,200,100896,100,99875,100
2019-06-28 09:57:50.000000000,100675,167,100591,167,100715,167,100526,167,100732,367,100492,167,100757,167,100481,167,100773,167,100480,167,100822,100,100085,200,100829,100,100042,200,100840,100,99935,100,100870,100,99912,200,100896,100,99875,100
2019-06-28 09:57:52.799331444,100675,67,100591,167,100715,167,100526,167,100732,367,100492,167,100757,167,100481,167,100773,167,100480,167,100822,100,100085,200,100829,100,100042,200,100840,100,99935,100,100870,100,99912,200,100896,100,99875,100
2019-06-28 09:58:00.000000000,100715,268,100591,268,100732,468,100526,268,100757,100,100492,100,100773,100,100481,100,100822,100,100480,100,100829,100,100085,200,100840,100,100042,200,100870,100,99935,100,100896,100,99912,200,100924,100,99875,100
2019-06-28 09:58:08.591691483,100715,268,100591,268,100732,468,100526,268,100757,100,100492,100,100773,100,100481,100,100822,100,100480,100,100829,100,100245,100,100840,100,100085,200,100870,100,100042,200,100896,100,99935,100,100924,100,99912,200
2019-06-28 09:58:10.000000000,100715,436,100591,436,100732,300,100526,100,100757,100,100492,100,100773,100,100481,100,100822,100,100480,100,100829,100,100245,100,100840,100,100085,200,100870,100,100042,200,100896,100,99935,100,100924,100,99912,200
2019-06-28 09:58:13.192611012,100715,436,100591,436,100732,300,100526,100,100757,100,100492,100,100764,100,100481,100,100773,100,100480,100,100822,100,100245,100,100829,100,100085,200,100840,100,100042,200,100870,100,99935,100,100896,100,99912,200
2019-06-28 09:58:16.219674818,100715,336,100591,436,100732,300,100537,100,100757,100,100526,100,100764,100,100492,100,100773,100,100481,100,100822,100,100480,100,100829,100,100245,100,100840,100,100085,200,100870,100,100042,200,100896,100,99935,100
2019-06-28 09:58:20.000000000,100732,367,100591,167,100757,167,100537,167,100764,167,100526,167,100773,167,100492,167,100822,167,100481,167,100829,100,100480,100,100840,100,100245,100,100870,100,100085,200,100896,100,100042,200,100924,100,99935,100
2019-06-28 09:58:30.000000000,100732,367,100591,167,100757,167,100537,167,100764,167,100526,167,100773,167,100492,167,100822,167,100481,167,100829,100,100480,100,100840,100,100245,100,100870,100,100085,200,100896,100,100042,200,100924,100,99935,100
2019-06-28 09:58:40.000000000,100732,414,100591,214,100757,211,100537,211,100764,211,100526,211,100773,100,100492,100,100822,100,100481,100,100829,100,100480,100,100840,100,100245,100,100870,100,100085,200,100896,100,100042,200,100924,100,99935,100
2019-06-28 09:58:50.000000000,100732,636,100591,436,100757,100,100537,100,100764,100,100526,100,100773,100,100492,100,100822,100,100481,100,100829,100,100480,100,100840,100,100245,100,100870,100,100085,200,100896,100,100042,200,100924,100,99935,100
2019-06-28 09:59:00.000000000,100732,414,100591,214,100757,211,100537,211,100764,211,100526,211,100773,100,100492,100,100822,100,100481,100,100829,100,100480,100,100840,100,100245,100,100870,100,100085,200,100896,100,100042,200,100924,100,99935,100
2019-06-28 09:59:10.000000000,100732,384,100591,184,100757,184,100537,184,100764,184,100526,184,100773,184,100492,184,100822,100,100481,100,100829,100,100480,100,100840,100,100245,100,100870,100,100085,200,100896,100,100042,200,100924,100,99935,100
2019-06-28 09:59:11.206975172,100639,100,100591,184,100732,384,100537,184,100757,184,100526,184,100764,184,100492,184,100773,184,100481,100,100822,100,100480,100,100829,100,100245,100,100840,100,100085,200,100870,100,100042,200,100896,100,99935,100
2019-06-28 09:59:20.000000000,100639,184,100591,184,100732,384,100537,184,100757,184,100526,184,100764,184,100492,184,100773,100,100481,100,100822,100,100480,100,100829,100,100245,100,100840,100,100085,200,100870,100,100042,200,100896,100,99935,100
2019-06-28 09:59:23.040284369,100639,184,100591,84,100732,384,100537,184,100757,184,100526,184,100764,184,100492,184,100773,100,100481,100,100822,100,100480,100,100829,100,100245,100,100840,100,100085,200,100870,100,100042,200,100896,100,99935,100
2019-06-28 09:59:30.000000000,100639,167,100537,167,100732,367,100526,167,100757,167,100492,167,100764,167,100481,167,100773,167,100480,167,100822,100,100245,100,100829,100,100085,200,100840,100,100042,200,100870,100,99935,100,100896,100,99912,200
2019-06-28 09:59:37.017456705,100639,167,100537,67,100732,367,100526,167,100757,167,100492,167,100764,167,100481,167,100773,167,100480,167,100822,100,100245,100,100829,100,100085,200,100840,100,100042,200,100870,100,99935,100,100896,100,99912,200
2019-06-28 09:59:40.000000000,100639,436,100526,436,100732,300,100492,100,100757,100,100481,100,100764,100,100480,100,100773,100,100245,100,100822,100,100085,200,100829,100,100042,200,100840,100,99935,100,100870,100,99912,200,100896,100,99875,100
2019-06-28 09:59:50.000000000,100639,184,100526,184,100732,384,100492,184,100757,184,100481,184,100764,184,100480,184,100773,100,100245,100,100822,100,100085,200,100829,100,100042,200,100840,100,99935,100,100870,100,99912,200,100896,100,99875,100
2019-06-28 10:00:00.000000000,100639,436,100526,436,100732,300,100492,100,100757,100,100481,100,100764,100,100480,100,100773,100,100245,100,100822,100,100085,200,100829,100,100042,200,100840,100,99935,100,100870,100,99912,200,100896,100,99875,100
2019-06-28 10:00:10.000000000,100639,436,100526,436,100732,300,100492,100,100757,100,100481,100,100764,100,100480,100,100773,100,100245,100,100822,100,100085,200,100829,100,100042,200,100840,100,99935,100,100870,100,99912,200,100896,100,99875,100
2019-06-28 10:00:20.000000000,100639,436,100526,436,100732,300,100492,100,100757,100,100481,100,100764,100,100480,100,100773,100,100245,100,100822,100,100085,200,100829,100,100042,200,100840,100,99935,100,100870,100,99912,200,100896,100,99875,100
2019-06-28 10:00:23.748380009,100639,436,100526,436,100732,300,100492,100,100757,100,100481,100,100764,100,100480,100,100773,100,100245,100,100822,100,100085,200,100829,100,100042,200,100840,100,99935,100,100870,100,99912,100,100896,100,99875,100
2019-06-28 10:00:30.000000000,100639,268,100526,268,100732,468,100492,268,100757,100,100481,100,100764,100,100480,100,100773,100,100245,100,100822,100,100085,200,100829,100,100042,200,100840,100,99935,100,100870,100,99912,100,100896,100,99875,100
2019-06-28 10:00:32.730963291,100639,268,100592,100,100732,468,100526,268,100757,100,100492,268,100764,100,100481,100,100773,100,100480,100,100822,100,100245,100,100829,100,100085,200,100840,100,100042,200,100870,100,99935,100,100896,100,99875,100
2019-06-28 10:00:38.258543402,100639,168,100592,100,100732,468,100526,268,100757,100,100492,268,100764,100,100481,100,100773,100,100480,100,100822,100,100245,100,100829,100,100085,200,100840,100,100042,200,100870,100,99935,100,100896,100,99875,100
2019-06-28 10:00:38.477939889,100639,168,100592,100,100732,468,100526,268,100757,100,100492,268,100764,100,100481,100,100773,100,100480,100,100822,100,100245,100,100829,100,100085,200,100840,100,100042,200,100870,100,99935,100,100896,100,99875,100
2019-06-28 10:00:40.000000000,100732,636,100592,436,100757,100,100526,100,100764,100,100492,100,100773,100,100481,100,100822,100,100480,100,100829,100,100245,100,100840,100,100085,200,100870,100,100042,200,100896,100,99935,100,100924,100,99875,100
2019-06-28 10:00:42.131292894,100715,100,100592,436,100732,636,100526,100,100757,100,100492,100,100764,100,100481,100,100773,100,100480,100,100822,100,100245,100,100829,100,100085,200,100840,100,100042,200,100870,100,99935,100,100896,100,99875,100
2019-06-28 10:00:50.000000000,100715,167,100592,167,100732,367,100526,167,100757,167,100492,167,100764,167,100481,167,100773,167,100480,167,100822,100,100245,100,100829,100,100085,200,100840,100,100042,200,100870,100,99935,100,100896,100,99875,100
2019-06-28 10:00:52.147849365,100715,167,100592,167,100732,267,100526,167,100757,167,100492,167,100764,167,100481,167,100773,167,100480,167,100822,100,100245,100,100829,100,100085,200,100840,100,100042,200,100870,100,99935,100,100896,100,99875,100
2019-06-28 10:01:00.000000000,100715,184,100592,184,100732,284,100526,184,100757,184,100492,184,100764,184,100481,184,100773,100,100480,100,100822,100,100245,100,100829,100,100085,200,100840,100,100042,200,100870,100,99935,100,100896,100,99875,100
2019-06-28 10:01:03.972278458,100715,184,100593,100,100732,284,100592,184,100757,184,100526,184,100764,184,100492,184,100773,100,100481,184,100822,100,100480,100,100829,100,100245,100,100840,100,100085,100,100870,100,100042,200,100896,100,99935,100
2019-06-28 10:01:10.000000000,100715,214,100593,214,100732,311,100592,211,100757,211,100526,211,100764,100,100492,100,100773,100,100481,100,100822,100,100480,100,100829,100,100245,100,100840,100,100085,100,100870,100,100042,200,100896,100,99935,100
2019-06-28 10:01:17.742952850,100715,114,100593,214,100732,311,100592,211,100757,211,100526,211,100764,100,100492,100,100773,100,100481,100,100822,100,100480,100,100829,100,100245,100,100840,100,100085,100,100896,100,100042,200,100924,100,99935,100
2019-06-28 10:01:20.000000000,100732,284,100593,184,100757,184,100592,184,100764,184,100526,184,100773,184,100492,184,100822,100,100481,100,100829,100,100480,100,100840,100,100245,100,100896,100,100085,100,100924,100,100042,200,100943,100,99935,100
2019-06-28 10:01:30.000000000,100732,314,100593,214,100757,211,100592,211,100764,211,100526,211,100773,100,100492,100,100822,100,100481,100,100829,100,100480,100,100840,100,100245,100,100896,100,100085,100,100924,100,100042,200,100943,100,99935,100
2019-06-28 10:01:40.000000000,100732,536,100593,436,100757,100,100592,100,100764,100,100526,100,100773,100,100492,100,100822,100,100481,100,100829,100,100480,100,100840,100,100245,100,100896,100,100085,100,100924,100,100042,200,100943,100,99935,100
2019-06-28 10:01:50.000000000,100732,284,100593,184,100757,184,100592,184,100764,184,100526,184,100773,184,100492,184,100822,100,100481,100,100829,100,100480,100,100840,100,100245,100,100896,100,100085,100,100924,100,100042,200,100943,100,99935,100
2019-06-28 10:02:00.000000000,100732,267,100593,167,100757,167,100592,167,100764,167,100526,167,100773,167,100492,167,100822,167,100481,167,100829,100,100480,100,100840,100,100245,100,100896,100,100085,100,100924,100,100042,200,100943,100,99935,100
2019-06-28 10:02:10.000000000,100732,267,100593,167,100757,167,100592,167,100764,167,100526,167,100773,167,100492,167,100822,167,100481,167,100829,100,100480,100,100840,100,100245,100,100896,100,100085,100,100924,100,100042,200,100943,100,99935,100
2019-06-28 10:02:20.000000000,100732,368,100593,268,100757,268,100592,268,100764,100,100526,100,100773,100,100492,100,100822,100,100481,100,100829,100,100480,100,100840,100,100245,100,100896,100,100085,100,100924,100,100042,200,100943,100,99935,100
2019-06-28 10:02:30.000000000,100732,284,100593,184,100757,184,100592,184,100764,184,100526,184,100773,184,100492,184,100822,100,100481,100,100829,100,100480,100,100840,100,100245,100,100896,100,100085,100,100924,100,100042,200,100943,100,99935,100
2019-06-28 10:02:38.332648924,100732,284,100593,184,100757,184,100592,184,100764,184,100526,184,100773,184,100492,184,100822,100,100481,100,100829,100,100480,100,100840,100,100245,100,100896,100,100085,100,100924,100,100042,200,100943,100,99935,100
2019-06-28 10:02:40.000000000,100732,267,100593,167,100757,167,100592,167,100764,167,100526,167,100773,167,100492,167,100822,167,100481,167,100829,100,100480,100,100840,100,100245,100,100896,100,100085,100,100924,100,100042,200,100943,100,99935,100
2019-06-28 10:02:47.947492083,100732,167,100593,167,100757,167,100592,167,100764,167,100526,167,100773,167,100492,167,100822,167,100481,167,100829,100,100480,100,100840,100,100245,100,100896,100,100085,100,100924,100,100042,200,100943,100,99935,100
2019-06-28 10:02:50.000000000,100732,214,100593,214,100757,211,100592,211,100764,211,100526,211,100773,100,100492,100,100822,100,100481,100,100829,100,100480,100,100840,100,100245,100,100896,100,100085,100,100924,100,100042,200,100943,100,99935,100
2019-06-28 10:03:00.000000000,100732,268,100593,268,100757,268,100592,268,100764,100,100526,100,100773,100,100492,100,100822,100,100481,100,100829,100,100480,100,100840,100,100245,100,100896,100,100085,100,100924,100,100042,200,100943,100,99935,100
2019-06-28 10:03:01.921052445,100732,268,100715,100,100757,268,100593,268,100764,100,100592,268,100773,100,100526,100,100822,100,100492,100,100829,100,100481,100,100840,100,100480,100,100896,100,100245,100,100924,100,100085,100,100943,100,100042,200
2019-06-28 10:03:07.761077842,100732,168,100715,100,100757,268,100593,268,100764,100,100592,268,100773,100,100526,100,100822,100,100492,100,100829,100,100481,100,100840,100,100480,100,100924,100,100245,100,100943,100,100085,100,100982,100,100042,200
2019-06-28 10:03:10.000000000,100757,436,100715,436,100764,100,100593,100,100773,100,100592,100,100822,100,100526,100,100829,100,100492,100,100840,100,100481,100,100924,100,100480,100,100943,100,100245,100,100982,100,100085,100,100986,100,100042,200
2019-06-28 10:03:20.000000000,100757,436,100715,436,100764,100,100593,100,100773,100,100592,100,100822,100,100526,100,100829,100,100492,100,100840,100,100481,100,100924,100,100480,100,100943,100,100245,100,100982,100,100085,100,100986,100,100042,200
2019-06-28 10:03:30.000000000,100757,268,100715,268,100764,268,100593,268,100773,100,100592,100,100822,100,100526,100,100829,100,100492,100,100840,100,100481,100,100924,100,100480,100,100943,100,100245,100,100982,100,100085,100,100986,100,100042,200
2019-06-28 10:03:30.443603527,100757,168,100715,268,100764,268,100593,268,100773,100,100592,100,100822,100,100526,100,100829,100,100492,100,100840,100,100481,100,100924,100,100480,100,100943,100,100245,100,100982,100,100085,100,100986,100,100042,200
2019-06-28 10:03:40.000000000,100764,436,100715,436,100773,100,100593,100,100822,100,100592,100,100829,100,100526,100,100840,100,100492,100,100924,100,100481,100,100943,100,100480,100,100982,100,100245,100,100986,100,100085,100,101085,100,100042,200
2019-06-28 10:03:49.083166735,100764,236,100715,436,100773,100,100593,100,100822,100,100592,100,100829,100,100526,100,100840,100,100492,100,100924,100,100481,100,100943,100,100480,100,100982,100,100245,100,100986,100,100085,100,101085,100,100042,200
2019-06-28 10:03:50.000000000,100773,167,100715,167,100822,167,100593,167,100829,167,100592,167,100840,167,100526,167,100924,167,100492,167,100943,100,100481,100,100982,100,100480,100,100986,100,100245,100,101085,100,100085,100,101186,100,100042,200
2019-06-28 10:04:00.000000000,100773,268,100715,268,100822,268,100593,268,100829,100,100592,100,100840,100,100526,100,100924,100,100492,100,100943,100,100481,100,100982,100,100480,100,100986,100,100245,100,101085,100,100085,100,101186,100,100042,200
2019-06-28 10:04:10.000000000,100773,184,100715,184,100822,184,100593,184,100829,184,100592,184,100840,184,100526,184,100924,100,100492,100,100943,100,100481,100,100982,100,100480,100,100986,100,100245,100,101085,100,100085,100,101186,100,100042,200
2019-06-28 10:04:20.000000000,100773,167,100715,167,100822,167,100593,167,100829,167,100592,167,100840,167,100526,167,100924,167,100492,167,100943,100,100481,100,100982,100,100480,100,100986,100,100245,100,101085,100,100085,100,101186,100,100042,200
2019-06-28 10:04:24.925702063,100773,67,100715,167,100822,167,100593,167,100829,167,100592,167,100840,167,100526,167,100924,167,100492,167,100943,100,100481,100,100982,100,100480,100,100986,100,100245,100,101085,100,100085,100,101186,100,100042,200
2019-06-28 10:04:30.000000000,100822,214,100715,214,100829,211,100593,211,100840,211,100592,211,100924,100,100526,100,100943,100,100492,100,100982,100,100481,100,100986,100,100480,100,101085,100,100245,100,101186,100,100085,100,102229,100,100042,200
2019-06-28 10:04:40.000000000,100822,167,100715,167,100829,167,100593,167,100840,167,100592,167,100924,167,100526,167,100943,167,100492,167,100982,100,100481,100,100986,100,100480,100,101085,100,100245,100,101186,100,100085,100,102229,100,100042,200
2019-06-28 10:04:50.000000000,100822,167,100715,167,100829,167,100593,167,100840,167,100592,167,100924,167,100526,167,100943,167,100492,167,100982,100,100481,100,100986,100,100480,100,101085,100,100245,100,101186,100,100085,100,102229,100,100042,200
2019-06-28 10:04:52.223518571,100822,167,100764,100,100829,167,100715,167,100840,167,100593,167,100924,167,100592,167,100943,167,100526,167,100982,100,100492,167,100986,100,100480,100,101085,100,100245,100,101186,100,100085,100,102229,100,100042,200
2019-06-28 10:05:00.000000000,100822,268,100764,268,100829,268,100715,268,100840,100,100593,100,100924,100,100592,100,100943,100,100526,100,100982,100,100492,100,100986,100,100480,100,101085,100,100245,100,101186,100,100085,100,102229,100,100042,200
2019-06-28 10:05:10.000000000,100822,436,100764,436,100829,100,100715,100,100840,100,100593,100,100924,100,100592,100,100943,100,100526,100,100982,100,100492,100,100986,100,100480,100,101085,100,100245,100,101186,100,100085,100,102229,100,100042,200
2019-06-28 10:05:15.902763848,100822,436,100764,536,100829,100,100715,100,100840,100,100593,100,100924,100,100592,100,100943,100,100526,100,100982,100,100492,100,100986,100,100480,100,101085,100,100245,100,101186,100,100085,100,102229,100,100042,200
2019-06-28 10:05:19.847617832,100822,436,100764,636,100829,100,100715,100,100840,100,100593,100,100924,100,100592,100,100943,100,100526,100,100982,100,100492,100,100986,100,100480,100,101085,100,100245,100,101186,100,100085,100,102229,100,100042,200
2019-06-28 10:05:20.000000000,100822,167,100764,367,100829,167,100715,167,100840,167,100593,167,100924,167,100592,167,100943,167,100526,167,100982,100,100492,100,100986,100,100480,100,101085,100,100245,100,101186,100,100085,100,102229,100,100042,200
2019-06-28 10:05:21.897386622,100822,67,100764,367,100829,167,100715,167,100840,167,100593,167,100924,167,100592,167,100943,167,100526,167,100982,100,100492,100,100986,100,100480,100,101085,100,100245,100,101186,100,100085,100,102229,100,100042,200
2019-06-28 10:05:30.000000000,100829,436,100764,636,100840,100,100715,100,100924,100,100593,100,100943,100,100592,100,100982,100,100526,100,100986,100,100492,100,101085,100,100480,100,101186,100,100245,100,102229,100,100085,100,,,100042,200
2019-06-28 10:05:40.000000000,100829,214,100764,414,100840,211,100715,211,100924,211,100593,211,100943,100,100592,100,100982,100,100526,100,100986,100,100492,100,101085,100,100480,100,101186,100,100245,100,102229,100,100085,100,,,100042,200
2019-06-28 10:05:50.000000000,100829,184,100764,384,100840,184,100715,184,100924,184,100593,184,100943,184,100592,184,100982,100,100526,100,100986,100,100492,100,101085,100,100480,100,101186,100,100245,100,102229,100,100085,100,,,100042,200
2019-06-28 10:05:55.307665227,100829,184,100773,100,100840,184,100764,384,100924,184,100715,184,100943,184,100593,184,100982,100,100592,184,100986,100,100526,100,101085,100,100492,100,101186,100,100480,100,102229,100,100245,100,,,100085,100
2019-06-28 10:05:56.381800942,100829,184,100773,100,100840,184,100764,384,100924,184,100715,184,100943,184,100593,184,100982,100,100592,184,100986,100,100526,100,101085,100,100492,100,101186,100,100480,100,102229,100,100245,100,,,100085,100
2019-06-28 10:06:00.000000000,100829,184,100773,184,100840,184,100764,384,100924,184,100715,184,100943,184,100593,184,100982,100,100592,100,100986,100,100526,100,101085,100,100492,100,101186,100,100480,100,102229,100,100245,100,,,100085,100
2019-06-28 10:06:10.000000000,100829,184,100773,184,100840,184,100764,384,100924,184,100715,184,100943,184,100593,184,100982,100,100592,100,100986,100,100526,100,101085,100,100492,100,101186,100,100480,100,102229,100,100245,100,,,100085,100
2019-06-28 10:06:17.342698678,100829,184,100773,184,100840,184,100764,384,100924,184,100715,184,100943,184,100593,184,100982,100,100592,100,100986,100,100526,100,101085,100,100492,100,101186,100,100480,100,101733,100,100245,100,102229,100,100085,100
2019-06-28 10:06:20.000000000,100829,167,100773,167,100840,167,100764,367,100924,167,100715,167,100943,167,100593,167,100982,167,100592,167,100986,100,100526,100,101085,100,100492,100,101186,100,100480,100,101733,100,100245,100,102229,100,100085,100
2019-06-28 10:06:30.000000000,100829,436,100773,436,100840,100,100764,300,100924,100,100715,100,100943,100,100593,100,100982,100,100592,100,100986,100,100526,100,101085,100,100492,100,101186,100,100480,100,101733,100,100245,100,102229,100,100085,100
2019-06-28 10:06:34.099037469,100829,436,100773,536,100840,100,100764,300,100924,100,100715,100,100943,100,100593,100,100982,100,100592,100,100986,100,100526,100,101085,100,100492,100,101186,100,100480,100,101733,100,100245,100,102229,100,100085,100
2019-06-28 10:06:40.000000000,100829,268,100773,368,100840,268,100764,468,100924,100,100715,100,100943,100,100593,100,100982,100,100592,100,100986,100,100526,100,101085,100,100492,100,101186,100,100480,100,101733,100,100245,100,102229,100,100085,100
2019-06-28 10:06:42.603824709,100829,268,100773,368,100840,268,100764,468,100924,100,100715,100,100943,100,100593,100,100982,100,100592,100,100986,100,100526,100,101085,100,100492,100,101186,100,100480,100,101573,100,100245,100,101733,100,100085,100
