,ask_price_1,ask_size_1,bid_price_1,bid_size_1,ask_price_2,ask_size_2,bid_price_2,bid_size_2,ask_price_3,ask_size_3,bid_price_3,bid_size_3,ask_price_4,ask_size_4,bid_price_4,bid_size_4,ask_price_5,ask_size_5,bid_price_5,bid_size_5,ask_price_6,ask_size_6,bid_price_6,bid_size_6,ask_price_7,ask_size_7,bid_price_7,bid_size_7,ask_price_8,ask_size_8,bid_price_8,bid_size_8,ask_price_9,ask_size_9,bid_price_9,bid_size_9,ask_price_10,ask_size_10,bid_price_10,bid_size_10
2019-06-28 09:30:00.000000000,,,99924,100,,,,,,,,,,,,,,,,,,,,,,,,,,,,,,,,,,,,
2019-06-28 09:30:00.000000003,100056,100,99926,100,,,99924,100,,,,,,,,,,,,,,,,,,,,,,,,,,,,,,,,
2019-06-28 09:30:00.000000004,100056,100,99926,100,,,99924,100,,,99922,100,,,,,,,,,,,,,,,,,,,,,,,,,,,,
2019-06-28 09:30:00.000000005,99961,100,99926,100,100056,100,99924,100,,,99922,100,,,,,,,,,,,,,,,,,,,,,,,,,,,,
2019-06-28 09:30:00.000000006,99961,100,99926,100,100056,100,99924,100,,,99922,100,,,99892,100,,,,,,,,,,,,,,,,,,,,,,,,
2019-06-28 09:30:00.000000008,100056,100,99926,100,,,99924,100,,,99922,100,,,99892,100,,,,,,,,,,,,,,,,,,,,,,,,
2019-06-28 09:30:00.000000009,100056,100,99931,100,,,99926,100,,,99924,100,,,99922,100,,,99892,100,,,99879,100,,,,,,,,,,,,,,,,
2019-06-28 09:30:00.000000010,99993,100,99931,100,100056,100,99926,100,,,99924,100,,,99922,100,,,99892,100,,,99879,100,,,,,,,,,,,,,,,,
2019-06-28 09:30:00.000000011,99993,100,99931,100,99996,100,99926,100,100056,100,99924,100,,,99922,100,,,99909,100,,,99892,100,,,99879,100,,,,,,,,,,,,
2019-06-28 09:30:00.000000012,99993,100,99931,100,99996,100,99926,100,100056,100,99924,100,100075,100,99922,100,100092,100,99909,100,,,99892,100,,,99879,100,,,,,,,,,,,,
2019-06-28 09:30:00.000000014,99993,100,99931,100,99996,100,99926,100,100056,100,99924,100,100075,100,99922,100,100092,100,99909,100,,,99892,100,,,99879,100,,,,,,,,,,,,
2019-06-28 09:30:00.000000015,99993,100,99961,100,99996,100,99931,100,100056,100,99926,100,100075,100,99924,100,100092,100,99922,100,,,99909,100,,,99892,100,,,99879,100,,,,,,,,
2019-06-28 09:30:00.000000016,99980,100,99961,100,99993,100,99931,100,99996,100,99926,100,100056,100,99924,100,100064,100,99922,100,100075,100,99909,100,100092,100,99892,100,,,99879,100,,,,,,,,
2019-06-28 09:30:00.000000020,99993,100,99961,100,99996,100,99931,100,100056,100,99926,100,100064,100,99924,100,100075,100,99922,100,100092,100,99909,100,,,99892,100,,,99879,100,,,,,,,,
2019-06-28 09:30:00.000000021,99993,100,99961,100,99996,100,99931,100,100056,100,99926,100,100064,100,99924,100,100075,100,99922,100,100092,100,99909,100,100149,100,99892,100,,,99879,100,,,,,,,,
2019-06-28 09:30:00.000000023,99993,100,99961,100,99996,100,99931,100,100024,100,99926,100,100056,100,99924,100,100064,100,99922,100,100075,100,99909,100,100092,100,99892,100,100149,100,99879,100,,,,,,,,
2019-06-28 09:30:00.000000025,99996,100,99961,100,100024,100,99931,100,100056,100,99926,100,100064,100,99924,100,100075,100,99922,100,100092,100,99909,100,100149,100,99892,100,,,99879,100,,,,,,,,
2019-06-28 09:30:00.000000027,99996,100,99961,100,100024,100,99931,100,100056,100,99926,100,100064,100,99924,100,100074,100,99922,100,100075,100,99909,100,100092,100,99892,100,100149,100,99879,100,100166,100,,,,,,
2019-06-28 09:30:00.000000029,100024,100,99961,100,100056,100,99931,100,100064,100,99926,100,100074,100,99924,100,100075,100,99922,100,100092,100,99909,100,100149,100,99892,100,100166,100,99879,100,,,,,,,,
2019-06-28 09:30:00.000000035,100024,100,99961,100,100056,100,99937,100,100064,100,99931,100,100074,100,99926,100,100075,100,99924,100,100092,100,99922,100,100149,100,99909,100,100166,100,99892,100,,,99879,100,,,,
2019-06-28 09:30:00.000000036,100024,100,99961,100,100056,100,99937,100,100064,100,99931,100,100074,100,99926,100,100075,100,99924,100,100092,100,99922,100,100149,100,99911,100,100166,100,99909,100,,,99892,100,,,99879,100
2019-06-28 09:30:00.000000037,100024,100,100003,100,100056,100,99961,100,100064,100,99937,100,100074,100,99931,100,100075,100,99926,100,100092,100,99924,100,100149,100,99922,100,100166,100,99911,100,,,99909,100,,,99892,100
2019-06-28 09:30:00.000000042,100024,100,100003,100,100056,100,99961,100,100064,100,99937,100,100074,100,99931,100,100075,100,99926,100,100092,100,99924,100,100133,100,99922,100,100149,100,99911,100,100166,100,99909,100,,,99892,100
2019-06-28 09:30:00.000000043,100024,100,100003,100,100056,100,99961,100,100064,100,99937,100,100074,100,99931,100,100075,100,99926,100,100092,100,99924,100,100106,100,99922,100,100133,100,99911,100,100149,100,99909,100,100166,100,99892,100
2019-06-28 09:30:00.000000045,100024,100,100003,100,100056,100,99993,100,100064,100,99961,100,100074,100,99937,100,100075,100,99931,100,100092,100,99926,100,100106,100,99924,100,100133,100,99922,100,100149,100,99911,100,100166,100,99909,100
2019-06-28 09:30:00.000000048,100024,100,100003,100,100056,100,99993,200,100064,100,99961,100,100074,100,99937,100,100075,100,99931,100,100092,100,99926,100,100106,100,99924,100,100133,100,99922,100,100149,100,99911,100,100166,100,99909,100
2019-06-28 09:30:00.000000049,100024,100,100003,100,100056,100,99993,200,100064,100,99961,100,100074,100,99959,100,100075,100,99937,100,100092,100,99931,100,100106,100,99926,100,100133,100,99924,100,100149,100,99922,100,100166,100,99911,100
2019-06-28 09:30:00.000000051,100024,100,99996,100,100056,100,99993,200,100064,100,99961,100,100074,100,99959,100,100075,100,99937,100,100092,100,99931,100,100106,100,99926,100,100133,100,99924,100,100149,100,99922,100,100166,100,99911,100
2019-06-28 09:30:00.000000052,100024,100,99996,200,100056,100,99993,200,100064,100,99961,100,100074,100,99959,100,100075,100,99937,100,100092,100,99931,100,100106,100,99926,100,100133,100,99924,100,100149,100,99922,100,100166,100,99911,100
2019-06-28 09:30:00.000000054,100024,100,99996,200,100056,100,99993,200,100064,100,99981,100,100074,100,99961,100,100075,100,99959,100,100092,100,99958,100,100106,100,99937,100,100133,100,99931,100,100149,100,99926,100,100166,100,99924,100
2019-06-28 09:30:00.000000056,100024,100,99996,200,100056,100,99993,200,100057,100,99981,100,100064,100,99961,100,100074,100,99959,100,100075,100,99958,100,100092,100,99937,100,100106,100,99931,100,100133,100,99926,100,100149,100,99924,100
2019-06-28 09:30:00.000000057,100024,100,99996,100,100056,100,99993,200,100057,100,99981,100,100064,100,99961,100,100074,100,99959,100,100075,100,99958,100,100092,100,99937,100,100106,100,99931,100,100133,100,99926,100,100149,100,99924,100
2019-06-28 09:30:00.000000058,100024,100,99998,100,100056,100,99996,100,100057,100,99993,200,100064,100,99981,100,100074,100,99961,100,100075,100,99959,100,100092,100,99958,100,100106,100,99937,100,100133,100,99931,100,100149,100,99926,100
2019-06-28 09:30:00.000000059,100024,100,99998,100,100056,100,99996,100,100057,100,99993,200,100064,100,99981,100,100074,100,99961,100,100075,100,99959,100,100092,100,99958,100,100106,100,99937,100,100133,100,99931,100,100137,100,99926,100
2019-06-28 09:30:00.000000060,100024,100,99998,100,100056,100,99996,100,100057,100,99993,200,100064,100,99981,100,100074,100,99961,100,100075,100,99959,100,100092,100,99958,100,100106,100,99937,100,100133,100,99931,100,100137,100,99926,100
2019-06-28 09:30:00.000000062,100024,100,99998,100,100048,100,99996,100,100056,100,99993,200,100057,100,99981,100,100064,100,99961,100,100074,100,99959,100,100075,100,99958,100,100092,100,99937,100,100106,100,99931,100,100112,100,99926,100
2019-06-28 09:30:00.000000063,100024,100,99998,100,100048,100,99996,100,100056,100,99993,200,100057,100,99981,100,100064,100,99961,100,100074,100,99959,100,100075,100,99958,100,100092,100,99937,100,100106,100,99931,100,100112,100,99929,100
2019-06-28 09:30:00.000000064,100024,100,99998,100,100048,100,99996,100,100056,100,99993,200,100057,100,99981,100,100064,100,99961,100,100074,100,99959,100,100075,100,99958,100,100092,100,99937,100,100106,100,99931,100,100112,100,99929,100
2019-06-28 09:30:00.000000067,100048,100,99996,100,100056,100,99993,200,100057,100,99981,100,100064,100,99961,100,100074,100,99959,100,100075,100,99958,100,100092,100,99937,100,100106,100,99931,100,100112,100,99929,100,100133,100,99926,100
2019-06-28 09:30:00.000000068,100048,100,99993,200,100056,100,99981,100,100057,100,99961,100,100064,100,99959,100,100074,100,99958,100,100075,100,99937,100,100092,100,99931,100,100106,100,99929,100,100112,100,99926,100,100133,100,99924,100
2019-06-28 09:30:00.000000069,100048,100,99993,200,100056,100,99981,100,100057,100,99967,100,100064,100,99961,100,100074,100,99959,100,100075,100,99958,100,100092,100,99937,100,100106,100,99931,100,100112,100,99929,100,100133,100,99926,100
2019-06-28 09:30:00.000000070,100008,100,99993,100,100048,100,99981,100,100056,100,99967,100,100057,100,99961,100,100064,100,99959,100,100074,100,99958,100,100075,100,99937,100,100092,100,99931,100,100106,100,99929,100,100112,100,99926,100
2019-06-28 09:30:00.000000072,100008,100,99993,100,100048,100,99981,100,100056,100,99967,100,100057,100,99961,100,100064,100,99959,100,100074,100,99958,100,100075,100,99937,100,100092,100,99931,100,100106,100,99929,100,100112,100,99926,100
2019-06-28 09:30:00.000000073,100008,100,99993,100,100009,100,99981,100,100048,100,99967,100,100056,100,99961,100,100057,100,99959,100,100064,100,99958,100,100074,100,99937,100,100075,100,99931,100,100092,100,99929,100,100106,100,99926,100
2019-06-28 09:30:00.000000084,100008,100,99993,100,100009,100,99981,100,100048,100,99967,100,100056,100,99961,100,100057,100,99959,100,100064,100,99958,100,100074,100,99951,100,100075,100,99937,100,100092,100,99931,100,100106,100,99929,100
2019-06-28 09:30:00.000000092,99996,100,99993,100,100008,100,99981,100,100009,100,99967,100,100048,100,99961,100,100056,100,99959,100,100057,100,99958,100,100064,100,99951,100,100074,100,99937,100,100075,100,99931,100,100092,100,99929,100
2019-06-28 09:30:00.000000095,99996,100,99981,100,100008,100,99967,100,100009,100,99961,100,100048,100,99959,100,100056,100,99958,100,100057,100,99951,100,100064,100,99937,100,100074,100,99931,100,100075,100,99929,100,100092,100,99926,100
2019-06-28 09:30:00.000000096,99996,100,99981,100,100008,100,99967,100,100009,100,99961,100,100048,100,99959,100,100056,100,99958,100,100057,100,99951,100,100064,100,99937,100,100074,100,99931,100,100075,100,99929,100,100092,100,99926,100
2019-06-28 09:30:10.000000000,99996,173,99981,173,100008,173,99967,173,100009,173,99961,173,100048,173,99959,173,100056,173,99958,173,100057,100,99951,100,100064,100,99937,100,100074,100,99931,100,100075,100,99929,100,100092,100,99926,100
2019-06-28 09:30:20.000000000,99996,173,99981,173,100008,173,99967,173,100009,173,99961,173,100048,173,99959,173,100056,173,99958,173,100057,100,99951,100,100064,100,99937,100,100074,100,99931,100,100075,100,99929,100,100092,100,99926,100
2019-06-28 09:30:23.002055912,99996,173,99981,73,100008,173,99967,173,100009,173,99961,173,100048,173,99959,173,100056,173,99958,73,100057,100,99951,100,100064,100,99937,100,100074,100,99931,100,100075,100,99929,100,100092,100,99926,100
2019-06-28 09:30:23.480082660,99981,27,99967,173,99996,173,99961,173,100008,173,99959,173,100009,173,99958,73,100048,173,99951,100,100056,173,99937,100,100057,100,99931,100,100064,100,99929,100,100074,100,99926,100,100075,100,99924,100
2019-06-28 09:30:30.000000000,99981,210,99967,283,99996,283,99961,283,100008,100,99959,100,100009,100,99951,100,100048,100,99937,100,100056,100,99931,100,100057,100,99929,100,100064,100,99926,100,100074,100,99924,100,100075,100,99922,100
2019-06-28 09:30:32.191297113,99981,210,99967,183,99996,283,99961,283,100008,100,99959,100,100009,100,99951,100,100048,100,99937,100,100056,100,99931,100,100057,100,99929,100,100064,100,99926,100,100074,100,99924,100,100075,100,99922,100
2019-06-28 09:30:39.288762589,99981,210,99967,83,99996,283,99961,283,100008,100,99959,100,100009,100,99951,100,100048,100,99937,100,100056,100,99931,100,100057,100,99929,100,100064,100,99926,100,100074,100,99924,100,100075,100,99922,100
2019-06-28 09:30:40.000000000,99981,100,99961,173,99996,173,99959,173,100008,173,99951,173,100009,173,99937,173,100048,173,99931,173,100056,100,99929,100,100057,100,99926,100,100064,100,99924,100,100074,100,99922,100,100075,100,99912,100
2019-06-28 09:30:50.000000000,99981,393,99961,466,99996,100,99959,100,100008,100,99951,100,100009,100,99937,100,100048,100,99931,100,100056,100,99929,100,100057,100,99926,100,100064,100,99924,100,100074,100,99922,100,100075,100,99912,100
2019-06-28 09:31:00.000000000,99981,393,99961,466,99996,100,99959,100,100008,100,99951,100,100009,100,99937,100,100048,100,99931,100,100056,100,99929,100,100057,100,99926,100,100064,100,99924,100,100074,100,99922,100,100075,100,99912,100
2019-06-28 09:31:10.000000000,99981,119,99961,192,99996,192,99959,192,100008,192,99951,192,100009,192,99937,192,100048,100,99931,100,100056,100,99929,100,100057,100,99926,100,100064,100,99924,100,100074,100,99922,100,100075,100,99912,100
2019-06-28 09:31:20.000000000,99981,119,99961,192,99996,192,99959,192,100008,192,99951,192,100009,192,99937,192,100048,100,99931,100,100056,100,99929,100,100057,100,99926,100,100064,100,99924,100,100074,100,99922,100,100075,100,99912,100
2019-06-28 09:31:30.000000000,99981,393,99961,466,99996,100,99959,100,100008,100,99951,100,100009,100,99937,100,100048,100,99931,100,100056,100,99929,100,100057,100,99926,100,100064,100,99924,100,100074,100,99922,100,100075,100,99912,100
2019-06-28 09:31:40.000000000,99981,151,99961,224,99996,221,99959,221,100008,221,99951,221,100009,100,99937,100,100048,100,99931,100,100056,100,99929,100,100057,100,99926,100,100064,100,99924,100,100074,100,99922,100,100075,100,99912,100
2019-06-28 09:31:40.908333731,99967,100,99961,224,99981,151,99959,221,99996,221,99951,221,100008,221,99937,100,100009,100,99931,100,100048,100,99929,100,100056,100,99926,100,100057,100,99924,100,100064,100,99922,100,100074,100,99912,100
2019-06-28 09:31:42.471385476,99967,100,99961,224,99981,151,99959,221,99996,221,99951,221,100008,221,99937,100,100009,100,99929,100,100048,100,99926,100,100056,100,99924,100,100057,100,99922,100,100064,100,99912,100,100074,100,99911,100
2019-06-28 09:31:49.096576864,99967,200,99961,224,99981,151,99959,221,99996,221,99951,221,100008,221,99937,100,100009,100,99929,100,100048,100,99926,100,100056,100,99924,100,100057,100,99922,100,100064,100,99912,100,100074,100,99911,100
2019-06-28 09:31:50.000000000,99967,383,99961,283,99981,210,99959,283,99996,100,99951,100,100008,100,99937,100,100009,100,99929,100,100048,100,99926,100,100056,100,99924,100,100057,100,99922,100,100064,100,99912,100,100074,100,99911,100
2019-06-28 09:32:00.000000000,99967,383,99961,283,99981,210,99959,283,99996,100,99951,100,100008,100,99937,100,100009,100,99929,100,100048,100,99926,100,100056,100,99924,100,100057,100,99922,100,100064,100,99912,100,100074,100,99911,100
2019-06-28 09:32:10.000000000,99967,324,99961,224,99981,148,99959,221,99996,221,99951,221,100008,100,99937,100,100009,100,99929,100,100048,100,99926,100,100056,100,99924,100,100057,100,99922,100,100064,100,99912,100,100074,100,99911,100
2019-06-28 09:32:20.000000000,99967,292,99961,192,99981,119,99959,192,99996,192,99951,192,100008,192,99937,192,100009,100,99929,100,100048,100,99926,100,100056,100,99924,100,100057,100,99922,100,100064,100,99912,100,100074,100,99911,100
2019-06-28 09:32:20.420330242,99967,292,99961,92,99981,119,99959,192,99996,192,99951,192,100008,92,99937,192,100009,100,99929,100,100048,100,99926,100,100056,100,99924,100,100057,100,99922,100,100064,100,99912,100,100074,100,99911,100
2019-06-28 09:32:24.096779292,99966,100,99961,92,99967,192,99959,192,99981,119,99951,192,99996,192,99937,192,100008,92,99929,100,100009,100,99926,100,100048,100,99924,100,100056,100,99922,100,100057,100,99912,100,100064,100,99911,100
2019-06-28 09:32:30.000000000,99966,173,99959,173,99967,173,99951,173,99981,100,99937,173,99996,173,99929,173,100009,173,99926,173,100048,100,99924,100,100056,100,99922,100,100057,100,99912,100,100064,100,99911,100,100074,100,99892,100
2019-06-28 09:32:32.737438935,99966,173,99959,73,99967,173,99951,173,99981,73,99937,173,99996,173,99929,173,100009,173,99926,173,100048,100,99924,100,100056,100,99922,100,100057,100,99912,100,100064,100,99911,100,100074,100,99892,100
2019-06-28 09:32:37.616710291,99959,27,99951,173,99966,173,99937,173,99967,173,99929,173,99981,73,99926,173,99996,173,99924,100,100009,173,99922,100,100048,100,99912,100,100056,100,99911,100,100057,100,99892,100,100064,100,99879,100
2019-06-28 09:32:40.000000000,99959,151,99951,224,99966,221,99937,221,99967,221,99929,221,99996,100,99926,100,100009,100,99924,100,100048,100,99922,100,100056,100,99912,100,100057,100,99911,100,100064,100,99892,100,100074,100,99879,100
2019-06-28 09:32:50.000000000,99959,151,99951,224,99966,221,99937,221,99967,221,99929,221,99996,100,99926,100,100009,100,99924,100,100048,100,99922,100,100056,100,99912,100,100057,100,99911,100,100064,100,99892,100,100074,100,99879,100
2019-06-28 09:33:00.000000000,99959,151,99951,224,99966,221,99937,221,99967,221,99929,221,99996,100,99926,100,100009,100,99924,100,100048,100,99922,100,100056,100,99912,100,100057,100,99911,100,100064,100,99892,100,100074,100,99879,100
2019-06-28 09:33:04.433654886,99959,151,99951,224,99966,221,99937,221,99967,221,99929,221,99996,100,99926,100,100009,100,99924,100,100048,100,99922,100,100056,100,99912,100,100057,100,99911,100,100064,100,99892,100,100074,100,99879,100
2019-06-28 09:33:05.949996794,99959,151,99951,224,99966,221,99937,221,99967,221,99929,221,99996,100,99926,100,100009,100,99924,100,100048,100,99922,100,100056,100,99912,100,100057,100,99911,100,100064,100,99879,100,100074,100,99872,100
2019-06-28 09:33:09.767100160,99959,151,99951,224,99966,221,99937,221,99967,221,99929,221,99996,100,99926,100,100009,100,99924,100,100048,100,99922,100,100056,100,99912,100,100057,100,99911,100,100064,100,99879,100,100074,100,99872,100
2019-06-28 09:33:10.000000000,99959,151,99951,224,99966,221,99937,221,99967,221,99929,221,99996,100,99926,100,100009,100,99924,100,100048,100,99922,100,100056,100,99912,100,100057,100,99911,100,100064,100,99879,100,100074,100,99872,100
2019-06-28 09:33:20.000000000,99959,151,99951,224,99966,221,99937,221,99967,221,99929,221,99996,100,99926,100,100009,100,99924,100,100048,100,99922,100,100056,100,99912,100,100057,100,99911,100,100064,100,99879,100,100074,100,99872,100
2019-06-28 09:33:21.498515100,99959,151,99951,224,99966,221,99937,221,99967,221,99929,221,99996,100,99926,100,100009,100,99924,100,100048,100,99922,100,100056,100,99912,100,100057,100,99911,100,100064,100,99879,100,100074,100,99872,100
2019-06-28 09:33:30.000000000,99959,119,99951,192,99966,192,99937,192,99967,192,99929,192,99996,192,99926,192,100009,100,99924,100,100048,100,99922,100,100056,100,99912,100,100057,100,99911,100,100064,100,99879,100,100074,100,99872,100
2019-06-28 09:33:40.000000000,99959,100,99951,173,99966,173,99937,173,99967,173,99929,173,99996,173,99926,173,100009,173,99924,173,100048,100,99922,100,100056,100,99912,100,100057,100,99911,100,100064,100,99879,100,100074,100,99872,100
2019-06-28 09:33:45.164503595,99959,200,99951,173,99966,173,99937,173,99967,173,99929,173,99996,173,99926,173,100009,173,99924,173,100048,100,99922,100,100056,100,99912,100,100057,100,99911,100,100064,100,99879,100,100074,100,99872,100
2019-06-28 09:33:50.000000000,99959,310,99951,283,99966,283,99937,283,99967,100,99929,100,99996,100,99926,100,100009,100,99924,100,100048,100,99922,100,100056,100,99912,100,100057,100,99911,100,100064,100,99879,100,100074,100,99872,100
2019-06-28 09:33:58.820684197,99959,310,99951,283,99966,283,99937,283,99967,100,99929,100,99996,100,99926,100,100009,100,99924,100,100048,100,99922,100,100056,100,99912,100,100057,100,99911,100,100064,100,99879,100,100074,100,99872,100
2019-06-28 09:33:59.731979610,99959,310,99951,283,99966,283,99937,283,99967,100,99929,100,99996,100,99926,100,100009,100,99924,100,100048,100,99922,100,100056,100,99912,100,100057,100,99911,100,100064,100,99879,100,100074,100,99872,100
2019-06-28 09:34:00.000000000,99959,219,99951,192,99966,192,99937,192,99967,192,99929,192,99996,192,99926,192,100009,100,99924,100,100048,100,99922,100,100056,100,99912,100,100057,100,99911,100,100064,100,99879,100,100074,100,99872,100
2019-06-28 09:34:00.279311512,99959,219,99951,192,99966,192,99937,192,99967,192,99929,192,99996,192,99926,192,100009,100,99924,100,100048,100,99922,100,100052,100,99912,100,100056,100,99911,100,100057,100,99879,100,100064,100,99872,100
2019-06-28 09:34:10.000000000,99959,200,99951,173,99966,173,99937,173,99967,173,99929,173,99996,173,99926,173,100009,173,99924,173,100048,100,99922,100,100052,100,99912,100,100056,100,99911,100,100057,100,99879,100,100064,100,99872,100
2019-06-28 09:34:14.314772548,99959,200,99951,73,99966,173,99937,173,99967,173,99929,173,99996,173,99926,173,100009,173,99924,173,100048,100,99922,100,100052,100,99912,100,100056,100,99911,100,100057,100,99879,100,100064,100,99872,100
2019-06-28 09:34:17.115959268,99951,27,99937,173,99959,200,99929,173,99966,173,99926,173,99967,173,99924,173,99996,173,99922,100,100009,173,99912,100,100048,100,99911,100,100052,100,99879,100,100056,100,99872,100,100057,100,99814,100
2019-06-28 09:34:20.000000000,99951,393,99937,466,99959,127,99929,100,99966,100,99926,100,99967,100,99924,100,99996,100,99922,100,100009,100,99912,100,100048,100,99911,100,100052,100,99879,100,100056,100,99872,100,100057,100,99814,100
2019-06-28 09:34:20.357077978,99951,366,99937,466,99959,127,99929,100,99966,100,99926,100,99967,100,99924,100,99996,100,99922,100,100009,100,99912,100,100048,100,99911,100,100052,100,99879,100,100056,100,99872,100,100057,100,99814,100
2019-06-28 09:34:26.695271915,99951,366,99937,466,99959,127,99929,100,99966,100,99926,100,99967,100,99924,100,99996,100,99922,100,100009,100,99912,100,100048,100,99911,100,100052,100,99879,100,100056,100,99872,100,100057,100,99814,100
2019-06-28 09:34:30.000000000,99959,493,99937,466,99966,100,99929,100,99967,100,99926,100,99996,100,99924,100,100009,100,99922,100,100048,100,99912,100,100052,100,99911,100,100056,100,99879,100,100057,100,99872,100,100064,100,99814,100
2019-06-28 09:34:40.000000000,99959,251,99937,224,99966,221,99929,221,99967,221,99926,221,99996,100,99924,100,100009,100,99922,100,100048,100,99912,100,100052,100,99911,100,100056,100,99879,100,100057,100,99872,100,100064,100,99814,100
2019-06-28 09:34:50.000000000,99959,200,99937,173,99966,173,99929,173,99967,173,99926,173,99996,173,99924,173,100009,173,99922,173,100048,100,99912,100,100052,100,99911,100,100056,100,99879,100,100057,100,99872,100,100064,100,99814,100
2019-06-28 09:34:53.024771591,99959,200,99937,73,99966,173,99929,173,99967,173,99926,173,99996,173,99924,173,100009,173,99922,173,100048,100,99912,100,100052,100,99911,100,100056,100,99879,100,100057,100,99872,100,100064,100,99814,100
2019-06-28 09:35:00.000000000,99959,251,99929,224,99966,221,99926,221,99967,221,99924,221,99996,100,99922,100,100009,100,99912,100,100048,100,99911,100,100052,100,99879,100,100056,100,99872,100,100057,100,99814,100,100064,100,99804,100
2019-06-28 09:35:10.000000000,99959,251,99929,224,99966,221,99926,221,99967,221,99924,221,99996,100,99922,100,100009,100,99912,100,100048,100,99911,100,100052,100,99879,100,100056,100,99872,100,100057,100,99814,100,100064,100,99804,100
2019-06-28 09:35:15.495117877,99959,251,99929,124,99966,221,99926,221,99967,221,99924,221,99996,100,99922,100,100009,100,99912,100,100048,100,99911,100,100052,100,99879,100,100056,100,99872,100,100057,100,99804,100,100064,100,99775,100
2019-06-28 09:35:20.000000000,99959,251,99926,224,99966,221,99924,221,99967,221,99922,221,99996,100,99912,100,100009,100,99911,100,100048,100,99879,100,100052,100,99872,100,100056,100,99804,100,100057,100,99775,100,100064,100,99764,100
2019-06-28 09:35:30.000000000,99959,493,99926,466,99966,100,99924,100,99967,100,99922,100,99996,100,99912,100,100009,100,99911,100,100048,100,99879,100,100052,100,99872,100,100056,100,99804,100,100057,100,99775,100,100064,100,99764,100
2019-06-28 09:35:40.000000000,99959,251,99926,224,99966,221,99924,221,99967,221,99922,221,99996,100,99912,100,100009,100,99911,100,100048,100,99879,100,100052,100,99872,100,100056,100,99804,100,100057,100,99775,100,100064,100,99764,100
2019-06-28 09:35:50.000000000,99959,251,99926,224,99966,221,99924,221,99967,221,99922,221,99996,100,99912,100,100009,100,99911,100,100048,100,99879,100,100052,100,99872,100,100056,100,99804,100,100057,100,99775,100,100064,100,99764,100
2019-06-28 09:36:00.000000000,99959,310,99926,283,99966,283,99924,283,99967,100,99922,100,99996,100,99912,100,100009,100,99911,100,100048,100,99879,100,100052,100,99872,100,100056,100,99804,100,100057,100,99775,100,100064,100,99764,100
2019-06-28 09:36:01.919550862,99959,310,99926,283,99966,283,99924,283,99967,100,99922,100,99996,100,99912,100,100009,100,99911,100,100048,100,99879,100,100052,100,99872,100,100056,100,99804,100,100057,100,99775,100,100064,100,99764,100
2019-06-28 09:36:10.000000000,99959,219,99926,192,99966,192,99924,192,99967,192,99922,192,99996,192,99912,192,100009,100,99911,100,100048,100,99879,100,100052,100,99872,100,100056,100,99804,100,100057,100,99775,100,100064,100,99764,100
2019-06-28 09:36:12.884315473,99937,100,99926,192,99959,219,99924,192,99966,192,99922,192,99967,192,99912,192,99996,192,99911,100,100009,100,99879,100,100048,100,99872,100,100052,100,99804,100,100056,100,99775,100,100057,100,99764,100
2019-06-28 09:36:15.280919816,99937,100,99926,92,99959,219,99924,192,99966,192,99922,192,99967,192,99912,192,99996,192,99911,100,100009,100,99879,100,100048,100,99872,100,100052,100,99804,100,100056,100,99775,100,100057,100,99764,100
2019-06-28 09:36:20.000000000,99937,192,99924,192,99959,219,99922,192,99966,192,99912,192,99967,192,99911,192,99996,100,99879,100,100009,100,99872,100,100048,100,99804,100,100052,100,99775,100,100056,100,99764,100,100057,100,99739,100
2019-06-28 09:36:24.348133987,99937,192,99924,92,99959,219,99922,192,99966,192,99912,192,99967,192,99911,192,99996,100,99879,100,100009,100,99872,100,100048,100,99804,100,100052,100,99775,100,100056,100,99764,100,100057,100,99739,100
2019-06-28 09:36:29.530210620,99937,192,99924,92,99959,219,99922,192,99966,192,99912,192,99967,192,99911,192,99996,100,99879,100,100009,100,99872,100,100048,100,99804,100,100052,100,99775,100,100056,100,99764,100,100057,100,99739,100
2019-06-28 09:36:29.690185786,99924,8,99922,192,99937,192,99912,192,99959,219,99911,192,99966,192,99879,100,99967,192,99872,100,99996,100,99804,100,100009,100,99775,100,100048,100,99764,100,100052,100,99739,100,100056,100,99671,100
2019-06-28 09:36:30.000000000,99924,132,99922,224,99937,221,99912,221,99959,248,99911,221,99966,100,99879,100,99967,100,99872,100,99996,100,99804,100,100009,100,99775,100,100048,100,99764,100,100052,100,99739,100,100056,100,99671,100
2019-06-28 09:36:40.000000000,99924,132,99922,224,99937,221,99912,221,99959,248,99911,221,99966,100,99879,100,99967,100,99872,100,99996,100,99804,100,100009,100,99775,100,100048,100,99764,100,100052,100,99739,100,100056,100,99671,100
2019-06-28 09:36:47.931942908,99924,132,99922,224,99937,221,99912,221,99959,248,99911,221,99966,100,99879,100,99996,100,99872,100,100009,100,99804,100,100048,100,99775,100,100052,100,99764,100,100056,100,99739,100,100057,100,99671,100
2019-06-28 09:36:49.470171079,99924,132,99922,224,99937,221,99912,221,99959,248,99911,221,99966,100,99879,100,99996,100,99872,100,100009,100,99775,100,100048,100,99764,100,100052,100,99739,100,100056,100,99671,100,100057,100,99651,100
2019-06-28 09:36:50.000000000,99924,100,99922,192,99937,192,99912,192,99959,219,99911,192,99966,192,99879,192,99996,100,99872,100,100009,100,99775,100,100048,100,99764,100,100052,100,99739,100,100056,100,99671,100,100057,100,99651,100
2019-06-28 09:37:00.000000000,99924,100,99922,192,99937,192,99912,192,99959,219,99911,192,99966,192,99879,192,99996,100,99872,100,100009,100,99775,100,100048,100,99764,100,100052,100,99739,100,100056,100,99671,100,100057,100,99651,100
2019-06-28 09:37:08.967701720,99924,100,99922,92,99937,192,99912,192,99959,219,99911,192,99966,192,99879,192,99996,100,99872,100,100009,100,99775,100,100048,100,99764,100,100052,100,99739,100,100056,100,99671,100,100057,100,99620,100
2019-06-28 09:37:10.000000000,99924,374,99912,466,99937,100,99911,100,99959,127,99879,100,99966,100,99872,100,99996,100,99775,100,100009,100,99764,100,100048,100,99739,100,100052,100,99671,100,100056,100,99620,100,100057,100,99492,100
2019-06-28 09:37:14.317257857,99924,366,99912,366,99937,100,99911,100,99959,127,99879,100,99966,100,99872,100,99996,100,99775,100,100009,100,99764,100,100048,100,99739,100,100052,100,99671,100,100056,100,99620,100,100057,100,99492,100
2019-06-28 09:37:20.000000000,99937,224,99911,224,99959,248,99879,221,99966,221,99872,221,99996,100,99775,100,100009,100,99764,100,100048,100,99739,100,100052,100,99671,100,100056,100,99620,100,100057,100,99492,100,100074,100,99479,100
2019-06-28 09:37:30.000000000,99937,466,99911,466,99959,127,99879,100,99966,100,99872,100,99996,100,99775,100,100009,100,99764,100,100048,100,99739,100,100052,100,99671,100,100056,100,99620,100,100057,100,99492,100,100074,100,99479,100
2019-06-28 09:37:40.000000000,99937,466,99911,466,99959,127,99879,100,99966,100,99872,100,99996,100,99775,100,100009,100,99764,100,100048,100,99739,100,100052,100,99671,100,100056,100,99620,100,100057,100,99492,100,100074,100,99479,100
2019-06-28 09:37:43.752565800,99937,466,99911,466,99959,127,99879,100,99966,100,99872,100,99996,100,99775,100,100009,100,99764,100,100048,100,99739,100,100052,100,99671,100,100056,100,99620,100,100057,100,99492,100,100074,100,99479,100
2019-06-28 09:37:50.000000000,99937,192,99911,192,99959,219,99879,192,99966,192,99872,192,99996,192,99775,192,100009,100,99764,100,100048,100,99739,100,100052,100,99671,100,100056,100,99620,100,100057,100,99492,100,100074,100,99479,100
2019-06-28 09:37:54.440792601,99937,192,99911,92,99959,219,99879,192,99966,192,99872,192,99996,192,99775,192,100009,100,99764,100,100048,100,99739,100,100052,100,99671,100,100056,100,99620,100,100057,100,99492,100,100074,100,99479,100
2019-06-28 09:37:55.657111231,99912,100,99911,92,99937,192,99879,192,99959,219,99872,192,99966,192,99775,192,99996,192,99764,100,100009,100,99739,100,100048,100,99671,100,100052,100,99620,100,100056,100,99492,100,100057,100,99479,100
2019-06-28 09:38:00.000000000,99912,173,99879,173,99937,173,99872,173,99959,200,99775,173,99966,173,99764,173,99996,173,99739,173,100009,100,99671,100,100048,100,99620,100,100052,100,99492,100,100056,100,99479,100,100057,100,99465,100
2019-06-28 09:38:10.000000000,99912,173,99879,173,99937,173,99872,173,99959,200,99775,173,99966,173,99764,173,99996,173,99739,173,100009,100,99671,100,100048,100,99620,100,100052,100,99492,100,100056,100,99479,100,100057,100,99465,100
2019-06-28 09:38:20.000000000,99912,224,99879,224,99937,221,99872,221,99959,248,99775,221,99966,100,99764,100,99996,100,99739,100,100009,100,99671,100,100048,100,99620,100,100052,100,99492,100,100056,100,99479,100,100057,100,99465,100
2019-06-28 09:38:20.609744971,99912,224,99879,224,99937,221,99872,221,99959,248,99775,221,99966,100,99764,100,99996,100,99739,100,100009,100,99725,100,100048,100,99620,100,100052,100,99492,100,100056,100,99479,100,100057,100,99465,100
2019-06-28 09:38:30.000000000,99912,283,99879,283,99937,283,99872,283,99959,127,99775,100,99966,100,99764,100,99996,100,99739,100,100009,100,99725,100,100048,100,99620,100,100052,100,99492,100,100056,100,99479,100,100057,100,99465,100
2019-06-28 09:38:32.148328267,99912,283,99879,183,99937,283,99872,283,99959,127,99775,100,99966,100,99764,100,99996,100,99739,100,100009,100,99725,100,100048,100,99492,100,100052,100,99479,100,100056,100,99465,100,100057,100,99252,100
2019-06-28 09:38:40.000000000,99912,466,99872,466,99937,100,99775,100,99959,127,99764,100,99966,100,99739,100,99996,100,99725,100,100009,100,99492,100,100048,100,99479,100,100052,100,99465,100,100056,100,99252,100,100057,100,,
2019-06-28 09:38:50.000000000,99912,192,99872,192,99937,192,99775,192,99959,219,99764,192,99966,192,99739,192,99996,100,99725,100,100009,100,99492,100,100048,100,99479,100,100052,100,99465,100,100056,100,99252,100,100057,100,,
2019-06-28 09:38:55.209306631,99912,192,99872,192,99937,192,99775,192,99959,192,99764,192,99966,192,99739,192,99996,100,99725,100,100009,100,99492,100,100048,100,99479,100,100052,100,99465,100,100056,100,99347,100,100057,100,99252,100
2019-06-28 09:39:00.000000000,99912,224,99872,224,99937,221,99775,221,99959,221,99764,221,99966,100,99739,100,99996,100,99725,100,100009,100,99492,100,100048,100,99479,100,100052,100,99465,100,100056,100,99347,100,100057,100,99252,100
2019-06-28 09:39:09.937259308,99911,100,99872,224,99912,224,99775,221,99937,221,99764,221,99959,221,99739,100,99966,100,99725,100,99996,100,99492,100,100009,100,99479,100,100048,100,99465,100,100052,100,99347,100,100056,100,99252,100
2019-06-28 09:39:10.000000000,99911,466,99872,466,99912,100,99775,100,99937,100,99764,100,99959,100,99739,100,99966,100,99725,100,99996,100,99492,100,100009,100,99479,100,100048,100,99465,100,100052,100,99347,100,100056,100,99252,100
2019-06-28 09:39:20.000000000,99911,283,99872,283,99912,283,99775,283,99937,100,99764,100,99959,100,99739,100,99966,100,99725,100,99996,100,99492,100,100009,100,99479,100,100048,100,99465,100,100052,100,99347,100,100056,100,99252,100
2019-06-28 09:39:24.938072031,99911,283,99872,183,99912,283,99775,283,99937,100,99764,100,99959,100,99739,100,99966,100,99725,100,99996,100,99492,100,100009,100,99479,100,100048,100,99465,100,100052,100,99347,100,100056,100,99252,100
2019-06-28 09:39:27.901365752,99911,283,99872,83,99912,283,99775,283,99937,100,99764,100,99959,100,99739,100,99966,100,99725,100,99996,100,99492,100,100009,100,99479,100,100048,100,99465,100,100052,100,99347,100,100056,100,99252,100
2019-06-28 09:39:30.000000000,99911,466,99775,466,99912,100,99764,100,99937,100,99739,100,99959,100,99725,100,99966,100,99492,100,99996,100,99479,100,100009,100,99465,100,100048,100,99347,100,100052,100,99252,100,100056,100,,
2019-06-28 09:39:33.613413058,99911,466,99775,466,99912,100,99764,100,99937,100,99739,100,99966,100,99725,100,99996,100,99492,100,100009,100,99479,100,100048,100,99465,100,100052,100,99347,100,100056,100,99252,100,100057,100,,
2019-06-28 09:39:40.000000000,99911,224,99775,224,99912,221,99764,221,99937,221,99739,221,99966,100,99725,100,99996,100,99492,100,100009,100,99479,100,100048,100,99465,100,100052,100,99347,100,100056,100,99252,100,100057,100,,
2019-06-28 09:39:40.813155777,99911,224,99775,224,99912,221,99764,221,99937,221,99739,221,99966,100,99725,100,99996,100,99492,100,100009,100,99479,100,100048,100,99465,100,100052,100,99347,100,100056,100,99319,100,100057,100,99252,100
2019-06-28 09:39:46.564954819,99911,224,99775,124,99912,221,99764,221,99937,221,99739,221,99966,100,99725,100,99996,100,99492,100,100009,100,99479,100,100052,100,99465,100,100056,100,99347,100,100057,100,99319,100,100074,100,99252,100
2019-06-28 09:39:50.000000000,99911,224,99764,224,99912,221,99739,221,99937,221,99725,221,99966,100,99492,100,99996,100,99479,100,100009,100,99465,100,100052,100,99347,100,100056,100,99319,100,100057,100,99252,100,100074,100,,
2019-06-28 09:40:00.000000000,99911,192,99764,192,99912,192,99739,192,99937,192,99725,192,99966,192,99492,192,99996,100,99479,100,100009,100,99465,100,100052,100,99347,100,100056,100,99319,100,100057,100,99252,100,100074,100,,
2019-06-28 09:40:00.200047955,99872,100,99764,192,99911,192,99739,192,99912,192,99725,192,99937,192,99492,192,99966,192,99479,100,99996,100,99465,100,100009,100,99347,100,100052,100,99319,100,100056,100,99252,100,100057,100,,
2019-06-28 09:40:10.000000000,99872,192,99764,192,99911,192,99739,192,99912,192,99725,192,99937,192,99492,192,99966,100,99479,100,99996,100,99465,100,100009,100,99347,100,100052,100,99319,100,100056,100,99252,100,100057,100,,
2019-06-28 09:40:20.000000000,99872,192,99764,192,99911,192,99739,192,99912,192,99725,192,99937,192,99492,192,99966,100,99479,100,99996,100,99465,100,100009,100,99347,100,100052,100,99319,100,100056,100,99252,100,100057,100,,
2019-06-28 09:40:30.000000000,99872,224,99764,224,99911,221,99739,221,99912,221,99725,221,99937,100,99492,100,99966,100,99479,100,99996,100,99465,100,100009,100,99347,100,100052,100,99319,100,100056,100,99252,100,100057,100,,
2019-06-28 09:40:31.989877664,99872,224,99764,124,99911,221,99739,221,99912,221,99725,221,99937,100,99492,100,99966,100,99479,100,99996,100,99465,100,100009,100,99347,100,100052,100,99319,100,100056,100,99252,100,100057,100,,
2019-06-28 09:40:36.967392969,99775,100,99764,124,99872,224,99739,221,99911,221,99725,221,99912,221,99492,100,99937,100,99479,100,99966,100,99465,100,99996,100,99347,100,100009,100,99319,100,100052,100,99252,100,100056,100,,
2019-06-28 09:40:40.000000000,99775,466,99739,466,99872,100,99725,100,99911,100,99492,100,99912,100,99479,100,99937,100,99465,100,99966,100,99347,100,99996,100,99319,100,100009,100,99252,100,100052,100,,,100056,100,,
2019-06-28 09:40:46.070182326,99775,466,99739,466,99872,100,99725,100,99911,100,99492,100,99912,100,99488,100,99937,100,99479,100,99966,100,99465,100,99996,100,99347,100,100009,100,99319,100,100052,100,99252,100,100056,100,,
2019-06-28 09:40:50.000000000,99775,283,99739,283,99872,283,99725,283,99911,100,99492,100,99912,100,99488,100,99937,100,99479,100,99966,100,99465,100,99996,100,99347,100,100009,100,99319,100,100052,100,99252,100,100056,100,,
2019-06-28 09:40:51.468651733,99775,283,99739,283,99872,283,99725,283,99911,100,99492,100,99912,100,99488,100,99937,100,99479,100,99966,100,99465,100,99996,100,99347,100,100009,100,99319,100,100052,100,99252,100,100056,100,,
2019-06-28 09:41:00.000000000,99775,173,99739,173,99872,173,99725,173,99911,173,99492,173,99912,173,99488,173,99937,173,99479,173,99966,100,99465,100,99996,100,99347,100,100009,100,99319,100,100052,100,99252,100,100056,100,,
2019-06-28 09:41:02.837749332,99775,173,99742,100,99872,173,99739,173,99911,173,99725,173,99912,173,99492,173,99937,173,99488,173,99966,100,99479,173,99996,100,99465,100,100009,100,99347,100,100052,100,99252,100,100056,100,,
2019-06-28 09:41:04.853277335,99775,73,99742,100,99872,173,99739,173,99911,173,99725,173,99912,173,99492,173,99937,173,99488,173,99966,100,99479,173,99996,100,99465,100,100009,100,99347,100,100052,100,99252,100,100056,100,,
2019-06-28 09:41:10.000000000,99872,173,99742,173,99911,173,99739,173,99912,173,99725,173,99937,173,99492,173,99966,173,99488,173,99996,100,99479,100,100009,100,99465,100,100052,100,99347,100,100056,100,99252,100,100057,100,,
2019-06-28 09:41:12.517430598,99872,173,99765,100,99911,173,99742,173,99912,173,99739,173,99937,173,99725,173,99966,173,99492,173,99996,100,99488,173,100009,100,99479,100,100052,100,99465,100,100056,100,99347,100,100057,100,99252,100
2019-06-28 09:41:17.285948385,99872,173,99765,200,99911,73,99742,173,99912,173,99739,173,99937,173,99725,173,99966,173,99492,173,99996,100,99488,173,100009,100,99479,100,100052,100,99465,100,100056,100,99347,100,100057,100,99252,100
2019-06-28 09:41:20.000000000,99872,192,99765,292,99912,192,99742,192,99937,192,99739,192,99966,192,99725,192,99996,100,99492,100,100009,100,99488,100,100052,100,99479,100,100056,100,99465,100,100057,100,99347,100,100074,100,99252,100
2019-06-28 09:41:30.000000000,99872,192,99765,292,99912,192,99742,192,99937,192,99739,192,99966,192,99725,192,99996,100,99492,100,100009,100,99488,100,100052,100,99479,100,100056,100,99465,100,100057,100,99347,100,100074,100,99252,100
2019-06-28 09:41:40.000000000,99872,466,99765,566,99912,100,99742,100,99937,100,99739,100,99966,100,99725,100,99996,100,99492,100,100009,100,99488,100,100052,100,99479,100,100056,100,99465,100,100057,100,99347,100,100074,100,99252,100
2019-06-28 09:41:50.000000000,99872,192,99765,292,99912,192,99742,192,99937,192,99739,192,99966,192,99725,192,99996,100,99492,100,100009,100,99488,100,100052,100,99479,100,100056,100,99465,100,100057,100,99347,100,100074,100,99252,100
2019-06-28 09:41:58.994861045,99872,92,99765,292,99912,192,99742,192,99937,192,99739,192,99966,192,99725,192,99996,100,99492,100,100009,100,99488,100,100052,100,99479,100,100056,100,99465,100,100057,100,99347,100,100074,100,99252,100
2019-06-28 09:42:00.000000000,99912,466,99765,566,99937,100,99742,100,99966,100,99739,100,99996,100,99725,100,100009,100,99492,100,100052,100,99488,100,100056,100,99479,100,100057,100,99465,100,100074,100,99347,100,100106,100,99252,100
2019-06-28 09:42:05.675629038,99912,466,99775,100,99937,100,99765,466,99966,100,99742,100,99996,100,99739,100,100009,100,99725,100,100052,100,99492,100,100056,100,99488,100,100057,100,99479,100,100074,100,99465,100,100106,100,99347,100
2019-06-28 09:42:07.856397637,99912,366,99775,100,99937,100,99765,466,99966,100,99742,100,99996,100,99739,100,100009,100,99725,100,100052,100,99492,100,100056,100,99488,100,100057,100,99479,100,100074,100,99465,100,100106,100,99347,100
2019-06-28 09:42:10.000000000,99937,224,99775,224,99966,221,99765,221,99996,221,99742,221,100009,100,99739,100,100052,100,99725,100,100056,100,99492,100,100057,100,99488,100,100074,100,99479,100,100106,100,99465,100,100115,100,99347,100
2019-06-28 09:42:11.133237469,99937,224,99775,224,99966,221,99765,221,99996,121,99742,221,100009,100,99739,100,100052,100,99725,100,100056,100,99492,100,100057,100,99488,100,100074,100,99479,100,100106,100,99465,100,100115,100,99347,100
2019-06-28 09:42:20.000000000,99937,192,99775,192,99966,192,99765,192,100009,192,99742,192,100052,192,99739,192,100056,100,99725,100,100057,100,99492,100,100074,100,99488,100,100106,100,99479,100,100115,100,99465,100,100117,100,99347,100
2019-06-28 09:42:30.000000000,99937,466,99775,466,99966,100,99765,100,100009,100,99742,100,100052,100,99739,100,100056,100,99725,100,100057,100,99492,100,100074,100,99488,100,100106,100,99479,100,100115,100,99465,100,100117,100,99347,100
2019-06-28 09:42:40.000000000,99937,466,99775,466,99966,100,99765,100,100009,100,99742,100,100052,100,99739,100,100056,100,99725,100,100057,100,99492,100,100074,100,99488,100,100106,100,99479,100,100115,100,99465,100,100117,100,99347,100
2019-06-28 09:42:41.932095502,99937,466,99775,466,99966,100,99742,100,100009,100,99739,100,100052,100,99725,100,100056,100,99492,100,100057,100,99488,100,100074,100,99479,100,100106,100,99465,100,100115,100,99347,100,100117,100,99252,100
2019-06-28 09:42:46.661894321,99906,100,99775,466,99937,466,99742,100,99966,100,99739,100,100009,100,99725,100,100052,100,99492,100,100056,100,99488,100,100057,100,99479,100,100074,100,99465,100,100106,100,99347,100,100115,100,99252,100
2019-06-28 09:42:50.000000000,99906,192,99775,192,99937,192,99742,192,99966,192,99739,192,100009,192,99725,192,100052,100,99492,100,100056,100,99488,100,100057,100,99479,100,100074,100,99465,100,100106,100,99347,100,100115,100,99252,100
2019-06-28 09:43:00.000000000,99906,173,99775,173,99937,173,99742,173,99966,173,99739,173,100009,173,99725,173,100052,173,99492,173,100056,100,99488,100,100057,100,99479,100,100074,100,99465,100,100106,100,99347,100,100115,100,99252,100
2019-06-28 09:43:10.000000000,99906,466,99775,466,99937,100,99742,100,99966,100,99739,100,100009,100,99725,100,100052,100,99492,100,100056,100,99488,100,100057,100,99479,100,100074,100,99465,100,100106,100,99347,100,100115,100,99252,100
2019-06-28 09:43:20.000000000,99906,224,99775,224,99937,221,99742,221,99966,221,99739,221,100009,100,99725,100,100052,100,99492,100,100056,100,99488,100,100057,100,99479,100,100074,100,99465,100,100106,100,99347,100,100115,100,99252,100
2019-06-28 09:43:23.324231636,99906,224,99775,224,99937,221,99742,221,99966,221,99739,121,100009,100,99725,100,100010,100,99492,100,100052,100,99488,100,100056,100,99479,100,100057,100,99465,100,100074,100,99347,100,100106,100,99252,100
2019-06-28 09:43:24.195235130,99906,224,99787,100,99937,221,99775,224,99966,221,99742,221,100009,100,99739,121,100010,100,99725,100,100052,100,99492,100,100056,100,99488,100,100057,100,99479,100,100074,100,99465,100,100106,100,99347,100
2019-06-28 09:43:30.000000000,99906,192,99787,192,99937,192,99775,192,99966,192,99742,192,100009,192,99725,192,100010,100,99492,100,100052,100,99488,100,100056,100,99479,100,100057,100,99465,100,100074,100,99347,100,100106,100,99252,100
2019-06-28 09:43:31.966181310,99906,192,99787,192,99937,192,99775,192,99966,192,99742,192,100009,192,99725,192,100010,100,99488,100,100052,100,99479,100,100056,100,99465,100,100057,100,99443,100,100074,100,99347,100,100106,100,99252,100
2019-06-28 09:43:35.594036369,99906,192,99787,92,99937,192,99775,192,99966,192,99742,192,100009,92,99725,192,100010,100,99488,100,100052,100,99479,100,100056,100,99465,100,100057,100,99443,100,100074,100,99347,100,100106,100,99252,100
2019-06-28 09:43:40.000000000,99906,173,99775,173,99937,173,99742,173,99966,173,99725,173,100010,173,99488,173,100052,173,99479,173,100056,100,99465,100,100057,100,99443,100,100074,100,99347,100,100106,100,99252,100,100115,100,,
2019-06-28 09:43:40.836866656,99906,173,99775,73,99937,173,99742,173,99966,173,99725,173,100010,173,99488,173,100052,173,99479,173,100056,100,99465,100,100057,100,99443,100,100074,100,99347,100,100106,100,99252,100,100115,100,,
2019-06-28 09:43:50.000000000,99906,466,99742,466,99937,100,99725,100,99966,100,99488,100,100010,100,99479,100,100052,100,99465,100,100056,100,99443,100,100057,100,99347,100,100074,100,99252,100,100106,100,,,100115,100,,
2019-06-28 09:44:00.000000000,99906,173,99742,173,99937,173,99725,173,99966,173,99488,173,100010,173,99479,173,100052,173,99465,173,100056,100,99443,100,100057,100,99347,100,100074,100,99252,100,100106,100,,,100115,100,,
2019-06-28 09:44:03.299315702,99906,173,99742,173,99937,173,99725,173,99966,173,99488,173,100010,173,99479,73,100052,173,99465,173,100056,100,99443,100,100057,100,99423,100,100074,100,99347,100,100106,100,99252,100,100115,100,,
2019-06-28 09:44:04.904987782,99906,173,99742,73,99937,173,99725,173,99966,173,99540,100,100010,173,99488,173,100052,173,99479,73,100056,100,99465,173,100057,100,99443,100,100074,100,99423,100,100106,100,99347,100,100115,100,99252,100
2019-06-28 09:44:10.000000000,99906,192,99725,192,99937,192,99540,192,99966,192,99488,192,100010,192,99465,192,100052,100,99443,100,100056,100,99423,100,100057,100,99347,100,100074,100,99252,100,100106,100,,,100115,100,,
2019-06-28 09:44:19.639927234,99906,192,99725,192,99937,192,99540,192,99966,192,99488,192,100010,192,99465,192,100052,100,99443,100,100056,100,99423,100,100057,100,99373,100,100074,100,99347,100,100106,100,99252,100,100115,100,,
2019-06-28 09:44:20.000000000,99906,283,99725,283,99937,283,99540,283,99966,100,99488,100,100010,100,99465,100,100052,100,99443,100,100056,100,99423,100,100057,100,99373,100,100074,100,99347,100,100106,100,99252,100,100115,100,,
2019-06-28 09:44:24.419978077,99906,283,99725,283,99937,283,99540,283,99966,100,99497,100,100010,100,99488,100,100052,100,99465,100,100056,100,99443,100,100057,100,99423,100,100074,100,99373,100,100106,100,99347,100,100115,100,99252,100
2019-06-28 09:44:25.123881608,99906,283,99725,283,99937,283,99540,183,99966,100,99513,100,100010,100,99497,100,100052,100,99488,100,100056,100,99465,100,100057,100,99443,100,100074,100,99423,100,100106,100,99373,100,100115,100,99347,100
2019-06-28 09:44:30.000000000,99906,173,99725,173,99937,173,99513,173,99966,173,99497,173,100010,173,99488,173,100052,173,99465,173,100056,100,99443,100,100057,100,99423,100,100074,100,99373,100,100106,100,99347,100,100115,100,99252,100
2019-06-28 09:44:37.074054460,99787,100,99725,173,99906,173,99513,173,99937,73,99497,173,99966,173,99488,173,100010,173,99465,173,100052,173,99443,100,100056,100,99423,100,100057,100,99373,100,100074,100,99347,100,100106,100,99252,100
2019-06-28 09:44:40.000000000,99787,466,99725,466,99906,100,99513,100,99966,100,99497,100,100010,100,99488,100,100052,100,99465,100,100056,100,99443,100,100057,100,99423,100,100074,100,99373,100,100106,100,99347,100,100115,100,99252,100
2019-06-28 09:44:49.814807858,99787,466,99725,466,99906,100,99543,100,99966,100,99513,100,100010,100,99497,100,100052,100,99488,100,100056,100,99465,100,100057,100,99443,100,100074,100,99423,100,100106,100,99373,100,100115,100,99347,100
2019-06-28 09:44:50.000000000,99787,173,99725,173,99906,173,99543,173,99966,173,99513,173,100010,173,99497,173,100052,173,99488,173,100056,100,99465,100,100057,100,99443,100,100074,100,99423,100,100106,100,99373,100,100115,100,99347,100
2019-06-28 09:45:00.000000000,99787,192,99725,192,99906,192,99543,192,99966,192,99513,192,100010,192,99497,192,100052,100,99488,100,100056,100,99465,100,100057,100,99443,100,100074,100,99423,100,100106,100,99373,100,100115,100,99347,100
2019-06-28 09:45:08.164205469,99787,192,99725,92,99906,192,99543,192,99966,192,99513,192,100010,192,99497,192,100052,100,99488,100,100056,100,99465,100,100057,100,99443,100,100106,100,99423,100,100115,100,99373,100,100149,100,99347,100
2019-06-28 09:45:10.000000000,99787,224,99543,224,99906,221,99513,221,99966,221,99497,221,100010,100,99488,100,100052,100,99465,100,100056,100,99443,100,100057,100,99423,100,100106,100,99373,100,100115,100,99347,100,100149,100,99252,100
2019-06-28 09:45:12.742811579,99787,224,99543,124,99906,221,99513,221,99966,221,99497,221,100010,100,99488,100,100052,100,99465,100,100056,100,99443,100,100057,100,99423,100,100106,100,99373,100,100115,100,99347,100,100149,100,99252,100
2019-06-28 09:45:16.598551376,99787,224,99543,124,99906,221,99513,221,99966,221,99506,100,100010,100,99497,221,100052,100,99488,100,100056,100,99465,100,100057,100,99443,100,100106,100,99423,100,100115,100,99373,100,100149,100,99347,100
2019-06-28 09:45:18.689520798,99787,224,99543,24,99906,121,99513,221,99966,221,99506,100,100010,100,99497,221,100052,100,99488,100,100056,100,99465,100,100057,100,99443,100,100106,100,99423,100,100115,100,99373,100,100149,100,99347,100
2019-06-28 09:45:20.000000000,99787,224,99513,224,99966,221,99506,221,100010,221,99497,221,100052,100,99488,100,100056,100,99465,100,100057,100,99443,100,100106,100,99423,100,100115,100,99373,100,100149,100,99347,100,100166,100,99252,100
2019-06-28 09:45:21.617625111,99553,100,99513,224,99787,224,99506,221,99966,221,99497,221,100010,221,99488,100,100052,100,99465,100,100056,100,99443,100,100057,100,99423,100,100106,100,99373,100,100115,100,99347,100,100149,100,99252,100
2019-06-28 09:45:30.000000000,99553,283,99513,283,99787,283,99506,283,99966,100,99497,100,100010,100,99488,100,100052,100,99465,100,100056,100,99443,100,100057,100,99423,100,100106,100,99373,100,100115,100,99347,100,100149,100,99252,100
2019-06-28 09:45:31.603120923,99553,283,99513,283,99650,100,99506,283,99787,283,99497,100,99966,100,99488,100,100010,100,99465,100,100052,100,99443,100,100056,100,99423,100,100057,100,99373,100,100106,100,99347,100,100115,100,,
2019-06-28 09:45:40.000000000,99553,283,99513,283,99650,283,99506,283,99787,100,99497,100,99966,100,99488,100,100010,100,99465,100,100052,100,99443,100,100056,100,99423,100,100057,100,99373,100,100106,100,99347,100,100115,100,,
2019-06-28 09:45:50.000000000,99553,173,99513,173,99650,173,99506,173,99787,173,99497,173,99966,173,99488,173,100010,173,99465,173,100052,100,99443,100,100056,100,99423,100,100057,100,99373,100,100106,100,99347,100,100115,100,,
2019-06-28 09:46:00.000000000,99553,224,99513,224,99650,221,99506,221,99787,221,99497,221,99966,100,99488,100,100010,100,99465,100,100052,100,99443,100,100056,100,99423,100,100057,100,99373,100,100106,100,99347,100,100115,100,,
2019-06-28 09:46:05.641935753,99553,224,99513,124,99650,221,99506,221,99787,221,99497,221,99966,100,99488,100,100010,100,99443,100,100052,100,99423,100,100056,100,99373,100,100057,100,99347,100,100106,100,,,100115,100,,
2019-06-28 09:46:07.034304513,99553,224,99513,124,99650,221,99506,221,99787,221,99497,221,99966,100,99488,100,100010,100,99443,100,100052,100,99423,100,100056,100,99373,100,100057,100,99347,100,100106,100,99268,100,100115,100,,
2019-06-28 09:46:10.000000000,99553,466,99506,466,99650,100,99497,100,99787,100,99488,100,99966,100,99443,100,100010,100,99423,100,100052,100,99373,100,100056,100,99347,100,100057,100,99268,100,100106,100,,,100115,100,,
2019-06-28 09:46:10.490049194,99543,100,99506,466,99553,466,99497,100,99650,100,99488,100,99787,100,99443,100,99966,100,99423,100,100010,100,99373,100,100052,100,99347,100,100056,100,99268,100,100057,100,,,100106,100,,
2019-06-28 09:46:20.000000000,99543,224,99506,224,99553,221,99497,221,99650,221,99488,221,99787,100,99443,100,99966,100,99423,100,100010,100,99373,100,100052,100,99347,100,100056,100,99268,100,100057,100,,,100106,100,,
2019-06-28 09:46:20.728034602,99543,224,99506,224,99553,221,99497,221,99650,221,99488,221,99787,100,99443,100,99966,100,99423,100,100010,100,99373,100,100052,100,99347,100,100056,100,99328,100,100057,100,99268,100,100106,100,,
2019-06-28 09:46:30.000000000,99543,192,99506,192,99553,192,99497,192,99650,192,99488,192,99787,192,99443,192,99966,100,99423,100,100010,100,99373,100,100052,100,99347,100,100056,100,99328,100,100057,100,99268,100,100106,100,,
2019-06-28 09:46:40.000000000,99543,466,99506,466,99553,100,99497,100,99650,100,99488,100,99787,100,99443,100,99966,100,99423,100,100010,100,99373,100,100052,100,99347,100,100056,100,99328,100,100057,100,99268,100,100106,100,,
2019-06-28 09:46:50.000000000,99543,192,99506,192,99553,192,99497,192,99650,192,99488,192,99787,192,99443,192,99966,100,99423,100,100010,100,99373,100,100052,100,99347,100,100056,100,99328,100,100057,100,99268,100,100106,100,,
2019-06-28 09:47:00.000000000,99543,192,99506,192,99553,192,99497,192,99650,192,99488,192,99787,192,99443,192,99966,100,99423,100,100010,100,99373,100,100052,100,99347,100,100056,100,99328,100,100057,100,99268,100,100106,100,,
2019-06-28 09:47:09.188695026,99543,192,99514,100,99553,192,99506,192,99650,192,99497,192,99787,192,99488,192,99966,100,99443,192,100010,100,99423,100,100052,100,99373,100,100056,100,99347,100,100057,100,99328,100,100106,100,99268,100
2019-06-28 09:47:10.000000000,99543,173,99514,173,99553,173,99506,173,99650,173,99497,173,99787,173,99488,173,99966,173,99443,173,100010,100,99423,100,100052,100,99373,100,100056,100,99347,100,100057,100,99328,100,100106,100,99268,100
2019-06-28 09:47:20.000000000,99543,466,99514,466,99553,100,99506,100,99650,100,99497,100,99787,100,99488,100,99966,100,99443,100,100010,100,99423,100,100052,100,99373,100,100056,100,99347,100,100057,100,99328,100,100106,100,99268,100
2019-06-28 09:47:30.000000000,99543,173,99514,173,99553,173,99506,173,99650,173,99497,173,99787,173,99488,173,99966,173,99443,173,100010,100,99423,100,100052,100,99373,100,100056,100,99347,100,100057,100,99328,100,100106,100,99268,100
2019-06-28 09:47:39.810011589,99543,173,99514,173,99553,173,99506,173,99650,173,99497,173,99787,173,99488,173,99966,173,99443,173,100010,100,99423,100,100052,100,99373,100,100056,100,99347,100,100057,100,99328,100,100115,100,99268,100
2019-06-28 09:47:40.000000000,99543,224,99514,224,99553,221,99506,221,99650,221,99497,221,99787,100,99488,100,99966,100,99443,100,100010,100,99423,100,100052,100,99373,100,100056,100,99347,100,100057,100,99328,100,100115,100,99268,100
2019-06-28 09:47:46.155149883,99543,224,99514,224,99553,221,99506,221,99650,221,99497,221,99787,100,99488,100,99966,100,99443,100,100010,100,99423,100,100052,100,99373,100,100057,100,99347,100,100115,100,99328,100,100149,100,99268,100
2019-06-28 09:47:50.000000000,99543,224,99514,224,99553,221,99506,221,99650,221,99497,221,99787,100,99488,100,99966,100,99443,100,100010,100,99423,100,100052,100,99373,100,100057,100,99347,100,100115,100,99328,100,100149,100,99268,100
2019-06-28 09:48:00.000000000,99543,466,99514,466,99553,100,99506,100,99650,100,99497,100,99787,100,99488,100,99966,100,99443,100,100010,100,99423,100,100052,100,99373,100,100057,100,99347,100,100115,100,99328,100,100149,100,99268,100
2019-06-28 09:48:04.684319311,99543,466,99514,566,99553,100,99506,100,99650,100,99497,100,99787,100,99488,100,99966,100,99443,100,100010,100,99423,100,100052,100,99373,100,100057,100,99347,100,100115,100,99328,100,100149,100,99268,100
2019-06-28 09:48:10.000000000,99543,192,99514,292,99553,192,99506,192,99650,192,99497,192,99787,192,99488,192,99966,100,99443,100,100010,100,99423,100,100052,100,99373,100,100057,100,99347,100,100115,100,99328,100,100149,100,99268,100
2019-06-28 09:48:20.000000000,99543,466,99514,566,99553,100,99506,100,99650,100,99497,100,99787,100,99488,100,99966,100,99443,100,100010,100,99423,100,100052,100,99373,100,100057,100,99347,100,100115,100,99328,100,100149,100,99268,100
2019-06-28 09:48:28.459569077,99543,366,99514,566,99553,100,99506,100,99650,100,99497,100,99787,100,99488,100,99966,100,99443,100,100052,100,99423,100,100057,100,99373,100,100115,100,99347,100,100149,100,99328,100,100166,100,99268,100
2019-06-28 09:48:30.000000000,99553,192,99514,292,99650,192,99506,192,99787,192,99497,192,99966,192,99488,192,100052,100,99443,100,100057,100,99423,100,100115,100,99373,100,100149,100,99347,100,100166,100,99328,100,100294,100,99268,100
2019-06-28 09:48:33.052609471,99553,92,99514,292,99650,192,99506,192,99787,192,99497,192,99966,192,99488,192,100052,100,99443,100,100057,100,99423,100,100115,100,99373,100,100149,100,99347,100,100166,100,99328,100,100332,100,99268,100
2019-06-28 09:48:39.501080131,99553,92,99543,100,99650,192,99514,292,99787,192,99506,192,99966,192,99497,192,100052,100,99488,192,100057,100,99443,100,100115,100,99423,100,100149,100,99373,100,100166,100,99347,100,100332,100,99328,100
2019-06-28 09:48:40.000000000,99650,466,99543,466,99787,100,99514,200,99966,100,99506,100,100052,100,99497,100,100057,100,99488,100,100115,100,99443,100,100149,100,99423,100,100166,100,99373,100,100332,100,99347,100,,,99328,100
2019-06-28 09:48:50.000000000,99650,466,99543,466,99787,100,99514,200,99966,100,99506,100,100052,100,99497,100,100057,100,99488,100,100115,100,99443,100,100149,100,99423,100,100166,100,99373,100,100332,100,99347,100,,,99328,100
2019-06-28 09:49:00.000000000,99650,283,99543,283,99787,283,99514,383,99966,100,99506,100,100052,100,99497,100,100057,100,99488,100,100115,100,99443,100,100149,100,99423,100,100166,100,99373,100,100332,100,99347,100,,,99328,100
2019-06-28 09:49:08.873705903,99650,283,99543,283,99787,283,99514,383,99966,100,99506,100,100052,100,99497,100,100057,100,99488,100,100115,100,99443,100,100149,100,99423,100,100166,100,99373,100,100274,100,99347,100,100332,100,99328,100
2019-06-28 09:49:10.000000000,99650,466,99543,466,99787,100,99514,200,99966,100,99506,100,100052,100,99497,100,100057,100,99488,100,100115,100,99443,100,100149,100,99423,100,100166,100,99373,100,100274,100,99347,100,100332,100,99328,100
2019-06-28 09:49:10.131924718,99650,466,99543,466,99787,100,99514,200,99966,100,99506,100,100052,100,99497,100,100057,100,99488,100,100115,100,99443,100,100149,100,99423,100,100166,100,99373,100,100274,100,99347,100,100332,100,99328,100
2019-06-28 09:49:20.000000000,99650,283,99543,283,99787,283,99514,383,99966,100,99506,100,100052,100,99497,100,100057,100,99488,100,100115,100,99443,100,100149,100,99423,100,100166,100,99373,100,100274,100,99347,100,100332,100,99328,100
2019-06-28 09:49:26.043486001,99650,283,99543,283,99787,283,99514,383,99966,100,99506,100,100052,100,99497,100,100057,100,99488,100,100115,100,99443,100,100166,100,99423,100,100274,100,99373,100,100332,100,99347,100,100479,100,99328,100
2019-06-28 09:49:28.248472802,99650,283,99543,283,99787,283,99514,383,99966,100,99506,100,100052,100,99497,100,100057,100,99488,100,100115,100,99443,100,100166,100,99423,100,100274,100,99373,100,100332,100,99347,100,100479,100,99328,100
2019-06-28 09:49:30.000000000,99650,173,99543,173,99787,173,99514,273,99966,173,99506,173,100052,173,99497,173,100057,173,99488,173,100115,100,99443,100,100166,100,99423,100,100274,100,99373,100,100332,100,99347,100,100479,100,99328,100
2019-06-28 09:49:40.000000000,99650,466,99543,466,99787,100,99514,200,99966,100,99506,100,100052,100,99497,100,100057,100,99488,100,100115,100,99443,100,100166,100,99423,100,100274,100,99373,100,100332,100,99347,100,100479,100,99328,100
2019-06-28 09:49:50.000000000,99650,173,99543,173,99787,173,99514,273,99966,173,99506,173,100052,173,99497,173,100057,173,99488,173,100115,100,99443,100,100166,100,99423,100,100274,100,99373,100,100332,100,99347,100,100479,100,99328,100
2019-06-28 09:50:00.000000000,99650,466,99543,466,99787,100,99514,200,99966,100,99506,100,100052,100,99497,100,100057,100,99488,100,100115,100,99443,100,100166,100,99423,100,100274,100,99373,100,100332,100,99347,100,100479,100,99328,100
2019-06-28 09:50:10.000000000,99650,283,99543,283,99787,283,99514,383,99966,100,99506,100,100052,100,99497,100,100057,100,99488,100,100115,100,99443,100,100166,100,99423,100,100274,100,99373,100,100332,100,99347,100,100479,100,99328,100
2019-06-28 09:50:10.525169856,99650,83,99543,283,99787,283,99514,383,99966,100,99506,100,100052,100,99497,100,100057,100,99488,100,100115,100,99443,100,100166,100,99423,100,100274,100,99373,100,100332,100,99347,100,100479,100,99328,100
2019-06-28 09:50:20.000000000,99787,466,99543,466,99966,100,99514,200,100052,100,99506,100,100057,100,99497,100,100115,100,99488,100,100166,100,99443,100,100274,100,99423,100,100332,100,99373,100,100479,100,99347,100,100757,100,99328,100
2019-06-28 09:50:30.000000000,99787,224,99543,224,99966,221,99514,321,100052,221,99506,221,100057,100,99497,100,100115,100,99488,100,100166,100,99443,100,100274,100,99423,100,100332,100,99373,100,100479,100,99347,100,100757,100,99328,100
2019-06-28 09:50:40.000000000,99787,224,99543,224,99966,221,99514,321,100052,221,99506,221,100057,100,99497,100,100115,100,99488,100,100166,100,99443,100,100274,100,99423,100,100332,100,99373,100,100479,100,99347,100,100757,100,99328,100
2019-06-28 09:50:50.000000000,99787,466,99543,466,99966,100,99514,200,100052,100,99506,100,100057,100,99497,100,100115,100,99488,100,100166,100,99443,100,100274,100,99423,100,100332,100,99373,100,100479,100,99347,100,100757,100,99328,100
2019-06-28 09:51:00.000000000,99787,283,99543,283,99966,283,99514,383,100052,100,99506,100,100057,100,99497,100,100115,100,99488,100,100166,100,99443,100,100274,100,99423,100,100332,100,99373,100,100479,100,99347,100,100757,100,99328,100
2019-06-28 09:51:00.091074462,99787,283,99543,283,99966,283,99514,383,100052,100,99506,100,100057,100,99497,100,100115,100,99488,100,100166,100,99443,100,100274,100,99423,100,100332,100,99373,100,100479,100,99347,100,100757,100,99328,100
2019-06-28 09:51:06.542750409,99787,283,99543,283,99966,283,99514,383,100052,100,99506,100,100057,100,99497,100,100115,100,99488,100,100166,100,99443,100,100274,100,99423,100,100332,100,99373,100,100479,100,99347,100,100757,100,99328,100
2019-06-28 09:51:10.000000000,99787,173,99543,173,99966,173,99514,273,100052,173,99506,173,100057,173,99497,173,100115,173,99488,173,100166,100,99443,100,100274,100,99423,100,100332,100,99373,100,100479,100,99347,100,100757,100,99328,100
2019-06-28 09:51:12.372075792,99787,173,99543,173,99966,173,99514,273,100052,173,99506,173,100057,173,99497,173,100115,173,99488,173,100166,100,99443,100,100274,100,99423,100,100332,100,99373,100,100479,100,99347,100,100757,100,99328,100
2019-06-28 09:51:16.168430688,99787,73,99543,173,99966,173,99514,273,100052,173,99506,173,100057,173,99497,173,100115,173,99488,173,100274,100,99443,100,100332,100,99423,100,100479,100,99373,100,100757,100,99347,100,100813,100,99328,100
2019-06-28 09:51:20.000000000,99966,224,99543,224,100052,221,99514,321,100057,221,99506,221,100115,100,99497,100,100274,100,99488,100,100332,100,99443,100,100479,100,99423,100,100757,100,99373,100,100813,100,99347,100,101204,100,99328,100
2019-06-28 09:51:28.050651503,99966,124,99543,224,100052,221,99514,321,100057,221,99506,221,100115,100,99497,100,100274,100,99488,100,100332,100,99443,100,100479,100,99423,100,100757,100,99373,100,100813,100,99347,100,101204,100,99328,100
2019-06-28 09:51:30.000000000,100052,283,99543,283,100057,283,99514,383,100115,100,99506,100,100274,100,99497,100,100332,100,99488,100,100479,100,99443,100,100757,100,99423,100,100813,100,99373,100,101204,100,99347,100,101356,100,99328,100
2019-06-28 09:51:40.000000000,100052,283,99543,283,100057,283,99514,383,100115,100,99506,100,100274,100,99497,100,100332,100,99488,100,100479,100,99443,100,100757,100,99423,100,100813,100,99373,100,101204,100,99347,100,101356,100,99328,100
2019-06-28 09:51:50.000000000,100052,192,99543,192,100057,192,99514,292,100115,192,99506,192,100274,192,99497,192,100332,100,99488,100,100479,100,99443,100,100757,100,99423,100,100813,100,99373,100,101204,100,99347,100,101356,100,99328,100
2019-06-28 09:51:54.547764263,100052,92,99543,192,100057,192,99514,292,100115,192,99506,192,100274,192,99497,192,100332,100,99488,100,100479,100,99443,100,100757,100,99423,100,100813,100,99373,100,101204,100,99347,100,101356,100,99328,100
2019-06-28 09:51:55.089336173,100052,92,99966,100,100057,192,99543,192,100115,192,99514,292,100274,192,99506,192,100332,100,99497,192,100479,100,99488,100,100757,100,99443,100,100813,100,99423,100,101204,100,99373,100,101356,100,99347,100
2019-06-28 09:51:55.890279788,100052,92,99966,100,100057,192,99543,192,100115,192,99514,292,100274,192,99506,192,100332,100,99497,192,100479,100,99488,100,100757,100,99443,100,100813,100,99423,100,101155,100,99373,100,101204,100,99347,100
2019-06-28 09:51:56.391669152,100057,192,100052,8,100115,192,99966,100,100274,192,99543,192,100332,100,99514,292,100479,100,99506,192,100757,100,99497,192,100813,100,99488,100,101155,100,99443,100,101204,100,99423,100,101356,100,99373,100
2019-06-28 09:51:58.124088340,100057,92,100052,8,100115,192,99966,100,100274,192,99543,192,100332,100,99514,292,100479,100,99506,192,100757,100,99497,192,100813,100,99443,100,101155,100,99423,100,101204,100,99373,100,101356,100,99347,100
2019-06-28 09:52:00.000000000,100115,173,100052,81,100274,173,99966,173,100332,173,99543,173,100479,173,99514,273,100757,173,99506,173,100813,100,99497,100,101155,100,99443,100,101204,100,99423,100,101356,100,99373,100,,,99347,100
2019-06-28 09:52:10.000000000,100115,224,100052,132,100274,221,99966,221,100332,221,99543,221,100479,100,99514,200,100757,100,99506,100,100813,100,99497,100,101155,100,99443,100,101204,100,99423,100,101356,100,99373,100,,,99347,100
2019-06-28 09:52:20.000000000,100115,283,100052,191,100274,283,99966,283,100332,100,99543,100,100479,100,99514,200,100757,100,99506,100,100813,100,99497,100,101155,100,99443,100,101204,100,99423,100,101356,100,99373,100,,,99347,100
2019-06-28 09:52:23.190742275,100115,183,100052,191,100274,283,99966,283,100332,100,99543,100,100479,100,99514,200,100757,100,99506,100,100813,100,99497,100,101155,100,99443,100,101204,100,99423,100,101278,100,99373,100,101356,100,99347,100
2019-06-28 09:52:25.925516183,100115,83,100052,191,100274,283,99966,283,100332,100,99543,100,100479,100,99514,200,100757,100,99506,100,100813,100,99497,100,101155,100,99443,100,101204,100,99423,100,101278,100,99373,100,101356,100,99347,100
2019-06-28 09:52:30.000000000,100274,224,100052,132,100332,221,99966,221,100479,221,99543,221,100757,100,99514,200,100813,100,99506,100,101155,100,99497,100,101204,100,99443,100,101278,100,99423,100,101356,100,99373,100,,,99347,100
2019-06-28 09:52:39.705330555,100274,224,100052,132,100332,221,99966,221,100479,221,99543,221,100757,100,99514,200,100813,100,99506,100,101144,100,99497,100,101155,100,99443,100,101204,100,99423,100,101278,100,99373,100,101356,100,99347,100
2019-06-28 09:52:40.000000000,100274,173,100052,81,100332,173,99966,173,100479,173,99543,173,100757,173,99514,273,100813,173,99506,173,101144,100,99497,100,101155,100,99443,100,101204,100,99423,100,101278,100,99373,100,101356,100,99347,100
2019-06-28 09:52:42.156656162,100274,73,100052,81,100332,173,99966,173,100479,173,99543,173,100757,173,99514,273,100813,173,99506,173,101144,100,99497,100,101155,100,99443,100,101204,100,99423,100,101278,100,99373,100,101356,100,99347,100
2019-06-28 09:52:50.000000000,100332,192,100052,100,100479,192,99966,192,100757,192,99543,192,100813,192,99514,292,101144,100,99506,100,101155,100,99497,100,101204,100,99443,100,101278,100,99423,100,101356,100,99373,100,,,99347,100
2019-06-28 09:53:00.000000000,100332,173,100052,81,100479,173,99966,173,100757,173,99543,173,100813,173,99514,273,101144,173,99506,173,101155,100,99497,100,101204,100,99443,100,101278,100,99423,100,101356,100,99373,100,,,99347,100
2019-06-28 09:53:10.000000000,100332,283,100052,191,100479,283,99966,283,100757,100,99543,100,100813,100,99514,200,101144,100,99506,100,101155,100,99497,100,101204,100,99443,100,101278,100,99423,100,101356,100,99373,100,,,99347,100
2019-06-28 09:53:18.579530767,100332,283,100052,191,100479,283,99966,283,100757,100,99543,100,100813,100,99514,200,101144,100,99506,100,101155,100,99497,100,101204,100,99443,100,101261,100,99423,100,101278,100,99373,100,101356,100,99347,100
2019-06-28 09:53:20.000000000,100332,466,100052,374,100479,100,99966,100,100757,100,99543,100,100813,100,99514,200,101144,100,99506,100,101155,100,99497,100,101204,100,99443,100,101261,100,99423,100,101278,100,99373,100,101356,100,99347,100
2019-06-28 09:53:30.000000000,100332,283,100052,191,100479,283,99966,283,100757,100,99543,100,100813,100,99514,200,101144,100,99506,100,101155,100,99497,100,101204,100,99443,100,101261,100,99423,100,101278,100,99373,100,101356,100,99347,100
2019-06-28 09:53:31.873300921,100332,183,100052,191,100479,283,99966,283,100757,100,99543,100,100813,100,99514,200,101144,100,99506,100,101155,100,99497,100,101204,100,99443,100,101261,100,99423,100,101278,100,99373,100,101356,100,99347,100
2019-06-28 09:53:38.800912325,100332,183,100052,191,100479,283,99966,283,100757,100,99543,100,100813,100,99514,200,100848,100,99506,100,101155,100,99497,100,101204,100,99443,100,101261,100,99423,100,101278,100,99373,100,101356,100,99347,100
2019-06-28 09:53:40.000000000,100479,224,100052,132,100757,221,99966,221,100813,221,99543,221,100848,100,99514,200,101155,100,99506,100,101204,100,99497,100,101261,100,99443,100,101278,100,99423,100,101356,100,99373,100,,,99347,100
2019-06-28 09:53:50.000000000,100479,224,100052,132,100757,221,99966,221,100813,221,99543,221,100848,100,99514,200,101155,100,99506,100,101204,100,99497,100,101261,100,99443,100,101278,100,99423,100,101356,100,99373,100,,,99347,100
2019-06-28 09:54:00.000000000,100479,192,100052,100,100757,192,99966,192,100813,192,99543,192,100848,192,99514,292,101155,100,99506,100,101204,100,99497,100,101261,100,99443,100,101278,100,99423,100,101356,100,99373,100,,,99347,100
2019-06-28 09:54:10.000000000,100479,283,100052,191,100757,283,99966,283,100813,100,99543,100,100848,100,99514,200,101155,100,99506,100,101204,100,99497,100,101261,100,99443,100,101278,100,99423,100,101356,100,99373,100,,,99347,100
2019-06-28 09:54:17.130944734,100479,283,100274,100,100757,283,100052,191,100813,100,99966,283,100848,100,99543,100,101155,100,99514,200,101204,100,99506,100,101261,100,99497,100,101278,100,99443,100,101356,100,99423,100,,,99373,100
2019-06-28 09:54:20.000000000,100479,224,100274,224,100757,221,100052,129,100813,221,99966,221,100848,100,99543,100,101155,100,99514,200,101204,100,99506,100,101261,100,99497,100,101278,100,99443,100,101356,100,99423,100,,,99373,100
2019-06-28 09:54:30.000000000,100479,283,100274,283,100757,283,100052,191,100813,100,99966,100,100848,100,99543,100,101155,100,99514,200,101204,100,99506,100,101261,100,99497,100,101278,100,99443,100,101356,100,99423,100,,,99373,100
2019-06-28 09:54:40.000000000,100479,192,100274,192,100757,192,100052,100,100813,192,99966,192,100848,192,99543,192,101155,100,99514,200,101204,100,99506,100,101261,100,99497,100,101278,100,99443,100,101356,100,99423,100,,,99373,100
2019-06-28 09:54:43.124782945,100479,92,100274,192,100757,192,100052,100,100813,192,99966,192,100848,192,99543,192,101155,100,99514,200,101204,100,99506,100,101261,100,99497,100,101278,100,99443,100,101356,100,99423,100,,,99373,100
2019-06-28 09:54:50.000000000,100757,173,100274,173,100813,173,100052,81,100848,173,99966,173,101155,173,99543,173,101204,173,99514,273,101261,100,99506,100,101278,100,99497,100,101356,100,99443,100,,,99423,100,,,99373,100
2019-06-28 09:55:00.000000000,100757,224,100274,224,100813,221,100052,129,100848,221,99966,221,101155,100,99543,100,101204,100,99514,200,101261,100,99506,100,101278,100,99497,100,101356,100,99443,100,,,99423,100,,,99373,100
2019-06-28 09:55:01.615999722,100757,124,100274,224,100813,221,100052,129,100848,221,99966,221,101155,100,99543,100,101204,100,99514,200,101261,100,99506,100,101278,100,99497,100,101356,100,99443,100,,,99423,100,,,99373,100
2019-06-28 09:55:04.924286773,100757,124,100274,224,100813,221,100052,129,100848,221,99966,221,101151,100,99543,100,101155,100,99514,200,101204,100,99506,100,101261,100,99497,100,101278,100,99443,100,101356,100,99423,100,,,99373,100
2019-06-28 09:55:08.396535490,100757,124,100274,224,100813,221,100052,129,100848,221,99966,221,101151,100,99543,100,101155,100,99514,200,101204,100,99506,100,101261,100,99497,100,101278,100,99443,100,101288,100,99423,100,101356,100,99373,100
2019-06-28 09:55:09.816025248,100757,124,100274,224,100813,221,100052,129,100848,221,99966,221,101120,100,99543,100,101151,100,99514,200,101155,100,99506,100,101204,100,99497,100,101261,100,99443,100,101278,100,99423,100,101288,100,99373,100
2019-06-28 09:55:10.000000000,100813,224,100274,224,100848,221,100052,129,101120,221,99966,221,101151,100,99543,100,101155,100,99514,200,101204,100,99506,100,101261,100,99497,100,101278,100,99443,100,101288,100,99423,100,101356,100,99373,100
2019-06-28 09:55:10.852693517,100813,124,100274,224,100848,221,100052,129,101120,221,99966,221,101151,100,99543,100,101155,100,99514,200,101204,100,99506,100,101261,100,99497,100,101278,100,99443,100,101288,100,99423,100,101356,100,99373,100
2019-06-28 09:55:20.000000000,100848,173,100274,173,101120,173,100052,81,101151,173,99966,173,101155,173,99543,173,101204,173,99514,273,101261,100,99506,100,101278,100,99497,100,101288,100,99443,100,101356,100,99423,100,,,99373,100
2019-06-28 09:55:21.177822562,100848,73,100274,173,101120,173,100052,81,101151,173,99966,173,101155,173,99543,173,101204,173,99514,273,101261,100,99506,100,101278,100,99497,100,101288,100,99443,100,101356,100,99423,100,,,99373,100
2019-06-28 09:55:30.000000000,101120,173,100274,173,101151,173,100052,81,101155,173,99966,173,101204,173,99543,173,101261,173,99514,273,101278,100,99506,100,101288,100,99497,100,101356,100,99443,100,,,99423,100,,,99373,100
2019-06-28 09:55:34.623324068,101120,173,100813,100,101151,173,100274,173,101155,173,100052,81,101204,173,99966,173,101261,173,99543,173,101278,100,99514,273,101288,100,99506,100,101356,100,99497,100,,,99443,100,,,99423,100
2019-06-28 09:55:40.000000000,101120,224,100813,224,101151,221,100274,221,101155,221,100052,129,101204,100,99966,100,101261,100,99543,100,101278,100,99514,200,101288,100,99506,100,101356,100,99497,100,,,99443,100,,,99423,100
2019-06-28 09:55:49.683172137,101120,224,100813,224,101151,221,100274,221,101155,221,100052,129,101204,100,99966,100,101261,100,99514,200,101278,100,99506,100,101288,100,99497,100,101356,100,99443,100,,,99423,100,,,99373,100
2019-06-28 09:55:50.000000000,101120,466,100813,466,101151,100,100274,100,101155,100,100052,8,101204,100,99966,100,101261,100,99514,200,101278,100,99506,100,101288,100,99497,100,101356,100,99443,100,,,99423,100,,,99373,100
2019-06-28 09:56:00.000000000,101120,466,100813,466,101151,100,100274,100,101155,100,100052,8,101204,100,99966,100,101261,100,99514,200,101278,100,99506,100,101288,100,99497,100,101356,100,99443,100,,,99423,100,,,99373,100
2019-06-28 09:56:10.000000000,101120,283,100813,283,101151,283,100274,283,101155,100,100052,8,101204,100,99966,100,101261,100,99514,200,101278,100,99506,100,101288,100,99497,100,101356,100,99443,100,,,99423,100,,,99373,100
2019-06-28 09:56:20.000000000,101120,466,100813,466,101151,100,100274,100,101155,100,100052,8,101204,100,99966,100,101261,100,99514,200,101278,100,99506,100,101288,100,99497,100,101356,100,99443,100,,,99423,100,,,99373,100
2019-06-28 09:56:30.000000000,101120,283,100813,283,101151,283,100274,283,101155,100,100052,8,101204,100,99966,100,101261,100,99514,200,101278,100,99506,100,101288,100,99497,100,101356,100,99443,100,,,99423,100,,,99373,100
2019-06-28 09:56:36.325182236,101120,283,100813,283,101151,283,100367,100,101155,100,100274,283,101204,100,100052,8,101261,100,99966,100,101278,100,99514,200,101288,100,99506,100,101356,100,99497,100,,,99443,100,,,99423,100
2019-06-28 09:56:40.000000000,101120,283,100813,283,101151,283,100367,283,101155,100,100274,100,101204,100,100052,8,101261,100,99966,100,101278,100,99514,200,101288,100,99506,100,101356,100,99497,100,,,99443,100,,,99423,100
2019-06-28 09:56:40.949986567,101120,283,100813,283,101151,283,100503,100,101155,100,100367,283,101204,100,100274,100,101261,100,100052,8,101278,100,99966,100,101288,100,99514,200,101356,100,99506,100,,,99497,100,,,99443,100
2019-06-28 09:56:50.000000000,101120,192,100813,192,101151,192,100503,192,101155,192,100367,192,101204,192,100274,192,101261,100,100052,8,101278,100,99966,100,101288,100,99514,200,101356,100,99506,100,,,99497,100,,,99443,100
2019-06-28 09:57:00.000000000,101120,192,100813,192,101151,192,100503,192,101155,192,100367,192,101204,192,100274,192,101261,100,100052,8,101278,100,99966,100,101288,100,99514,200,101356,100,99506,100,,,99497,100,,,99443,100
2019-06-28 09:57:10.000000000,101120,173,100813,173,101151,173,100503,173,101155,173,100367,173,101204,173,100274,173,101261,173,100052,81,101278,100,99966,100,101288,100,99514,200,101356,100,99506,100,,,99497,100,,,99443,100
2019-06-28 09:57:14.187807777,101120,173,100813,173,101151,173,100742,100,101155,173,100503,173,101204,173,100367,173,101261,173,100274,173,101278,100,100052,81,101288,100,99966,100,101356,100,99514,200,,,99506,100,,,99497,100
2019-06-28 09:57:20.000000000,101120,283,100813,283,101151,283,100742,283,101155,100,100503,100,101204,100,100367,100,101261,100,100274,100,101278,100,100052,8,101288,100,99966,100,101356,100,99514,200,,,99506,100,,,99497,100
2019-06-28 09:57:30.000000000,101120,283,100813,283,101151,283,100742,283,101155,100,100503,100,101204,100,100367,100,101261,100,100274,100,101278,100,100052,8,101288,100,99966,100,101356,100,99514,200,,,99506,100,,,99497,100
2019-06-28 09:57:35.292519563,101120,283,100813,283,101151,283,100742,283,101155,100,100698,100,101204,100,100503,100,101261,100,100367,100,101278,100,100274,100,101288,100,100052,8,101356,100,99966,100,,,99514,200,,,99506,100
2019-06-28 09:57:40.000000000,101120,192,100813,192,101151,192,100742,192,101155,192,100698,192,101204,192,100503,192,101261,100,100367,100,101278,100,100274,100,101288,100,100052,8,101356,100,99966,100,,,99514,200,,,99506,100
2019-06-28 09:57:50.000000000,101120,224,100813,224,101151,221,100742,221,101155,221,100698,221,101204,100,100503,100,101261,100,100367,100,101278,100,100274,100,101288,100,100052,8,101356,100,99966,100,,,99514,200,,,99506,100
2019-06-28 09:57:55.125579416,101120,224,100813,224,101151,221,100742,221,101155,221,100698,221,101204,100,100562,100,101261,100,100503,100,101278,100,100367,100,101288,100,100274,100,101356,100,100052,8,,,99966,100,,,99514,200
2019-06-28 09:58:00.000000000,101120,283,100813,283,101151,283,100742,283,101155,100,100698,100,101204,100,100562,100,101261,100,100503,100,101278,100,100367,100,101288,100,100274,100,101356,100,100052,8,,,99966,100,,,99514,200
2019-06-28 09:58:00.842419638,101120,283,100813,283,101151,283,100742,283,101155,100,100698,100,101204,100,100562,100,101261,100,100503,100,101278,100,100367,100,101288,100,100052,8,101356,100,99966,100,,,99514,200,,,99506,100
2019-06-28 09:58:05.089210800,101120,283,100813,283,101151,283,100742,283,101155,100,100698,100,101204,100,100605,100,101261,100,100562,100,101278,100,100503,100,101288,100,100367,100,101356,100,100052,8,,,99966,100,,,99514,200
2019-06-28 09:58:10.000000000,101120,173,100813,173,101151,173,100742,173,101155,173,100698,173,101204,173,100605,173,101261,173,100562,173,101278,100,100503,100,101288,100,100367,100,101356,100,100052,8,,,99966,100,,,99514,200
2019-06-28 09:58:12.119221216,101120,173,100821,100,101151,173,100813,173,101155,173,100742,173,101204,173,100698,173,101261,173,100605,173,101278,100,100562,173,101288,100,100503,100,101356,100,100367,100,,,100052,8,,,99966,100
2019-06-28 09:58:20.000000000,101120,192,100821,192,101151,192,100813,192,101155,192,100742,192,101204,192,100698,192,101261,100,100605,100,101278,100,100562,100,101288,100,100503,100,101356,100,100367,100,,,100052,8,,,99966,100
2019-06-28 09:58:30.000000000,101120,224,100821,224,101151,221,100813,221,101155,221,100742,221,101204,100,100698,100,101261,100,100605,100,101278,100,100562,100,101288,100,100503,100,101356,100,100367,100,,,100052,8,,,99966,100
2019-06-28 09:58:30.233989923,101120,224,100821,224,101151,221,100813,221,101155,221,100742,221,101204,100,100698,100,101261,100,100605,100,101278,100,100562,100,101288,100,100503,100,101356,100,100367,100,,,100052,8,,,99966,100
2019-06-28 09:58:40.000000000,101120,466,100821,466,101151,100,100813,100,101155,100,100742,100,101204,100,100698,100,101261,100,100605,100,101278,100,100562,100,101288,100,100503,100,101356,100,100367,100,,,100052,8,,,99966,100
2019-06-28 09:58:50.000000000,101120,173,100821,173,101151,173,100813,173,101155,173,100742,173,101204,173,100698,173,101261,173,100605,173,101278,100,100562,100,101288,100,100503,100,101356,100,100367,100,,,100052,8,,,99966,100
2019-06-28 09:59:00.000000000,101120,224,100821,224,101151,221,100813,221,101155,221,100742,221,101204,100,100698,100,101261,100,100605,100,101278,100,100562,100,101288,100,100503,100,101356,100,100367,100,,,100052,8,,,99966,100
2019-06-28 09:59:08.596446794,101120,224,100851,100,101151,221,100821,224,101155,221,100813,221,101204,100,100742,221,101278,100,100698,100,101288,100,100605,100,101356,100,100562,100,,,100503,100,,,100367,100,,,100052,8
2019-06-28 09:59:10.000000000,101120,466,100851,466,101151,100,100821,100,101155,100,100813,100,101204,100,100742,100,101278,100,100698,100,101288,100,100605,100,101356,100,100562,100,,,100503,100,,,100367,100,,,100052,8
2019-06-28 09:59:20.000000000,101120,283,100851,283,101151,283,100821,283,101155,100,100813,100,101204,100,100742,100,101278,100,100698,100,101288,100,100605,100,101356,100,100562,100,,,100503,100,,,100367,100,,,100052,8
2019-06-28 09:59:30.000000000,101120,466,100851,466,101151,100,100821,100,101155,100,100813,100,101204,100,100742,100,101278,100,100698,100,101288,100,100605,100,101356,100,100562,100,,,100503,100,,,100367,100,,,100052,8
2019-06-28 09:59:40.000000000,101120,224,100851,224,101151,221,100821,221,101155,221,100813,221,101204,100,100742,100,101278,100,100698,100,101288,100,100605,100,101356,100,100562,100,,,100503,100,,,100367,100,,,100052,8
2019-06-28 09:59:48.783896705,101119,100,100851,224,101120,224,100821,221,101151,221,100813,221,101155,221,100742,100,101204,100,100698,100,101278,100,100605,100,101288,100,100562,100,101356,100,100503,100,,,100367,100,,,100052,8
2019-06-28 09:59:50.000000000,101119,173,100851,173,101120,173,100821,173,101151,173,100813,173,101155,173,100742,173,101204,173,100698,173,101278,100,100605,100,101288,100,100562,100,101356,100,100503,100,,,100367,100,,,100052,8
2019-06-28 09:59:58.267519774,101119,173,100965,100,101120,173,100851,173,101151,173,100821,173,101155,173,100813,173,101204,173,100742,173,101278,100,100698,173,101288,100,100605,100,101356,100,100562,100,,,100503,100,,,100367,100
2019-06-28 10:00:00.000000000,101119,224,100965,224,101120,221,100851,221,101151,221,100821,221,101155,100,100813,100,101204,100,100742,100,101278,100,100698,100,101288,100,100605,100,101356,100,100562,100,,,100503,100,,,100367,100
2019-06-28 10:00:02.810892935,101019,100,100965,224,101119,224,100851,221,101120,221,100821,221,101151,221,100813,100,101155,100,100742,100,101204,100,100698,100,101278,100,100605,100,101288,100,100562,100,101356,100,100503,100,,,100367,100
2019-06-28 10:00:10.000000000,101019,192,100965,192,101119,192,100851,192,101120,192,100821,192,101151,192,100813,192,101155,100,100742,100,101204,100,100698,100,101278,100,100605,100,101288,100,100562,100,101356,100,100503,100,,,100367,100
2019-06-28 10:00:19.817114399,101019,92,100965,192,101119,192,100851,192,101120,192,100821,192,101151,192,100813,192,101155,100,100742,100,101204,100,100698,100,101278,100,100605,100,101356,100,100562,100,,,100503,100,,,100367,100
2019-06-28 10:00:20.000000000,101119,224,100965,224,101120,221,100851,221,101151,221,100821,221,101155,100,100813,100,101204,100,100742,100,101278,100,100698,100,101356,100,100605,100,,,100562,100,,,100503,100,,,100367,100
2019-06-28 10:00:30.000000000,101119,283,100965,283,101120,283,100851,283,101151,100,100821,100,101155,100,100813,100,101204,100,100742,100,101278,100,100698,100,101356,100,100605,100,,,100562,100,,,100503,100,,,100367,100
2019-06-28 10:00:40.000000000,101119,466,100965,466,101120,100,100851,100,101151,100,100821,100,101155,100,100813,100,101204,100,100742,100,101278,100,100698,100,101356,100,100605,100,,,100562,100,,,100503,100,,,100367,100
2019-06-28 10:00:50.000000000,101119,173,100965,173,101120,173,100851,173,101151,173,100821,173,101155,173,100813,173,101204,173,100742,173,101278,100,100698,100,101356,100,100605,100,,,100562,100,,,100503,100,,,100367,100
2019-06-28 10:01:00.000000000,101119,173,100965,173,101120,173,100851,173,101151,173,100821,173,101155,173,100813,173,101204,173,100742,173,101278,100,100698,100,101356,100,100605,100,,,100562,100,,,100503,100,,,100367,100
2019-06-28 10:01:10.000000000,101119,283,100965,283,101120,283,100851,283,101151,100,100821,100,101155,100,100813,100,101204,100,100742,100,101278,100,100698,100,101356,100,100605,100,,,100562,100,,,100503,100,,,100367,100
2019-06-28 10:01:17.111412957,101119,283,100965,283,101120,283,100851,283,101151,100,100821,100,101155,100,100813,100,101204,100,100742,100,101278,100,100698,100,101821,100,100605,100,,,100562,100,,,100503,100,,,100367,100
2019-06-28 10:01:19.169911652,101119,183,100965,283,101120,283,100851,283,101151,100,100821,100,101155,100,100813,100,101204,100,100742,100,101278,100,100698,100,101821,100,100562,100,,,100503,100,,,100367,100,,,100052,8
2019-06-28 10:01:20.000000000,101120,466,100965,466,101151,100,100851,100,101155,100,100821,100,101204,100,100813,100,101278,100,100742,100,101821,100,100698,100,,,100562,100,,,100503,100,,,100367,100,,,100052,8
2019-06-28 10:01:24.083921862,101120,466,100965,466,101151,100,100851,100,101155,100,100821,100,101204,100,100813,100,101278,100,100742,100,101599,100,100698,100,101821,100,100562,100,,,100503,100,,,100367,100,,,100052,8
2019-06-28 10:01:30.000000000,101120,283,100965,283,101151,283,100851,283,101155,100,100821,100,101204,100,100813,100,101278,100,100742,100,101599,100,100698,100,101821,100,100562,100,,,100503,100,,,100367,100,,,100052,8
2019-06-28 10:01:30.339080303,101120,283,100965,283,101151,283,100851,283,101155,100,100821,100,101204,100,100813,100,101278,100,100742,100,101599,100,100698,100,101816,100,100562,100,101821,100,100503,100,,,100367,100,,,100052,8
2019-06-28 10:01:30.665219210,101120,283,101019,100,101151,283,100965,283,101155,100,100851,283,101204,100,100821,100,101278,100,100813,100,101599,100,100742,100,101816,100,100698,100,101821,100,100562,100,,,100503,100,,,100367,100
2019-06-28 10:01:40.000000000,101120,466,101019,466,101151,100,100965,100,101155,100,100851,100,101204,100,100821,100,101278,100,100813,100,101599,100,100742,100,101816,100,100698,100,101821,100,100562,100,,,100503,100,,,100367,100
2019-06-28 10:01:50.000000000,101120,283,101019,283,101151,283,100965,283,101155,100,100851,100,101204,100,100821,100,101278,100,100813,100,101599,100,100742,100,101816,100,100698,100,101821,100,100562,100,,,100503,100,,,100367,100
2019-06-28 10:02:00.000000000,101120,173,101019,173,101151,173,100965,173,101155,173,100851,173,101204,173,100821,173,101278,173,100813,173,101599,100,100742,100,101816,100,100698,100,101821,100,100562,100,,,100503,100,,,100367,100
2019-06-28 10:02:05.304234621,101120,73,101019,173,101151,173,100965,173,101155,173,100851,173,101204,173,100821,173,101278,173,100813,173,101599,100,100742,100,101816,100,100698,100,101821,100,100562,100,,,100503,100,,,100367,100
2019-06-28 10:02:10.000000000,101151,466,101019,466,101155,100,100965,100,101204,100,100851,100,101278,100,100821,100,101599,100,100813,100,101816,100,100742,100,101821,100,100698,100,,,100562,100,,,100503,100,,,100367,100
2019-06-28 10:02:12.594004084,101151,366,101019,466,101155,100,100965,100,101204,100,100851,100,101278,100,100821,100,101599,100,100813,100,101816,100,100742,100,101821,100,100698,100,,,100562,100,,,100503,100,,,100367,100
2019-06-28 10:02:20.000000000,101155,192,101019,192,101204,192,100965,192,101278,192,100851,192,101599,192,100821,192,101816,100,100813,100,101821,100,100742,100,,,100698,100,,,100562,100,,,100503,100,,,100367,100
2019-06-28 10:02:30.000000000,101155,173,101019,173,101204,173,100965,173,101278,173,100851,173,101599,173,100821,173,101816,173,100813,173,101821,100,100742,100,,,100698,100,,,100562,100,,,100503,100,,,100367,100
2019-06-28 10:02:40.000000000,101155,283,101019,283,101204,283,100965,283,101278,100,100851,100,101599,100,100821,100,101816,100,100813,100,101821,100,100742,100,,,100698,100,,,100562,100,,,100503,100,,,100367,100
2019-06-28 10:02:44.524937552,101155,283,101120,100,101204,283,101019,283,101278,100,100965,283,101599,100,100851,100,101816,100,100821,100,101821,100,100813,100,,,100742,100,,,100698,100,,,100562,100,,,100503,100
2019-06-28 10:02:50.000000000,101155,466,101120,466,101204,100,101019,100,101278,100,100965,100,101599,100,100851,100,101816,100,100821,100,101821,100,100813,100,,,100742,100,,,100698,100,,,100562,100,,,100503,100
2019-06-28 10:02:57.816141542,101155,366,101120,466,101204,100,101019,100,101278,100,100965,100,101599,100,100851,100,101816,100,100821,100,101821,100,100813,100,,,100742,100,,,100698,100,,,100503,100,,,100367,100
2019-06-28 10:02:59.880634377,101155,266,101120,466,101204,100,101019,100,101278,100,100965,100,101599,100,100851,100,101816,100,100821,100,101821,100,100813,100,,,100742,100,,,100698,100,,,100503,100,,,100367,100
2019-06-28 10:03:00.000000000,101204,466,101120,466,101278,100,101019,100,101599,100,100965,100,101816,100,100851,100,101821,100,100821,100,,,100813,100,,,100742,100,,,100698,100,,,100503,100,,,100367,100
2019-06-28 10:03:00.585661466,101204,366,101120,466,101278,100,101019,100,101599,100,100965,100,101816,100,100851,100,101821,100,100821,100,,,100813,100,,,100742,100,,,100698,100,,,100503,100,,,100367,100
2019-06-28 10:03:10.000000000,101278,173,101120,173,101599,173,101019,173,101816,173,100965,173,101821,173,100851,173,101822,73,100821,173,,,100813,100,,,100742,100,,,100698,100,,,100503,100,,,100367,100
2019-06-28 10:03:11.454604009,101278,73,101120,173,101599,173,101019,173,101816,173,100965,173,101821,173,100851,73,101822,73,100821,173,,,100813,100,,,100742,100,,,100698,100,,,100503,100,,,100367,100
2019-06-28 10:03:20.000000000,101599,192,101120,192,101816,192,101019,192,101821,192,100965,192,101822,92,100821,192,,,100813,100,,,100742,100,,,100698,100,,,100503,100,,,100367,100,,,100052,8
2019-06-28 10:03:30.000000000,101599,283,101120,283,101816,283,101019,283,101821,100,100965,100,,,100821,100,,,100813,100,,,100742,100,,,100698,100,,,100503,100,,,100367,100,,,100052,8
2019-06-28 10:03:40.000000000,101599,283,101120,283,101816,283,101019,283,101821,100,100965,100,,,100821,100,,,100813,100,,,100742,100,,,100698,100,,,100503,100,,,100367,100,,,100052,8
2019-06-28 10:03:50.000000000,101599,224,101120,224,101816,221,101019,221,101821,221,100965,221,,,100821,100,,,100813,100,,,100742,100,,,100698,100,,,100503,100,,,100367,100,,,100052,8
2019-06-28 10:03:57.226538135,101599,224,101120,124,101816,221,101019,221,101821,221,100965,221,,,100821,100,,,100813,100,,,100742,100,,,100698,100,,,100503,100,,,100367,100,,,100052,8
2019-06-28 10:04:00.000000000,101599,283,101019,283,101816,283,100965,283,101821,100,100821,100,,,100813,100,,,100742,100,,,100698,100,,,100503,100,,,100367,100,,,100052,8,,,99966,100
2019-06-28 10:04:08.519824296,101213,100,101019,283,101599,283,100965,283,101816,283,100821,100,101821,100,100813,100,,,100742,100,,,100698,100,,,100503,100,,,100367,100,,,100052,8,,,99966,100
2019-06-28 10:04:10.000000000,101213,224,101019,224,101599,221,100965,221,101816,221,100821,221,101821,100,100813,100,,,100742,100,,,100698,100,,,100503,100,,,100367,100,,,100052,8,,,99966,100
2019-06-28 10:04:20.000000000,101213,192,101019,192,101599,192,100965,192,101816,192,100821,192,101821,192,100813,192,,,100742,100,,,100698,100,,,100503,100,,,100367,100,,,100052,8,,,99966,100
2019-06-28 10:04:30.000000000,101213,224,101019,224,101599,221,100965,221,101816,221,100821,221,101821,100,100813,100,,,100742,100,,,100698,100,,,100503,100,,,100367,100,,,100052,8,,,99966,100
2019-06-28 10:04:40.000000000,101213,173,101019,173,101599,173,100965,173,101816,173,100821,173,101821,173,100813,173,101822,73,100742,173,,,100698,100,,,100503,100,,,100367,100,,,100052,8,,,99966,100
2019-06-28 10:04:40.494970859,101213,173,101019,73,101599,173,100965,173,101816,173,100821,173,101821,173,100813,173,101822,73,100742,173,,,100698,100,,,100503,100,,,100367,100,,,100052,8,,,99966,100
2019-06-28 10:04:50.000000000,101213,224,100965,224,101599,221,100821,221,101816,221,100813,221,101821,100,100742,100,,,100698,100,,,100503,100,,,100367,100,,,100052,8,,,99966,100,,,99497,100
2019-06-28 10:04:54.103633716,101213,224,100965,224,101267,100,100821,221,101599,221,100813,221,101816,121,100742,100,101821,100,100698,100,,,100503,100,,,100367,100,,,100052,8,,,99966,100,,,99497,100
2019-06-28 10:05:00.000000000,101213,192,100965,192,101267,192,100821,192,101599,192,100813,192,101821,192,100742,192,,,100698,100,,,100503,100,,,100367,100,,,100052,8,,,99966,100,,,99497,100
2019-06-28 10:05:06.084262726,101213,192,100965,192,101267,192,100858,100,101599,192,100821,192,101821,192,100813,192,,,100742,192,,,100698,100,,,100503,100,,,100367,100,,,100052,8,,,99966,100
2019-06-28 10:05:10.000000000,101213,192,100965,192,101267,192,100858,192,101599,192,100821,192,101821,192,100813,192,,,100742,100,,,100698,100,,,100503,100,,,100367,100,,,100052,8,,,99966,100
2019-06-28 10:05:20.000000000,101213,224,100965,224,101267,221,100858,221,101599,221,100821,221,101821,100,100813,100,,,100742,100,,,100698,100,,,100503,100,,,100367,100,,,100052,8,,,99966,100
2019-06-28 10:05:30.000000000,101213,466,100965,466,101267,100,100858,100,101599,100,100821,100,101821,100,100813,100,,,100742,100,,,100698,100,,,100503,100,,,100367,100,,,100052,8,,,99966,100
2019-06-28 10:05:30.484163833,101213,466,100965,466,101267,100,100858,100,101599,100,100821,100,101821,100,100813,100,,,100742,100,,,100727,100,,,100698,100,,,100503,100,,,100367,100,,,100052,8
2019-06-28 10:05:40.000000000,101213,173,100965,173,101267,173,100858,173,101599,173,100821,173,101821,173,100813,173,101822,73,100742,173,,,100727,100,,,100698,100,,,100503,100,,,100367,100,,,100052,8
2019-06-28 10:05:49.354554664,101213,173,100965,173,101267,173,100858,173,101599,173,100821,173,101821,173,100813,173,101822,73,100742,173,,,100727,100,,,100698,100,,,100503,100,,,100373,100,,,100367,100
2019-06-28 10:05:50.000000000,101213,466,100965,466,101267,100,100858,100,101599,100,100821,100,101821,100,100813,100,,,100742,100,,,100727,100,,,100698,100,,,100503,100,,,100373,100,,,100367,100
2019-06-28 10:06:00.000000000,101213,192,100965,192,101267,192,100858,192,101599,192,100821,192,101821,192,100813,192,,,100742,100,,,100727,100,,,100698,100,,,100503,100,,,100373,100,,,100367,100
2019-06-28 10:06:10.000000000,101213,466,100965,466,101267,100,100858,100,101599,100,100821,100,101821,100,100813,100,,,100742,100,,,100727,100,,,100698,100,,,100503,100,,,100373,100,,,100367,100
2019-06-28 10:06:20.000000000,101213,192,100965,192,101267,192,100858,192,101599,192,100821,192,101821,192,100813,192,,,100742,100,,,100727,100,,,100698,100,,,100503,100,,,100373,100,,,100367,100
2019-06-28 10:06:30.000000000,101213,224,100965,224,101267,221,100858,221,101599,221,100821,221,101821,100,100813,100,,,100742,100,,,100727,100,,,100698,100,,,100503,100,,,100373,100,,,100367,100
2019-06-28 10:06:40.000000000,101213,466,100965,466,101267,100,100858,100,101599,100,100821,100,101821,100,100813,100,,,100742,100,,,100727,100,,,100698,100,,,100503,100,,,100373,100,,,100367,100
2019-06-28 10:06:41.210808106,101213,466,100965,366,101267,100,100858,100,101599,100,100821,100,101821,100,100813,100,,,100742,100,,,100727,100,,,100698,100,,,100503,100,,,100373,100,,,100367,100
2019-06-28 10:06:41.652035586,101213,466,100965,266,101267,100,100858,100,101599,100,100821,100,101821,100,100813,100,,,100742,100,,,100727,100,,,100698,100,,,100503,100,,,100373,100,,,100367,100
2019-06-28 10:06:46.940702602,101033,100,100965,266,101213,466,100858,100,101267,100,100821,100,101599,100,100813,100,101821,100,100742,100,,,100727,100,,,100698,100,,,100503,100,,,100373,100,,,100367,100
2019-06-28 10:06:50.000000000,101033,224,100858,224,101213,221,100821,221,101267,221,100813,221,101599,100,100742,100,101821,100,100727,100,,,100698,100,,,100503,100,,,100373,100,,,100367,100,,,100052,8
2019-06-28 10:07:00.000000000,101033,173,100858,173,101213,173,100821,173,101267,173,100813,173,101599,173,100742,173,101821,173,100727,173,,,100698,100,,,100503,100,,,100373,100,,,100367,100,,,100052,8
2019-06-28 10:07:01.223615643,101033,173,100858,173,101213,173,100821,173,101267,173,100813,173,101599,173,100742,173,101821,173,100727,173,,,100698,100,,,100607,100,,,100503,100,,,100373,100,,,100367,100
2019-06-28 10:07:10.000000000,101033,173,100858,173,101213,173,100821,173,101267,173,100813,173,101599,173,100742,173,101821,173,100727,173,,,100698,100,,,100607,100,,,100503,100,,,100373,100,,,100367,100
2019-06-28 10:07:19.285473223,101033,173,100858,173,101213,173,100821,173,101267,173,100813,173,101599,173,100742,173,101821,73,100727,173,,,100698,100,,,100607,100,,,100503,100,,,100485,100,,,100373,100
2019-06-28 10:07:20.000000000,101033,173,100858,173,101213,173,100821,173,101267,173,100813,173,101599,173,100742,173,101600,73,100727,173,,,100698,100,,,100607,100,,,100503,100,,,100485,100,,,100373,100
2019-06-28 10:07:20.857100931,101033,173,100858,173,101213,173,100821,173,101267,173,100813,173,101599,173,100742,173,101600,73,100727,173,,,100607,100,,,100503,100,,,100485,100,,,100399,100,,,100373,100
2019-06-28 10:07:30.000000000,101033,466,100858,466,101213,100,100821,100,101267,100,100813,100,101599,100,100742,100,,,100727,100,,,100607,100,,,100503,100,,,100485,100,,,100399,100,,,100373,100
2019-06-28 10:07:37.546709305,101033,466,100858,266,101213,100,100821,100,101267,100,100813,100,101599,100,100742,100,,,100727,100,,,100607,100,,,100503,100,,,100485,100,,,100399,100,,,100373,100
2019-06-28 10:07:40.000000000,101033,283,100821,283,101213,283,100813,283,101267,100,100742,100,101599,100,100727,100,,,100607,100,,,100503,100,,,100485,100,,,100399,100,,,100373,100,,,100367,100
2019-06-28 10:07:50.000000000,101033,224,100821,224,101213,221,100813,221,101267,221,100742,221,101599,100,100727,100,,,100607,100,,,100503,100,,,100485,100,,,100399,100,,,100373,100,,,100367,100
2019-06-28 10:07:58.492730809,101033,224,100821,224,101213,221,100813,221,101267,221,100742,221,101599,100,100727,100,,,100503,100,,,100485,100,,,100399,100,,,100373,100,,,100367,100,,,100052,8
2019-06-28 10:07:58.604837893,101033,224,100821,224,101213,221,100813,221,101267,221,100742,121,101599,100,100727,100,,,100503,100,,,100485,100,,,100399,100,,,100373,100,,,100367,100,,,100052,8
2019-06-28 10:08:00.000000000,101033,466,100821,466,101213,100,100813,100,101267,100,100727,100,101599,100,100503,100,,,100485,100,,,100399,100,,,100373,100,,,100367,100,,,100052,8,,,99998,100
