,ask_price_1,ask_size_1,bid_price_1,bid_size_1,ask_price_2,ask_size_2,bid_price_2,bid_size_2,ask_price_3,ask_size_3,bid_price_3,bid_size_3,ask_price_4,ask_size_4,bid_price_4,bid_size_4,ask_price_5,ask_size_5,bid_price_5,bid_size_5,ask_price_6,ask_size_6,bid_price_6,bid_size_6,ask_price_7,ask_size_7,bid_price_7,bid_size_7,ask_price_8,ask_size_8,bid_price_8,bid_size_8,ask_price_9,ask_size_9,bid_price_9,bid_size_9,ask_price_10,ask_size_10,bid_price_10,bid_size_10
2019-06-28 09:30:00.000000000,99986,100,,,,,,,,,,,,,,,,,,,,,,,,,,,,,,,,,,,,,,
2019-06-28 09:30:00.000000001,99986,100,,,100096,100,,,100117,100,,,,,,,,,,,,,,,,,,,,,,,,,,,,,,
2019-06-28 09:30:00.000000002,99986,100,,,100096,100,,,100117,100,,,100126,100,,,,,,,,,,,,,,,,,,,,,,,,,,
2019-06-28 09:30:00.000000005,99986,100,,,100063,100,,,100096,100,,,100117,100,,,100126,100,,,,,,,,,,,,,,,,,,,,,,
2019-06-28 09:30:00.000000007,99986,100,,,100039,100,,,100063,100,,,100096,100,,,100106,100,,,100117,100,,,100126,100,,,,,,,,,,,,,,
2019-06-28 09:30:00.000000008,99986,100,,,100039,100,,,100044,100,,,100063,100,,,100096,100,,,100106,100,,,100117,100,,,100126,100,,,,,,,,,,
2019-06-28 09:30:00.000000009,99986,100,99884,100,100039,100,,,100044,100,,,100063,100,,,100096,100,,,100106,100,,,100117,100,,,100126,100,,,,,,,,,,
2019-06-28 09:30:00.000000012,99986,100,99884,100,100003,100,,,100039,100,,,100044,100,,,100063,100,,,100096,100,,,100106,100,,,100117,100,,,100126,100,,,,,,
2019-06-28 09:30:00.000000018,100003,100,99884,100,100039,100,,,100044,100,,,100063,100,,,100096,100,,,100106,100,,,100117,100,,,100126,100,,,,,,,,,,
2019-06-28 09:30:00.000000020,100003,100,99884,100,100039,100,,,100044,100,,,100063,100,,,100096,100,,,100106,100,,,100117,100,,,100126,100,,,100216,100,,,,,,
2019-06-28 09:30:00.000000022,100003,100,99884,100,100039,100,,,100044,100,,,100051,100,,,100063,100,,,100096,100,,,100106,100,,,100117,100,,,100126,100,,,100216,100,,
2019-06-28 09:30:00.000000023,100003,100,99884,100,100039,100,99873,100,100044,100,,,100051,100,,,100063,100,,,100096,100,,,100106,100,,,100117,100,,,100126,100,,,100216,100,,
2019-06-28 09:30:00.000000024,100003,100,99884,100,100039,100,99873,100,100044,100,,,100051,100,,,100063,100,,,100096,100,,,100105,100,,,100106,100,,,100117,100,,,100126,100,,
2019-06-28 09:30:00.000000025,100003,100,99884,100,100039,100,99873,100,100044,100,,,100051,100,,,100063,100,,,100096,100,,,100105,100,,,100106,100,,,100117,100,,,100126,100,,
2019-06-28 09:30:00.000000026,100039,100,99903,100,100044,100,99884,100,100051,100,99873,100,100063,100,,,100096,100,,,100105,100,,,100106,100,,,100117,100,,,100126,100,,,100170,100,,
2019-06-28 09:30:00.000000033,100000,100,99961,100,100039,100,99903,100,100044,100,99884,100,100051,100,99873,100,100063,100,,,100096,100,,,100105,100,,,100106,100,,,100117,100,,,100126,100,,
2019-06-28 09:30:00.000000034,100000,100,99961,100,100039,100,99903,100,100044,100,99884,100,100051,100,99873,100,100063,100,99783,100,100096,100,,,100105,100,,,100106,100,,,100117,100,,,100126,100,,
2019-06-28 09:30:00.000000036,100000,100,99961,100,100039,100,99903,100,100044,100,99894,100,100051,100,99884,100,100063,100,99873,100,100070,100,99783,100,100096,100,,,100105,100,,,100106,100,,,100117,100,,
2019-06-28 09:30:00.000000037,100000,100,99961,100,100035,100,99903,100,100039,100,99894,100,100044,100,99884,100,100051,100,99873,100,100063,100,99783,100,100070,100,,,100096,100,,,100105,100,,,100106,100,,
2019-06-28 09:30:00.000000038,100000,100,99961,100,100035,100,99908,100,100039,100,99903,100,100041,100,99894,100,100044,100,99884,100,100051,100,99873,100,100063,100,99783,100,100070,100,,,100096,100,,,100105,100,,
2019-06-28 09:30:00.000000040,100000,100,99961,100,100003,200,99948,100,100035,100,99908,100,100039,100,99903,100,100041,100,99894,100,100044,100,99884,100,100051,100,99873,100,100063,100,99783,100,100070,100,,,100096,100,,
2019-06-28 09:30:00.000000045,100000,100,99961,100,100003,200,99948,100,100035,100,99908,100,100039,100,99903,100,100041,100,99894,100,100044,100,99884,100,100051,100,99873,100,100063,100,99859,100,100070,100,99783,100,100096,100,,
2019-06-28 09:30:00.000000050,100000,100,99961,100,100003,200,99948,100,100035,100,99908,100,100039,100,99903,100,100041,100,99894,100,100044,100,99884,100,100051,100,99873,100,100063,100,99859,100,100064,100,99783,100,100070,100,,
2019-06-28 09:30:00.000000051,100000,100,99961,100,100003,200,99948,100,100035,100,99908,100,100039,100,99903,100,100041,100,99894,100,100044,100,99884,100,100051,100,99873,100,100063,100,99859,100,100064,100,99783,100,100070,100,,
2019-06-28 09:30:00.000000052,100000,100,99961,100,100003,200,99948,100,100035,100,99908,100,100039,100,99903,100,100041,100,99894,100,100044,100,99884,100,100051,100,99873,100,100063,100,99859,100,100064,100,99783,100,100070,100,,
2019-06-28 09:30:00.000000053,100000,100,99986,100,100003,200,99961,100,100035,100,99948,100,100039,100,99908,100,100041,100,99903,100,100044,100,99894,100,100051,100,99884,100,100058,100,99873,100,100063,100,99859,100,100064,100,99783,100
2019-06-28 09:30:00.000000054,100003,200,99986,100,100035,100,99961,100,100039,100,99948,100,100041,100,99908,100,100044,100,99903,100,100051,100,99894,100,100058,100,99884,100,100063,100,99873,100,100064,100,99859,100,100070,100,99783,100
2019-06-28 09:30:00.000000055,100003,200,99986,100,100035,100,99961,100,100039,100,99948,100,100041,100,99908,100,100044,100,99903,100,100049,100,99894,100,100051,100,99884,100,100058,100,99873,100,100063,100,99859,100,100064,100,99783,100
2019-06-28 09:30:00.000000062,100002,100,99986,100,100003,200,99961,100,100035,100,99948,100,100039,100,99908,100,100041,100,99903,100,100044,100,99894,100,100049,100,99884,100,100051,100,99873,100,100058,100,99859,100,100063,100,99783,100
2019-06-28 09:30:00.000000066,100002,200,99986,100,100003,200,99961,100,100035,100,99948,100,100039,100,99908,100,100041,100,99903,100,100044,100,99894,100,100049,100,99885,100,100051,100,99884,100,100058,100,99873,100,100063,100,99859,100
2019-06-28 09:30:00.000000067,100002,200,100000,100,100003,200,99986,100,100035,100,99962,100,100039,100,99961,100,100041,100,99948,100,100044,100,99908,100,100049,100,99903,100,100051,100,99894,100,100058,100,99885,100,100063,100,99884,100
2019-06-28 09:30:00.000000068,100002,200,100000,100,100003,200,99986,100,100035,100,99962,100,100039,100,99961,100,100041,100,99948,100,100044,100,99908,100,100049,100,99903,100,100051,100,99894,100,100058,100,99885,100,100063,100,99884,100
2019-06-28 09:30:00.000000069,100000,100,99986,100,100002,200,99962,100,100003,200,99961,100,100035,100,99948,100,100039,100,99908,100,100041,100,99903,100,100044,100,99894,100,100049,100,99885,100,100051,100,99884,100,100058,100,99873,100
2019-06-28 09:30:00.000000071,100000,100,99986,100,100002,200,99962,100,100003,200,99961,100,100017,100,99948,100,100035,100,99908,100,100039,100,99903,100,100041,100,99894,100,100044,100,99885,100,100049,100,99884,100,100051,100,99873,100
2019-06-28 09:30:00.000000075,100000,100,99986,100,100002,200,99962,100,100003,200,99961,100,100017,100,99948,100,100028,100,99908,100,100035,100,99903,100,100039,100,99894,100,100041,100,99885,100,100044,100,99884,100,100049,100,99873,100
2019-06-28 09:30:00.000000079,100000,100,99986,100,100002,200,99962,100,100003,200,99961,100,100017,100,99948,100,100028,100,99908,100,100035,100,99903,100,100039,100,99894,100,100041,100,99885,100,100044,100,99884,100,100049,100,99873,100
2019-06-28 09:30:00.000000080,100002,200,99986,100,100003,200,99962,100,100017,100,99961,100,100028,100,99948,100,100035,100,99908,100,100039,100,99903,100,100041,100,99894,100,100044,100,99885,100,100049,100,99884,100,100051,100,99873,100
2019-06-28 09:30:00.000000081,100002,200,99986,100,100003,200,99978,100,100017,100,99962,100,100028,100,99961,100,100035,100,99948,100,100039,100,99908,100,100041,100,99903,100,100044,100,99894,100,100049,100,99885,100,100051,100,99884,100
2019-06-28 09:30:00.000000082,100000,100,99986,100,100002,200,99978,100,100003,200,99962,100,100017,100,99961,100,100028,100,99948,100,100035,100,99908,100,100039,100,99903,100,100041,100,99894,100,100044,100,99885,100,100049,100,99884,100
2019-06-28 09:30:00.000000083,100000,100,99986,100,100002,200,99978,100,100003,200,99962,100,100017,100,99961,100,100028,100,99948,100,100035,100,99918,100,100039,100,99908,100,100041,100,99903,100,100044,100,99894,100,100049,100,99885,100
2019-06-28 09:30:00.000000084,100000,100,99986,100,100002,200,99978,100,100003,200,99962,100,100017,100,99961,100,100028,100,99948,100,100035,100,99918,100,100037,100,99908,100,100039,100,99903,100,100041,100,99894,100,100044,100,99885,100
2019-06-28 09:30:00.000000085,100002,200,99986,100,100003,200,99978,100,100017,100,99962,100,100028,100,99961,100,100035,100,99948,100,100037,100,99918,100,100039,100,99908,100,100041,100,99903,100,100044,100,99894,100,100049,100,99885,100
2019-06-28 09:30:00.000000087,100002,200,99986,100,100003,200,99978,100,100017,100,99966,100,100028,100,99962,100,100035,100,99961,100,100037,100,99948,100,100039,100,99918,100,100041,100,99908,100,100044,100,99903,100,100049,100,99894,100
2019-06-28 09:30:00.000000089,100002,200,99986,100,100003,200,99978,100,100017,100,99966,100,100028,100,99962,100,100035,100,99961,100,100037,100,99948,100,100039,100,99918,100,100041,100,99908,100,100044,100,99903,100,100049,100,99894,100
2019-06-28 09:30:00.000000092,100002,200,99978,100,100003,200,99966,100,100017,100,99962,100,100028,100,99961,100,100035,100,99948,100,100037,100,99918,100,100039,100,99908,100,100041,100,99903,100,100044,100,99894,100,100049,100,99885,100
2019-06-28 09:30:00.000000093,100002,200,99978,100,100003,200,99966,100,100006,100,99962,100,100017,100,99961,100,100028,100,99948,100,100035,100,99918,100,100037,100,99908,100,100039,100,99903,100,100041,100,99894,100,100044,100,99885,100
2019-06-28 09:30:00.000000094,100002,100,99978,100,100003,200,99966,100,100006,100,99962,100,100017,100,99961,100,100028,100,99948,100,100035,100,99918,100,100037,100,99908,100,100039,100,99903,100,100041,100,99894,100,100044,100,99885,100
2019-06-28 09:30:00.000000097,99986,100,99978,100,100002,100,99966,100,100003,200,99962,100,100006,100,99961,100,100017,100,99948,100,100028,100,99918,100,100035,100,99908,100,100037,100,99903,100,100039,100,99894,100,100041,100,99885,100
2019-06-28 09:30:00.000000099,99986,100,99978,100,100002,100,99966,100,100003,200,99962,100,100006,100,99961,100,100017,100,99948,100,100028,100,99918,100,100035,100,99908,100,100037,100,99903,100,100039,100,99894,100,100041,100,99885,100
2019-06-28 09:30:10.000000000,99986,568,99978,568,100002,100,99966,100,100003,200,99962,100,100006,100,99961,100,100017,100,99948,100,100028,100,99918,100,100035,100,99908,100,100037,100,99903,100,100039,100,99894,100,100041,100,99885,100
2019-06-28 09:30:15.497407729,99986,568,99978,568,100002,100,99966,100,100003,200,99962,100,100006,100,99961,100,100017,100,99948,100,100028,100,99918,100,100035,100,99908,100,100037,100,99903,100,100039,100,99894,100,100041,100,99885,100
2019-06-28 09:30:17.084111441,99986,568,99978,568,100002,100,99966,100,100003,200,99962,100,100006,100,99961,100,100017,100,99948,100,100028,100,99926,100,100035,100,99918,100,100037,100,99908,100,100039,100,99903,100,100041,100,99894,100
2019-06-28 09:30:20.000000000,99986,568,99978,568,100002,100,99966,100,100003,200,99962,100,100006,100,99961,100,100017,100,99948,100,100028,100,99926,100,100035,100,99918,100,100037,100,99908,100,100039,100,99903,100,100041,100,99894,100
2019-06-28 09:30:21.375682036,99986,568,99978,568,100002,100,99966,100,100003,200,99962,100,100006,100,99961,100,100017,100,99948,100,100028,100,99926,100,100035,100,99918,100,100037,100,99908,100,100039,100,99903,100,100049,100,99894,100
2019-06-28 09:30:30.000000000,99986,194,99978,194,100002,194,99966,194,100003,294,99962,194,100006,194,99961,194,100017,194,99948,194,100028,100,99926,100,100035,100,99918,100,100037,100,99908,100,100039,100,99903,100,100049,100,99894,100
2019-06-28 09:30:32.152055047,99986,194,99978,194,100002,194,99966,194,100003,294,99962,194,100006,194,99961,194,100017,194,99948,194,100028,100,99926,100,100035,100,99918,100,100037,100,99908,100,100039,100,99903,100,100049,100,99894,100
2019-06-28 09:30:40.000000000,99986,259,99978,259,100002,254,99966,254,100003,354,99962,254,100006,100,99961,100,100017,100,99948,100,100028,100,99926,100,100035,100,99918,100,100037,100,99908,100,100039,100,99903,100,100049,100,99894,100
2019-06-28 09:30:50.000000000,99986,568,99978,568,100002,100,99966,100,100003,200,99962,100,100006,100,99961,100,100017,100,99948,100,100028,100,99926,100,100035,100,99918,100,100037,100,99908,100,100039,100,99903,100,100049,100,99894,100
2019-06-28 09:31:00.000000000,99986,334,99978,334,100002,334,99966,334,100003,200,99962,100,100006,100,99961,100,100017,100,99948,100,100028,100,99926,100,100035,100,99918,100,100037,100,99908,100,100039,100,99903,100,100049,100,99894,100
2019-06-28 09:31:10.000000000,99986,259,99978,259,100002,254,99966,254,100003,354,99962,254,100006,100,99961,100,100017,100,99948,100,100028,100,99926,100,100035,100,99918,100,100037,100,99908,100,100039,100,99903,100,100049,100,99894,100
2019-06-28 09:31:17.069501822,99986,259,99978,159,100002,254,99966,254,100003,354,99962,254,100006,100,99961,100,100017,100,99948,100,100028,100,99926,100,100035,100,99918,100,100037,100,99908,100,100039,100,99903,100,100049,100,99894,100
2019-06-28 09:31:18.878281972,99986,259,99978,59,100002,254,99966,254,100003,354,99962,254,100006,100,99961,100,100017,100,99948,100,100028,100,99926,100,100035,100,99918,100,100039,100,99908,100,100049,100,99903,100,100051,100,99894,100
2019-06-28 09:31:20.000000000,99986,259,99966,259,100002,254,99962,254,100003,354,99961,254,100006,100,99948,100,100017,100,99926,100,100028,100,99918,100,100035,100,99908,100,100039,100,99903,100,100049,100,99894,100,100051,100,99885,100
2019-06-28 09:31:22.193586286,99986,259,99966,259,100002,254,99962,254,100003,354,99961,254,100006,100,99948,100,100017,100,99926,100,100028,100,99918,100,100035,100,99908,100,100039,100,99903,100,100049,100,99894,100,100051,100,99885,100
2019-06-28 09:31:30.000000000,99986,259,99966,259,100002,254,99962,254,100003,354,99961,254,100006,100,99948,100,100017,100,99926,100,100028,100,99918,100,100035,100,99908,100,100039,100,99903,100,100049,100,99894,100,100051,100,99885,100
2019-06-28 09:31:40.000000000,99986,217,99966,217,100002,217,99962,217,100003,317,99961,217,100006,217,99948,217,100017,100,99926,100,100028,100,99918,100,100035,100,99908,100,100039,100,99903,100,100049,100,99894,100,100051,100,99885,100
2019-06-28 09:31:41.647044309,99986,217,99979,100,100002,217,99966,217,100003,317,99962,217,100006,217,99961,217,100017,100,99948,217,100028,100,99926,100,100035,100,99918,100,100039,100,99908,100,100049,100,99903,100,100051,100,99894,100
2019-06-28 09:31:50.000000000,99986,568,99979,568,100002,100,99966,100,100003,200,99962,100,100006,100,99961,100,100017,100,99948,100,100028,100,99926,100,100035,100,99918,100,100039,100,99908,100,100049,100,99903,100,100051,100,99894,100
2019-06-28 09:32:00.000000000,99986,259,99979,259,100002,254,99966,254,100003,354,99962,254,100006,100,99961,100,100017,100,99948,100,100028,100,99926,100,100035,100,99918,100,100039,100,99908,100,100049,100,99903,100,100051,100,99894,100
2019-06-28 09:32:08.468194386,99986,259,99979,159,100002,254,99966,254,100003,354,99962,254,100006,100,99961,100,100017,100,99948,100,100028,100,99926,100,100035,100,99918,100,100039,100,99908,100,100049,100,99903,100,100051,100,99894,100
2019-06-28 09:32:10.000000000,99986,194,99966,194,100002,194,99962,194,100003,294,99961,194,100006,194,99948,194,100017,194,99926,194,100028,100,99918,100,100035,100,99908,100,100039,100,99903,100,100049,100,99894,100,100051,100,99885,100
2019-06-28 09:32:13.926393382,99986,194,99966,194,100002,194,99962,194,100003,294,99961,194,100006,194,99948,194,100017,194,99926,194,100028,100,99918,100,100035,100,99908,100,100039,100,99903,100,100049,100,99894,100,100051,100,99885,100
2019-06-28 09:32:17.842660471,99986,194,99966,194,100002,194,99962,194,100003,294,99961,194,100006,194,99948,194,100017,194,99926,194,100028,100,99918,100,100035,100,99908,100,100039,100,99903,100,100049,100,99894,100,100051,100,99885,100
2019-06-28 09:32:20.000000000,99986,259,99966,259,100002,254,99962,254,100003,354,99961,254,100006,100,99948,100,100017,100,99926,100,100028,100,99918,100,100035,100,99908,100,100039,100,99903,100,100049,100,99894,100,100051,100,99885,100
2019-06-28 09:32:30.000000000,99986,568,99966,568,100002,100,99962,100,100003,200,99961,100,100006,100,99948,100,100017,100,99926,100,100028,100,99918,100,100035,100,99908,100,100039,100,99903,100,100049,100,99894,100,100051,100,99885,100
2019-06-28 09:32:32.092293208,99979,100,99966,568,99986,568,99962,100,100002,100,99961,100,100003,200,99948,100,100006,100,99926,100,100017,100,99918,100,100028,100,99908,100,100035,100,99903,100,100039,100,99894,100,100049,100,99885,100
2019-06-28 09:32:33.068280854,99979,100,99966,468,99986,568,99962,100,100002,100,99961,100,100003,200,99948,100,100006,100,99926,100,100017,100,99918,100,100028,100,99908,100,100035,100,99894,100,100039,100,99885,100,100049,100,99884,100
2019-06-28 09:32:40.000000000,99979,194,99962,194,99986,194,99961,194,100002,194,99948,194,100003,294,99926,194,100006,194,99918,194,100017,100,99908,100,100028,100,99894,100,100035,100,99885,100,100039,100,99884,100,100049,100,99873,100
2019-06-28 09:32:50.000000000,99979,568,99962,568,99986,100,99961,100,100002,100,99948,100,100003,200,99926,100,100006,100,99918,100,100017,100,99908,100,100028,100,99894,100,100035,100,99885,100,100039,100,99884,100,100049,100,99873,100
2019-06-28 09:32:53.861530818,99979,568,99962,568,99986,100,99961,100,100002,100,99948,100,100003,200,99926,100,100006,100,99908,100,100017,100,99894,100,100028,100,99885,100,100035,100,99884,100,100039,100,99873,100,100049,100,99859,100
2019-06-28 09:32:57.879963553,99979,568,99962,568,99986,100,99961,100,100002,100,99948,100,100003,200,99926,100,100006,100,99908,100,100017,100,99894,100,100028,100,99885,100,100035,100,99884,100,100039,100,99873,100,100049,100,99859,100
2019-06-28 09:33:00.000000000,99979,568,99962,568,99986,100,99961,100,100002,100,99948,100,100003,200,99926,100,100006,100,99908,100,100017,100,99894,100,100028,100,99885,100,100035,100,99884,100,100039,100,99873,100,100049,100,99859,100
2019-06-28 09:33:10.000000000,99979,194,99962,194,99986,194,99961,194,100002,194,99948,194,100003,294,99926,194,100006,194,99908,194,100017,100,99894,100,100028,100,99885,100,100035,100,99884,100,100039,100,99873,100,100049,100,99859,100
2019-06-28 09:33:20.000000000,99979,217,99962,217,99986,217,99961,217,100002,217,99948,217,100003,317,99926,217,100006,100,99908,100,100017,100,99894,100,100028,100,99885,100,100035,100,99884,100,100039,100,99873,100,100049,100,99859,100
2019-06-28 09:33:25.717158549,99979,217,99962,117,99986,217,99961,217,100002,217,99948,217,100003,317,99926,217,100006,100,99908,100,100017,100,99894,100,100028,100,99885,100,100035,100,99884,100,100039,100,99873,100,100049,100,99859,100
2019-06-28 09:33:30.000000000,99979,259,99961,259,99986,254,99948,254,100002,254,99926,254,100003,200,99908,100,100006,100,99894,100,100017,100,99885,100,100028,100,99884,100,100035,100,99873,100,100039,100,99859,100,100049,100,99839,100
2019-06-28 09:33:40.000000000,99979,259,99961,259,99986,254,99948,254,100002,254,99926,254,100003,200,99908,100,100006,100,99894,100,100017,100,99885,100,100028,100,99884,100,100035,100,99873,100,100039,100,99859,100,100049,100,99839,100
2019-06-28 09:33:45.162393419,99966,100,99961,259,99979,159,99948,254,99986,254,99926,254,100002,254,99908,100,100003,200,99894,100,100006,100,99885,100,100017,100,99884,100,100028,100,99873,100,100035,100,99859,100,100039,100,99839,100
2019-06-28 09:33:50.000000000,99966,217,99961,217,99986,217,99948,217,100002,217,99926,217,100003,317,99908,217,100006,100,99894,100,100017,100,99885,100,100028,100,99884,100,100035,100,99873,100,100039,100,99859,100,100049,100,99839,100
2019-06-28 09:33:56.159735303,99966,217,99961,117,99986,217,99948,217,100002,217,99926,217,100003,317,99908,117,100006,100,99894,100,100017,100,99885,100,100028,100,99884,100,100035,100,99873,100,100039,100,99859,100,100049,100,99839,100
2019-06-28 09:34:00.000000000,99966,568,99948,568,99986,100,99926,100,100002,100,99894,100,100003,200,99885,100,100006,100,99884,100,100017,100,99873,100,100028,100,99859,100,100035,100,99839,100,100039,100,99783,100,100049,100,99630,100
2019-06-28 09:34:01.629528120,99966,568,99948,468,99986,100,99926,100,100002,100,99894,100,100003,200,99885,100,100006,100,99884,100,100017,100,99873,100,100028,100,99859,100,100035,100,99839,100,100039,100,99783,100,100049,100,99630,100
2019-06-28 09:34:10.000000000,99966,259,99926,259,99986,254,99894,254,100002,254,99885,254,100003,200,99884,100,100006,100,99873,100,100017,100,99859,100,100028,100,99839,100,100035,100,99783,100,100039,100,99630,100,100049,100,99421,100
2019-06-28 09:34:11.106263087,99961,100,99926,259,99966,259,99894,254,99986,254,99885,254,100002,254,99884,100,100003,200,99873,100,100006,100,99859,100,100017,100,99839,100,100028,100,99783,100,100035,100,99630,100,100039,100,99421,100
2019-06-28 09:34:20.000000000,99961,194,99926,194,99966,194,99894,194,99986,194,99885,194,100002,194,99884,194,100003,294,99873,194,100006,100,99859,100,100017,100,99839,100,100028,100,99783,100,100035,100,99630,100,100039,100,99421,100
2019-06-28 09:34:28.369700283,99961,194,99926,94,99966,194,99894,194,99986,194,99885,194,100002,194,99884,194,100003,294,99873,194,100006,100,99859,100,100017,100,99839,100,100028,100,99783,100,100035,100,99630,100,100039,100,99421,100
2019-06-28 09:34:30.000000000,99961,259,99894,259,99966,254,99885,254,99986,254,99884,254,100002,100,99873,100,100003,200,99859,100,100006,100,99839,100,100017,100,99783,100,100028,100,99630,100,100035,100,99421,100,100039,100,,
2019-06-28 09:34:30.455557166,99948,100,99894,259,99961,259,99885,254,99966,254,99884,254,99986,254,99873,100,100002,100,99859,100,100003,200,99839,100,100006,100,99783,100,100017,100,99630,100,100028,100,99421,100,100035,100,,
2019-06-28 09:34:40.000000000,99948,334,99894,334,99961,334,99885,334,99966,100,99884,100,99986,100,99873,100,100002,100,99859,100,100003,200,99839,100,100006,100,99783,100,100017,100,99630,100,100028,100,99421,100,100035,100,,
2019-06-28 09:34:40.527440274,99948,434,99894,334,99961,334,99885,334,99966,100,99884,100,99986,100,99873,100,100002,100,99859,100,100003,200,99839,100,100006,100,99783,100,100017,100,99630,100,100028,100,99421,100,100035,100,,
2019-06-28 09:34:50.000000000,99948,294,99894,194,99961,194,99885,194,99966,194,99884,194,99986,194,99873,194,100002,194,99859,194,100003,200,99839,100,100006,100,99783,100,100017,100,99630,100,100028,100,99421,100,100035,100,,
2019-06-28 09:34:55.116633572,99948,294,99894,194,99961,194,99885,94,99966,194,99884,194,99986,194,99873,194,100002,194,99859,194,100003,200,99845,100,100006,100,99839,100,100017,100,99783,100,100028,100,99630,100,100035,100,99421,100
2019-06-28 09:35:00.000000000,99948,668,99894,568,99961,100,99884,100,99966,100,99873,100,99986,100,99859,100,100002,100,99845,100,100003,200,99839,100,100006,100,99783,100,100017,100,99630,100,100028,100,99421,100,100035,100,,
2019-06-28 09:35:09.873857022,99948,768,99894,568,99961,100,99884,100,99986,100,99873,100,100002,100,99859,100,100003,200,99845,100,100006,100,99839,100,100017,100,99783,100,100028,100,99630,100,100035,100,99421,100,100039,100,,
2019-06-28 09:35:10.000000000,99948,394,99894,194,99961,194,99884,194,99986,194,99873,194,100002,194,99859,194,100003,294,99845,194,100006,100,99839,100,100017,100,99783,100,100028,100,99630,100,100035,100,99421,100,100039,100,,
2019-06-28 09:35:20.000000000,99948,459,99894,259,99961,254,99884,254,99986,254,99873,254,100002,100,99859,100,100003,200,99845,100,100006,100,99839,100,100017,100,99783,100,100028,100,99630,100,100035,100,99421,100,100039,100,,
2019-06-28 09:35:23.093510357,99948,459,99894,159,99961,254,99884,254,99986,254,99873,254,100002,100,99859,100,100003,200,99845,100,100006,100,99839,100,100017,100,99783,100,100028,100,99630,100,100035,100,99421,100,100039,100,,
2019-06-28 09:35:30.000000000,99948,768,99884,568,99961,100,99873,100,99986,100,99859,100,100002,100,99845,100,100003,200,99839,100,100006,100,99783,100,100017,100,99630,100,100028,100,99421,100,100035,100,,,100039,100,,
2019-06-28 09:35:40.000000000,99948,394,99884,194,99961,194,99873,194,99986,194,99859,194,100002,194,99845,194,100003,294,99839,194,100006,100,99783,100,100017,100,99630,100,100028,100,99421,100,100035,100,,,100039,100,,
2019-06-28 09:35:50.000000000,99948,417,99884,217,99961,217,99873,217,99986,217,99859,217,100002,217,99845,217,100003,200,99839,100,100006,100,99783,100,100017,100,99630,100,100028,100,99421,100,100035,100,,,100039,100,,
2019-06-28 09:35:53.617017628,99948,417,99884,217,99961,217,99873,217,99984,100,99859,217,99986,217,99845,217,100002,217,99839,100,100003,200,99783,100,100006,100,99630,100,100017,100,99421,100,100028,100,,,100035,100,,
2019-06-28 09:36:00.000000000,99948,768,99884,568,99961,100,99873,100,99984,100,99859,100,99986,100,99845,100,100002,100,99839,100,100003,200,99783,100,100006,100,99630,100,100017,100,99421,100,100028,100,,,100035,100,,
2019-06-28 09:36:10.000000000,99948,768,99884,568,99961,100,99873,100,99984,100,99859,100,99986,100,99845,100,100002,100,99839,100,100003,200,99783,100,100006,100,99630,100,100017,100,99421,100,100028,100,,,100035,100,,
2019-06-28 09:36:20.000000000,99948,534,99884,334,99961,334,99873,334,99984,100,99859,100,99986,100,99845,100,100002,100,99839,100,100003,200,99783,100,100006,100,99630,100,100017,100,99421,100,100028,100,,,100035,100,,
2019-06-28 09:36:24.594180232,99948,434,99884,334,99961,334,99873,334,99984,100,99859,100,100002,100,99845,100,100003,200,99839,100,100006,100,99783,100,100017,100,99630,100,100028,100,99421,100,100035,100,,,100039,100,,
2019-06-28 09:36:30.000000000,99948,434,99884,334,99961,334,99873,334,99984,100,99859,100,100002,100,99845,100,100003,200,99839,100,100006,100,99783,100,100017,100,99630,100,100028,100,99421,100,100035,100,,,100039,100,,
2019-06-28 09:36:36.440250608,99948,434,99895,100,99961,234,99884,334,99984,100,99873,334,100002,100,99859,100,100003,200,99845,100,100006,100,99839,100,100017,100,99783,100,100028,100,99630,100,100035,100,99421,100,100039,100,,
2019-06-28 09:36:38.137605745,99948,434,99895,100,99961,234,99884,334,99984,100,99873,334,100002,100,99859,100,100003,200,99845,100,100006,100,99839,100,100017,100,99783,100,100028,100,99630,100,100035,100,99421,100,100039,100,,
2019-06-28 09:36:40.000000000,99948,294,99895,194,99984,194,99884,194,100002,194,99873,194,100003,294,99859,194,100006,194,99845,194,100017,100,99839,100,100028,100,99783,100,100035,100,99630,100,100039,100,99421,100,100049,100,,
2019-06-28 09:36:46.150094445,99948,194,99895,194,99984,194,99884,194,100002,194,99873,194,100003,294,99859,194,100006,194,99845,194,100017,100,99839,100,100028,100,99783,100,100035,100,99630,100,100039,100,99421,100,100049,100,,
2019-06-28 09:36:46.299083767,99948,194,99895,194,99984,194,99884,194,100002,194,99873,194,100003,294,99859,194,100006,194,99845,194,100017,100,99839,100,100028,100,99783,100,100035,100,99630,100,100039,100,99421,100,100049,100,,
2019-06-28 09:36:50.000000000,99948,217,99895,217,99984,217,99884,217,100002,217,99873,217,100003,317,99859,217,100006,100,99845,100,100017,100,99839,100,100028,100,99783,100,100035,100,99630,100,100039,100,99421,100,100049,100,,
2019-06-28 09:37:00.000000000,99948,568,99895,568,99984,100,99884,100,100002,100,99873,100,100003,200,99859,100,100006,100,99845,100,100017,100,99839,100,100028,100,99783,100,100035,100,99630,100,100039,100,99421,100,100049,100,,
2019-06-28 09:37:03.751345845,99948,468,99895,568,99984,100,99884,100,100002,100,99873,100,100003,200,99859,100,100006,100,99845,100,100017,100,99839,100,100028,100,99783,100,100035,100,99630,100,100039,100,99421,100,100049,100,,
2019-06-28 09:37:10.000000000,99984,259,99895,259,100002,254,99884,254,100003,354,99873,254,100006,100,99859,100,100017,100,99845,100,100028,100,99839,100,100035,100,99783,100,100039,100,99630,100,100049,100,99421,100,100055,100,,
2019-06-28 09:37:20.000000000,99984,334,99895,334,100002,334,99884,334,100003,200,99873,100,100006,100,99859,100,100017,100,99845,100,100028,100,99839,100,100035,100,99783,100,100039,100,99630,100,100049,100,99421,100,100055,100,,
2019-06-28 09:37:23.768040083,99947,100,99895,334,99984,334,99884,334,100002,334,99873,100,100003,200,99859,100,100006,100,99845,100,100017,100,99839,100,100028,100,99783,100,100035,100,99630,100,100039,100,99421,100,100049,100,,
2019-06-28 09:37:30.000000000,99947,259,99895,259,99984,254,99884,254,100002,254,99873,254,100003,200,99859,100,100006,100,99845,100,100017,100,99839,100,100028,100,99783,100,100035,100,99630,100,100039,100,99421,100,100049,100,,
2019-06-28 09:37:35.237141809,99947,259,99895,159,99984,254,99884,254,100002,254,99873,254,100003,200,99859,100,100006,100,99845,100,100028,100,99839,100,100035,100,99783,100,100039,100,99630,100,100049,100,99421,100,100055,100,,
2019-06-28 09:37:40.000000000,99947,217,99884,217,99984,217,99873,217,100002,217,99859,217,100003,317,99845,217,100006,100,99839,100,100028,100,99783,100,100035,100,99630,100,100039,100,99421,100,100049,100,,,100055,100,,
2019-06-28 09:37:49.188168080,99947,217,99884,117,99984,217,99873,217,100002,217,99859,217,100003,317,99845,217,100006,100,99839,100,100028,100,99783,100,100035,100,99630,100,100039,100,99421,100,100049,100,,,100055,100,,
2019-06-28 09:37:50.000000000,99947,568,99873,568,99984,100,99859,100,100002,100,99845,100,100003,200,99839,100,100006,100,99783,100,100028,100,99630,100,100035,100,99421,100,100039,100,,,100049,100,,,100055,100,,
2019-06-28 09:38:00.000000000,99947,217,99873,217,99984,217,99859,217,100002,217,99845,217,100003,317,99839,217,100006,100,99783,100,100028,100,99630,100,100035,100,99421,100,100039,100,,,100049,100,,,100055,100,,
2019-06-28 09:38:08.538959019,99947,217,99873,217,99984,217,99859,217,100002,217,99845,217,100003,317,99839,217,100006,100,99783,100,100028,100,99630,100,100035,100,99421,100,100039,100,,,100049,100,,,100055,100,,
2019-06-28 09:38:10.000000000,99947,334,99873,334,99984,334,99859,334,100002,100,99845,100,100003,200,99839,100,100006,100,99783,100,100028,100,99630,100,100035,100,99421,100,100039,100,,,100049,100,,,100055,100,,
2019-06-28 09:38:20.000000000,99947,194,99873,194,99984,194,99859,194,100002,194,99845,194,100003,294,99839,194,100006,194,99783,194,100028,100,99630,100,100035,100,99421,100,100039,100,,,100049,100,,,100055,100,,
2019-06-28 09:38:30.000000000,99947,568,99873,568,99984,100,99859,100,100002,100,99845,100,100003,200,99839,100,100006,100,99783,100,100028,100,99630,100,100035,100,99421,100,100039,100,,,100049,100,,,100055,100,,
2019-06-28 09:38:40.000000000,99947,217,99873,217,99984,217,99859,217,100002,217,99845,217,100003,317,99839,217,100006,100,99783,100,100028,100,99630,100,100035,100,99421,100,100039,100,,,100049,100,,,100055,100,,
2019-06-28 09:38:50.000000000,99947,194,99873,194,99984,194,99859,194,100002,194,99845,194,100003,294,99839,194,100006,194,99783,194,100028,100,99630,100,100035,100,99421,100,100039,100,,,100049,100,,,100055,100,,
2019-06-28 09:39:00.000000000,99947,217,99873,217,99984,217,99859,217,100002,217,99845,217,100003,317,99839,217,100006,100,99783,100,100028,100,99630,100,100035,100,99421,100,100039,100,,,100049,100,,,100055,100,,
2019-06-28 09:39:06.513298775,99947,217,99873,117,99984,217,99859,217,100002,217,99845,217,100003,317,99839,217,100006,100,99783,100,100028,100,99630,100,100035,100,99421,100,100039,100,,,100049,100,,,100055,100,,
2019-06-28 09:39:10.000000000,99947,568,99859,568,99984,100,99845,100,100002,100,99839,100,100003,200,99783,100,100006,100,99630,100,100028,100,99421,100,100035,100,,,100039,100,,,100049,100,,,100055,100,,
2019-06-28 09:39:17.756950876,99884,100,99859,568,99947,568,99845,100,99984,100,99839,100,100002,100,99783,100,100003,200,99630,100,100006,100,99421,100,100028,100,,,100035,100,,,100039,100,,,100049,100,,
2019-06-28 09:39:20.000000000,99884,334,99859,334,99947,334,99845,334,99984,100,99839,100,100002,100,99783,100,100003,200,99630,100,100006,100,99421,100,100028,100,,,100035,100,,,100039,100,,,100049,100,,
2019-06-28 09:39:20.247654663,99884,334,99859,334,99947,334,99845,334,99984,100,99839,100,100002,100,99783,100,100003,200,99630,100,100006,100,99616,100,100028,100,,,100035,100,,,100039,100,,,100049,100,,
2019-06-28 09:39:30.000000000,99884,194,99859,194,99947,194,99845,194,99984,194,99839,194,100002,194,99783,194,100003,294,99630,194,100006,100,99616,100,100028,100,,,100035,100,,,100039,100,,,100049,100,,
2019-06-28 09:39:40.000000000,99884,194,99859,194,99947,194,99845,194,99984,194,99839,194,100002,194,99783,194,100003,294,99630,194,100006,100,99616,100,100028,100,,,100035,100,,,100039,100,,,100049,100,,
2019-06-28 09:39:50.000000000,99884,259,99859,259,99947,254,99845,254,99984,254,99839,254,100002,100,99783,100,100003,200,99630,100,100006,100,99616,100,100028,100,,,100035,100,,,100039,100,,,100049,100,,
2019-06-28 09:39:51.452442842,99884,259,99859,259,99947,254,99845,254,99984,254,99839,254,100002,100,99783,100,100003,200,99766,100,100006,100,99630,100,100028,100,99616,100,100035,100,,,100039,100,,,100049,100,,
2019-06-28 09:39:55.134217424,99884,259,99859,259,99947,254,99845,254,99951,100,99839,254,99984,254,99783,100,100002,100,99766,100,100003,200,99630,100,100006,100,99616,100,100028,100,,,100035,100,,,100039,100,,
2019-06-28 09:40:00.000000000,99884,334,99859,334,99947,334,99845,334,99951,100,99839,100,99984,100,99783,100,100002,100,99766,100,100003,200,99630,100,100006,100,99616,100,100028,100,,,100035,100,,,100039,100,,
2019-06-28 09:40:03.715369153,99884,334,99859,334,99947,334,99845,334,99951,100,99839,100,99984,100,99783,100,100002,100,99766,100,100003,200,99630,100,100028,100,99616,100,100035,100,99519,100,100039,100,,,100049,100,,
2019-06-28 09:40:06.668482426,99884,334,99859,334,99947,334,99845,334,99951,100,99839,100,99984,100,99783,100,100002,100,99766,100,100003,200,99630,100,100028,100,99616,100,100035,100,99536,100,100039,100,99519,100,100049,100,,
2019-06-28 09:40:10.000000000,99884,259,99859,259,99947,254,99845,254,99951,254,99839,254,99984,100,99783,100,100002,100,99766,100,100003,200,99630,100,100028,100,99616,100,100035,100,99536,100,100039,100,99519,100,100049,100,,
2019-06-28 09:40:20.000000000,99884,568,99859,568,99947,100,99845,100,99951,100,99839,100,99984,100,99783,100,100002,100,99766,100,100003,200,99630,100,100028,100,99616,100,100035,100,99536,100,100039,100,99519,100,100049,100,,
2019-06-28 09:40:30.000000000,99884,217,99859,217,99947,217,99845,217,99951,217,99839,217,99984,217,99783,217,100002,100,99766,100,100003,200,99630,100,100028,100,99616,100,100035,100,99536,100,100039,100,99519,100,100049,100,,
2019-06-28 09:40:40.000000000,99884,334,99859,334,99947,334,99845,334,99951,100,99839,100,99984,100,99783,100,100002,100,99766,100,100003,200,99630,100,100028,100,99616,100,100035,100,99536,100,100039,100,99519,100,100049,100,,
2019-06-28 09:40:44.741394573,99884,334,99859,334,99947,334,99845,334,99951,100,99839,100,99984,100,99783,100,100002,100,99766,100,100003,200,99630,100,100028,100,99616,100,100035,100,99536,100,100039,100,,,100049,100,,
2019-06-28 09:40:48.102795252,99884,234,99859,334,99947,334,99845,334,99951,100,99839,100,99984,100,99783,100,100002,100,99766,100,100003,200,99630,100,100028,100,99616,100,100035,100,99536,100,100039,100,,,100049,100,,
2019-06-28 09:40:50.000000000,99947,194,99859,194,99951,194,99845,194,99984,194,99839,194,100002,194,99783,194,100003,294,99766,194,100028,100,99630,100,100035,100,99616,100,100039,100,99536,100,100049,100,,,100055,100,,
2019-06-28 09:40:54.022159916,99947,194,99874,100,99951,194,99859,194,99984,194,99845,194,100002,194,99839,194,100003,294,99783,194,100028,100,99766,194,100035,100,99630,100,100039,100,99616,100,100049,100,99536,100,100055,100,,
2019-06-28 09:41:00.000000000,99947,194,99874,194,99951,194,99859,194,99984,194,99845,194,100002,194,99839,194,100003,294,99783,194,100028,100,99766,100,100035,100,99630,100,100039,100,99616,100,100049,100,99536,100,100055,100,,
2019-06-28 09:41:09.436131185,99947,194,99874,194,99951,194,99859,194,99984,194,99845,194,100002,194,99839,194,100003,294,99783,194,100028,100,99766,100,100035,100,99630,100,100039,100,99616,100,100049,100,99536,100,100055,100,,
2019-06-28 09:41:10.000000000,99947,217,99874,217,99951,217,99859,217,99984,217,99845,217,100002,217,99839,217,100003,200,99783,100,100028,100,99766,100,100035,100,99630,100,100039,100,99616,100,100049,100,99536,100,100055,100,,
2019-06-28 09:41:16.923971558,99947,217,99874,217,99951,217,99859,217,99984,217,99845,217,100002,217,99839,217,100003,200,99783,100,100028,100,99766,100,100035,100,99630,100,100039,100,99616,100,100049,100,99536,100,100055,100,,
2019-06-28 09:41:20.000000000,99947,194,99874,194,99951,194,99859,194,99984,194,99845,194,100002,194,99839,194,100003,294,99783,194,100028,100,99766,100,100035,100,99630,100,100039,100,99616,100,100049,100,99536,100,100055,100,,
2019-06-28 09:41:26.159560294,99947,94,99874,194,99951,194,99859,194,99984,194,99845,194,100002,194,99839,194,100003,294,99783,194,100028,100,99766,100,100035,100,99630,100,100039,100,99616,100,100049,100,99536,100,100055,100,,
2019-06-28 09:41:30.000000000,99951,259,99874,259,99984,254,99859,254,100002,254,99845,254,100003,200,99839,100,100028,100,99783,100,100035,100,99766,100,100039,100,99630,100,100049,100,99616,100,100055,100,99536,100,100064,100,,
2019-06-28 09:41:34.390958435,99951,259,99874,259,99984,154,99859,254,100002,254,99845,254,100003,200,99839,100,100028,100,99783,100,100035,100,99766,100,100039,100,99630,100,100049,100,99616,100,100055,100,99536,100,100064,100,,
2019-06-28 09:41:38.491516524,99951,159,99874,259,99984,154,99859,254,100002,254,99845,254,100003,200,99839,100,100028,100,99783,100,100035,100,99766,100,100039,100,99630,100,100049,100,99616,100,100055,100,99536,100,100064,100,,
2019-06-28 09:41:40.000000000,100002,217,99874,217,100003,317,99859,217,100028,217,99845,217,100035,217,99839,217,100039,100,99783,100,100049,100,99766,100,100055,100,99630,100,100064,100,99616,100,100070,100,99536,100,100078,100,,
2019-06-28 09:41:50.000000000,100002,217,99874,217,100003,317,99859,217,100028,217,99845,217,100035,217,99839,217,100039,100,99783,100,100049,100,99766,100,100055,100,99630,100,100064,100,99616,100,100070,100,99536,100,100078,100,,
2019-06-28 09:42:00.000000000,100002,259,99874,259,100003,354,99859,254,100028,254,99845,254,100035,100,99839,100,100039,100,99783,100,100049,100,99766,100,100055,100,99630,100,100064,100,99616,100,100070,100,99536,100,100078,100,,
2019-06-28 09:42:10.000000000,100002,334,99874,334,100003,434,99859,334,100028,100,99845,100,100035,100,99839,100,100039,100,99783,100,100049,100,99766,100,100055,100,99630,100,100064,100,99616,100,100070,100,99536,100,100078,100,,
2019-06-28 09:42:20.000000000,100002,194,99874,194,100003,294,99859,194,100028,194,99845,194,100035,194,99839,194,100039,194,99783,194,100049,100,99766,100,100055,100,99630,100,100064,100,99616,100,100070,100,99536,100,100078,100,,
2019-06-28 09:42:30.000000000,100002,259,99874,259,100003,354,99859,254,100028,254,99845,254,100035,100,99839,100,100039,100,99783,100,100049,100,99766,100,100055,100,99630,100,100064,100,99616,100,100070,100,99536,100,100078,100,,
2019-06-28 09:42:40.000000000,100002,194,99874,194,100003,294,99859,194,100028,194,99845,194,100035,194,99839,194,100039,194,99783,194,100049,100,99766,100,100055,100,99630,100,100064,100,99616,100,100070,100,99536,100,100078,100,,
2019-06-28 09:42:50.000000000,100002,334,99874,334,100003,434,99859,334,100028,100,99845,100,100035,100,99839,100,100039,100,99783,100,100049,100,99766,100,100055,100,99630,100,100064,100,99616,100,100070,100,99536,100,100078,100,,
2019-06-28 09:43:00.000000000,100002,334,99874,334,100003,434,99859,334,100028,100,99845,100,100035,100,99839,100,100039,100,99783,100,100049,100,99766,100,100055,100,99630,100,100064,100,99616,100,100070,100,99536,100,100078,100,,
2019-06-28 09:43:10.000000000,100002,259,99874,259,100003,354,99859,254,100028,254,99845,254,100035,100,99839,100,100039,100,99783,100,100049,100,99766,100,100055,100,99630,100,100064,100,99616,100,100070,100,99536,100,100078,100,,
2019-06-28 09:43:12.852464295,100002,159,99874,259,100003,354,99859,254,100028,254,99845,254,100035,100,99839,100,100039,100,99783,100,100049,100,99766,100,100055,100,99630,100,100064,100,99616,100,100070,100,99536,100,100078,100,,
2019-06-28 09:43:12.946657532,100002,159,99951,100,100003,354,99874,259,100028,254,99859,254,100035,100,99845,254,100039,100,99839,100,100049,100,99783,100,100055,100,99766,100,100064,100,99630,100,100070,100,99616,100,100078,100,99536,100
2019-06-28 09:43:19.009087081,100002,159,99951,100,100003,354,99874,259,100028,254,99859,254,100035,100,99845,254,100039,100,99783,100,100049,100,99766,100,100055,100,99630,100,100064,100,99616,100,100070,100,99536,100,100078,100,,
2019-06-28 09:43:20.000000000,100003,668,99951,568,100028,100,99874,100,100035,100,99859,100,100039,100,99845,100,100049,100,99783,100,100055,100,99766,100,100064,100,99630,100,100070,100,99616,100,100078,100,99536,100,100080,100,,
2019-06-28 09:43:30.000000000,100003,294,99951,194,100028,194,99874,194,100035,194,99859,194,100039,194,99845,194,100049,194,99783,194,100055,100,99766,100,100064,100,99630,100,100070,100,99616,100,100078,100,99536,100,100080,100,,
2019-06-28 09:43:40.000000000,100003,359,99951,259,100028,254,99874,254,100035,254,99859,254,100039,100,99845,100,100049,100,99783,100,100055,100,99766,100,100064,100,99630,100,100070,100,99616,100,100078,100,99536,100,100080,100,,
2019-06-28 09:43:40.778589817,100003,259,99951,259,100028,254,99874,254,100035,254,99859,254,100039,100,99845,100,100049,100,99783,100,100055,100,99766,100,100064,100,99630,100,100070,100,99616,100,100078,100,99536,100,100080,100,,
2019-06-28 09:43:50.000000000,100003,334,99951,334,100028,334,99874,334,100035,100,99859,100,100039,100,99845,100,100049,100,99783,100,100055,100,99766,100,100064,100,99630,100,100070,100,99616,100,100078,100,99536,100,100080,100,,
2019-06-28 09:43:55.349405848,100003,334,99951,334,100028,334,99874,334,100035,100,99859,100,100039,100,99845,100,100049,100,99783,100,100055,100,99766,100,100064,100,99630,100,100070,100,99616,100,100078,100,99536,100,100080,100,,
2019-06-28 09:44:00.000000000,100003,259,99951,259,100028,254,99874,254,100035,254,99859,254,100039,100,99845,100,100049,100,99783,100,100055,100,99766,100,100064,100,99630,100,100070,100,99616,100,100078,100,99536,100,100080,100,,
2019-06-28 09:44:03.073959622,100003,259,99951,259,100028,254,99874,254,100035,254,99859,254,100039,100,99845,100,100049,100,99783,100,100055,100,99766,100,100064,100,99630,100,100070,100,99616,100,100078,100,99536,100,100080,100,,
2019-06-28 09:44:05.725514086,100003,259,100002,100,100028,254,99951,259,100035,254,99874,254,100039,100,99859,254,100049,100,99845,100,100055,100,99783,100,100064,100,99766,100,100070,100,99630,100,100078,100,99616,100,100080,100,99536,100
2019-06-28 09:44:10.000000000,100003,259,100002,259,100028,254,99951,254,100035,254,99874,254,100039,100,99859,100,100049,100,99845,100,100055,100,99783,100,100064,100,99766,100,100070,100,99630,100,100078,100,99616,100,100080,100,99536,100
2019-06-28 09:44:17.993953649,100003,259,100002,259,100028,254,99951,254,100035,254,99879,100,100039,100,99874,254,100049,100,99859,100,100055,100,99845,100,100064,100,99783,100,100070,100,99766,100,100078,100,99630,100,100080,100,99616,100
2019-06-28 09:44:20.000000000,100003,568,100002,568,100028,100,99951,100,100035,100,99879,100,100039,100,99874,100,100049,100,99859,100,100055,100,99845,100,100064,100,99783,100,100070,100,99766,100,100078,100,99630,100,100080,100,99616,100
2019-06-28 09:44:30.000000000,100003,259,100002,259,100028,254,99951,254,100035,254,99879,254,100039,100,99874,100,100049,100,99859,100,100055,100,99845,100,100064,100,99783,100,100070,100,99766,100,100078,100,99630,100,100080,100,99616,100
2019-06-28 09:44:37.222940628,100003,259,100002,259,100028,254,99951,154,100035,254,99879,254,100039,100,99874,100,100049,100,99859,100,100055,100,99845,100,100064,100,99783,100,100070,100,99766,100,100078,100,99630,100,100080,100,99616,100
2019-06-28 09:44:40.000000000,100003,194,100002,194,100028,194,99879,194,100035,194,99874,194,100039,194,99859,194,100049,194,99845,194,100055,100,99783,100,100064,100,99766,100,100070,100,99630,100,100078,100,99616,100,100080,100,99536,100
2019-06-28 09:44:43.764181061,100003,194,100002,194,100028,194,99879,194,100035,194,99874,194,100039,194,99859,194,100049,194,99845,194,100055,100,99783,100,100064,100,99766,100,100070,100,99630,100,100078,100,99616,100,100080,100,99536,100
2019-06-28 09:44:50.000000000,100003,568,100002,568,100028,100,99879,100,100035,100,99874,100,100039,100,99859,100,100049,100,99845,100,100055,100,99783,100,100064,100,99766,100,100070,100,99630,100,100078,100,99616,100,100080,100,99536,100
2019-06-28 09:45:00.000000000,100003,568,100002,568,100028,100,99879,100,100035,100,99874,100,100039,100,99859,100,100049,100,99845,100,100055,100,99783,100,100064,100,99766,100,100070,100,99630,100,100078,100,99616,100,100080,100,99536,100
2019-06-28 09:45:03.485920595,100003,568,100002,568,100028,100,99879,100,100035,100,99874,100,100039,100,99859,100,100049,100,99845,100,100055,100,99783,100,100064,100,99766,100,100070,100,99630,100,100078,100,99616,100,100080,100,99536,100
2019-06-28 09:45:08.909787958,100003,568,100002,568,100028,100,99879,100,100035,100,99874,100,100039,100,99859,100,100049,100,99845,100,100055,100,99783,100,100064,100,99766,100,100070,100,99630,100,100078,100,99616,100,100080,100,99573,100
2019-06-28 09:45:10.000000000,100003,568,100002,568,100028,100,99879,100,100035,100,99874,100,100039,100,99859,100,100049,100,99845,100,100055,100,99783,100,100064,100,99766,100,100070,100,99630,100,100078,100,99616,100,100080,100,99573,100
2019-06-28 09:45:14.244924901,100003,568,100002,468,100028,100,99879,100,100035,100,99874,100,100039,100,99859,100,100049,100,99845,100,100055,100,99783,100,100064,100,99766,100,100070,100,99630,100,100078,100,99616,100,100080,100,99573,100
2019-06-28 09:45:15.813435575,100003,568,100002,368,100028,100,99879,100,100035,100,99874,100,100039,100,99859,100,100049,100,99845,100,100055,100,99783,100,100064,100,99766,100,100070,100,99630,100,100078,100,99616,100,100080,100,99573,100
2019-06-28 09:45:17.386913285,100003,568,100002,368,100028,100,99874,100,100035,100,99859,100,100039,100,99845,100,100049,100,99783,100,100055,100,99766,100,100064,100,99630,100,100070,100,99616,100,100078,100,99573,100,100080,100,99536,100
2019-06-28 09:45:20.000000000,100003,194,99874,194,100028,194,99859,194,100035,194,99845,194,100039,194,99783,194,100049,194,99766,194,100055,100,99630,100,100064,100,99616,100,100070,100,99573,100,100078,100,99536,100,100080,100,99387,100
2019-06-28 09:45:30.000000000,100003,217,99874,217,100028,217,99859,217,100035,217,99845,217,100039,217,99783,217,100049,100,99766,100,100055,100,99630,100,100064,100,99616,100,100070,100,99573,100,100078,100,99536,100,100080,100,99387,100
2019-06-28 09:45:40.000000000,100003,194,99874,194,100028,194,99859,194,100035,194,99845,194,100039,194,99783,194,100049,194,99766,194,100055,100,99630,100,100064,100,99616,100,100070,100,99573,100,100078,100,99536,100,100080,100,99387,100
2019-06-28 09:45:42.521871734,100003,194,99874,94,100028,194,99859,194,100035,194,99845,194,100039,194,99783,194,100049,194,99766,194,100055,100,99630,100,100064,100,99616,100,100070,100,99573,100,100078,100,99536,100,100080,100,99387,100
2019-06-28 09:45:50.000000000,100003,217,99859,217,100028,217,99845,217,100035,217,99783,217,100039,217,99766,217,100049,100,99630,100,100055,100,99616,100,100064,100,99573,100,100070,100,99536,100,100078,100,99387,100,100080,100,,
2019-06-28 09:46:00.000000000,100003,568,99859,568,100028,100,99845,100,100035,100,99783,100,100039,100,99766,100,100049,100,99630,100,100055,100,99616,100,100064,100,99573,100,100070,100,99536,100,100078,100,99387,100,100080,100,,
2019-06-28 09:46:10.000000000,100003,334,99859,334,100028,334,99845,334,100035,100,99783,100,100039,100,99766,100,100049,100,99630,100,100055,100,99616,100,100064,100,99573,100,100070,100,99536,100,100078,100,99387,100,100080,100,,
2019-06-28 09:46:20.000000000,100003,217,99859,217,100028,217,99845,217,100035,217,99783,217,100039,217,99766,217,100049,100,99630,100,100055,100,99616,100,100064,100,99573,100,100070,100,99536,100,100078,100,99387,100,100080,100,,
2019-06-28 09:46:30.000000000,100003,568,99859,568,100028,100,99845,100,100035,100,99783,100,100039,100,99766,100,100049,100,99630,100,100055,100,99616,100,100064,100,99573,100,100070,100,99536,100,100078,100,99387,100,100080,100,,
2019-06-28 09:46:40.000000000,100003,217,99859,217,100028,217,99845,217,100035,217,99783,217,100039,217,99766,217,100049,100,99630,100,100055,100,99616,100,100064,100,99573,100,100070,100,99536,100,100078,100,99387,100,100080,100,,
2019-06-28 09:46:50.000000000,100003,259,99859,259,100028,254,99845,254,100035,254,99783,254,100039,100,99766,100,100049,100,99630,100,100055,100,99616,100,100064,100,99573,100,100070,100,99536,100,100078,100,99387,100,100080,100,,
2019-06-28 09:46:54.288535703,100003,259,99859,259,100028,254,99845,254,100035,254,99783,254,100039,100,99766,100,100049,100,99630,100,100055,100,99616,100,100064,100,99573,100,100070,100,99478,100,100078,100,99387,100,100080,100,,
2019-06-28 09:46:55.588197586,100003,259,99859,259,100028,254,99845,254,100035,254,99783,254,100039,100,99766,100,100049,100,99630,100,100055,100,99616,100,100064,100,99573,100,100070,100,99543,100,100078,100,99478,100,100080,100,99387,100
2019-06-28 09:47:00.000000000,100003,259,99859,259,100028,254,99845,254,100035,254,99783,254,100039,100,99766,100,100049,100,99630,100,100055,100,99616,100,100064,100,99573,100,100070,100,99543,100,100078,100,99478,100,100080,100,99387,100
2019-06-28 09:47:10.000000000,100003,334,99859,334,100028,334,99845,334,100035,100,99783,100,100039,100,99766,100,100049,100,99630,100,100055,100,99616,100,100064,100,99573,100,100070,100,99543,100,100078,100,99478,100,100080,100,99387,100
2019-06-28 09:47:20.000000000,100003,217,99859,217,100028,217,99845,217,100035,217,99783,217,100039,217,99766,217,100049,100,99630,100,100055,100,99616,100,100064,100,99573,100,100070,100,99543,100,100078,100,99478,100,100080,100,99387,100
2019-06-28 09:47:30.000000000,100003,568,99859,568,100028,100,99845,100,100035,100,99783,100,100039,100,99766,100,100049,100,99630,100,100055,100,99616,100,100064,100,99573,100,100070,100,99543,100,100078,100,99478,100,100080,100,99387,100
2019-06-28 09:47:40.000000000,100003,217,99859,217,100028,217,99845,217,100035,217,99783,217,100039,217,99766,217,100049,100,99630,100,100055,100,99616,100,100064,100,99573,100,100070,100,99543,100,100078,100,99478,100,100080,100,99387,100
2019-06-28 09:47:43.021496141,100003,217,99859,117,100028,217,99845,217,100035,217,99783,217,100039,217,99766,217,100049,100,99630,100,100055,100,99616,100,100064,100,99573,100,100070,100,99478,100,100078,100,99387,100,100080,100,,
2019-06-28 09:47:50.000000000,100003,259,99845,259,100028,254,99783,254,100035,254,99766,254,100039,100,99630,100,100049,100,99616,100,100055,100,99573,100,100064,100,99478,100,100070,100,99387,100,100078,100,,,100080,100,,
2019-06-28 09:48:00.000000000,100003,568,99845,568,100028,100,99783,100,100035,100,99766,100,100039,100,99630,100,100049,100,99616,100,100055,100,99573,100,100064,100,99478,100,100070,100,99387,100,100078,100,,,100080,100,,
2019-06-28 09:48:10.000000000,100003,259,99845,259,100028,254,99783,254,100035,254,99766,254,100039,100,99630,100,100049,100,99616,100,100055,100,99573,100,100064,100,99478,100,100070,100,99387,100,100078,100,,,100080,100,,
2019-06-28 09:48:17.339572819,100003,259,99845,259,100028,254,99783,254,100035,254,99766,254,100039,100,99630,100,100049,100,99616,100,100055,100,99573,100,100064,100,99478,100,100070,100,99387,100,100078,100,99025,100,100080,100,,
2019-06-28 09:48:20.000000000,100003,194,99845,194,100028,194,99783,194,100035,194,99766,194,100039,194,99630,194,100049,194,99616,194,100055,100,99573,100,100064,100,99478,100,100070,100,99387,100,100078,100,99025,100,100080,100,,
2019-06-28 09:48:30.000000000,100003,259,99845,259,100028,254,99783,254,100035,254,99766,254,100039,100,99630,100,100049,100,99616,100,100055,100,99573,100,100064,100,99478,100,100070,100,99387,100,100078,100,99025,100,100080,100,,
2019-06-28 09:48:40.000000000,100003,194,99845,194,100028,194,99783,194,100035,194,99766,194,100039,194,99630,194,100049,194,99616,194,100055,100,99573,100,100064,100,99478,100,100070,100,99387,100,100078,100,99025,100,100080,100,,
2019-06-28 09:48:50.000000000,100003,334,99845,334,100028,334,99783,334,100035,100,99766,100,100039,100,99630,100,100049,100,99616,100,100055,100,99573,100,100064,100,99478,100,100070,100,99387,100,100078,100,99025,100,100080,100,,
2019-06-28 09:49:00.000000000,100003,334,99845,334,100028,334,99783,334,100035,100,99766,100,100039,100,99630,100,100049,100,99616,100,100055,100,99573,100,100064,100,99478,100,100070,100,99387,100,100078,100,99025,100,100080,100,,
2019-06-28 09:49:04.738754430,100003,334,99845,334,100028,334,99783,334,100033,100,99766,100,100035,100,99630,100,100039,100,99616,100,100049,100,99573,100,100055,100,99478,100,100064,100,99387,100,100070,100,99025,100,100078,100,,
2019-06-28 09:49:06.052341754,100003,334,99895,100,100028,334,99845,334,100033,100,99783,334,100035,100,99766,100,100039,100,99630,100,100049,100,99616,100,100055,100,99573,100,100064,100,99478,100,100070,100,99387,100,100078,100,99025,100
2019-06-28 09:49:09.193754981,100003,334,99895,100,100028,334,99845,334,100033,100,99783,334,100035,100,99766,100,100039,100,99630,100,100049,100,99616,100,100055,100,99573,100,100064,100,99478,100,100070,100,99387,100,100078,100,99025,100
2019-06-28 09:49:10.000000000,100003,334,99895,334,100028,334,99845,334,100033,100,99783,100,100035,100,99766,100,100039,100,99630,100,100049,100,99616,100,100055,100,99573,100,100064,100,99478,100,100070,100,99387,100,100078,100,99025,100
2019-06-28 09:49:10.216773242,100003,334,99895,334,100028,334,99881,100,100033,100,99845,334,100035,100,99783,100,100039,100,99766,100,100049,100,99630,100,100055,100,99616,100,100064,100,99573,100,100070,100,99478,100,100078,100,99387,100
2019-06-28 09:49:18.919096457,100003,334,99895,334,100028,334,99881,100,100033,100,99875,100,100035,100,99845,334,100039,100,99783,100,100049,100,99766,100,100055,100,99630,100,100064,100,99616,100,100070,100,99573,100,100078,100,99478,100
2019-06-28 09:49:20.000000000,100003,334,99895,334,100028,334,99881,334,100033,100,99875,100,100035,100,99845,100,100039,100,99783,100,100049,100,99766,100,100055,100,99630,100,100064,100,99616,100,100070,100,99573,100,100078,100,99478,100
2019-06-28 09:49:30.000000000,100003,259,99895,259,100028,254,99881,254,100033,254,99875,254,100035,100,99845,100,100039,100,99783,100,100049,100,99766,100,100055,100,99630,100,100064,100,99616,100,100070,100,99573,100,100078,100,99478,100
2019-06-28 09:49:33.353006612,100003,159,99895,259,100028,254,99881,254,100033,254,99875,254,100035,100,99845,100,100039,100,99783,100,100049,100,99766,100,100055,100,99630,100,100064,100,99616,100,100070,100,99573,100,100078,100,99478,100
2019-06-28 09:49:40.000000000,100028,334,99895,334,100033,334,99881,334,100035,100,99875,100,100039,100,99845,100,100049,100,99783,100,100055,100,99766,100,100064,100,99630,100,100070,100,99616,100,100078,100,99573,100,100080,100,99478,100
2019-06-28 09:49:50.000000000,100028,568,99895,568,100033,100,99881,100,100035,100,99875,100,100039,100,99845,100,100049,100,99783,100,100055,100,99766,100,100064,100,99630,100,100070,100,99616,100,100078,100,99573,100,100080,100,99478,100
2019-06-28 09:49:53.146776034,100028,568,99895,568,100033,100,99881,100,100035,100,99875,100,100039,100,99845,100,100049,100,99783,200,100055,100,99766,100,100064,100,99630,100,100070,100,99616,100,100078,100,99573,100,100080,100,99478,100
2019-06-28 09:49:56.908148747,100002,100,99895,568,100028,568,99881,100,100033,100,99875,100,100035,100,99845,100,100039,100,99783,200,100049,100,99766,100,100055,100,99630,100,100064,100,99616,100,100070,100,99573,100,100078,100,99478,100
2019-06-28 09:50:00.000000000,100002,194,99895,194,100028,194,99881,194,100033,194,99875,194,100035,194,99845,194,100039,194,99783,294,100049,100,99766,100,100055,100,99630,100,100064,100,99616,100,100070,100,99573,100,100078,100,99478,100
2019-06-28 09:50:05.420998888,100002,194,99895,194,100028,194,99881,194,100033,194,99875,194,100035,194,99845,194,100039,194,99783,294,100049,100,99766,100,100055,100,99630,100,100064,100,99616,100,100070,100,99573,100,100078,100,99478,100
2019-06-28 09:50:10.000000000,100002,217,99895,217,100028,217,99881,217,100033,217,99875,217,100035,217,99845,217,100039,100,99783,200,100049,100,99766,100,100055,100,99630,100,100064,100,99616,100,100070,100,99573,100,100078,100,99478,100
2019-06-28 09:50:20.000000000,100002,217,99895,217,100028,217,99881,217,100033,217,99875,217,100035,217,99845,217,100039,100,99783,200,100049,100,99766,100,100055,100,99630,100,100064,100,99616,100,100070,100,99573,100,100078,100,99478,100
2019-06-28 09:50:30.000000000,100002,334,99895,334,100028,334,99881,334,100033,100,99875,100,100035,100,99845,100,100039,100,99783,200,100049,100,99766,100,100055,100,99630,100,100064,100,99616,100,100070,100,99573,100,100078,100,99478,100
2019-06-28 09:50:36.157165654,100002,334,99895,234,100028,334,99881,334,100033,100,99875,100,100035,100,99845,100,100039,100,99783,200,100049,100,99766,100,100055,100,99630,100,100064,100,99616,100,100070,100,99573,100,100078,100,99478,100
2019-06-28 09:50:40.000000000,100002,568,99881,568,100028,100,99875,100,100033,100,99845,100,100035,100,99783,200,100039,100,99766,100,100049,100,99630,100,100055,100,99616,100,100064,100,99573,100,100070,100,99478,100,100078,100,99387,100
2019-06-28 09:50:46.462893666,100002,568,99881,568,100028,100,99875,100,100033,100,99845,100,100035,100,99783,200,100039,100,99766,100,100049,100,99693,100,100055,100,99630,100,100064,100,99616,100,100070,100,99573,100,100078,100,99478,100
2019-06-28 09:50:50.000000000,100002,217,99881,217,100028,217,99875,217,100033,217,99845,217,100035,217,99783,317,100039,100,99766,100,100049,100,99693,100,100055,100,99630,100,100064,100,99616,100,100070,100,99573,100,100078,100,99478,100
2019-06-28 09:50:50.376080155,100002,217,99881,117,100028,217,99875,217,100033,217,99845,217,100035,217,99783,317,100039,100,99766,100,100049,100,99693,100,100055,100,99630,100,100064,100,99616,100,100070,100,99573,100,100078,100,99478,100
2019-06-28 09:51:00.000000000,100002,334,99875,334,100028,334,99845,334,100033,100,99783,200,100035,100,99766,100,100039,100,99693,100,100049,100,99630,100,100055,100,99616,100,100064,100,99573,100,100070,100,99478,100,100078,100,99387,100
2019-06-28 09:51:06.478479748,100002,334,99875,334,100028,334,99845,334,100033,100,99783,200,100035,100,99766,100,100039,100,99693,100,100049,100,99690,100,100055,100,99616,100,100064,100,99573,100,100070,100,99478,100,100078,100,99387,100
2019-06-28 09:51:10.000000000,100002,568,99875,568,100028,100,99845,100,100033,100,99783,200,100035,100,99766,100,100039,100,99693,100,100049,100,99690,100,100055,100,99616,100,100064,100,99573,100,100070,100,99478,100,100078,100,99387,100
2019-06-28 09:51:20.000000000,100002,259,99875,259,100028,254,99845,254,100033,254,99783,354,100035,100,99766,100,100039,100,99693,100,100049,100,99690,100,100055,100,99616,100,100064,100,99573,100,100070,100,99478,100,100078,100,99387,100
2019-06-28 09:51:30.000000000,100002,259,99875,259,100028,254,99845,254,100033,254,99783,354,100035,100,99766,100,100039,100,99693,100,100049,100,99690,100,100055,100,99616,100,100064,100,99573,100,100070,100,99478,100,100078,100,99387,100
2019-06-28 09:51:31.954533155,99887,100,99875,259,100002,259,99845,254,100028,254,99783,354,100033,254,99766,100,100035,100,99693,100,100039,100,99690,100,100049,100,99616,100,100055,100,99573,100,100064,100,99478,100,100070,100,99387,100
2019-06-28 09:51:40.000000000,99887,568,99875,568,100002,100,99845,100,100028,100,99783,200,100033,100,99766,100,100035,100,99693,100,100039,100,99690,100,100049,100,99616,100,100055,100,99573,100,100064,100,99478,100,100070,100,99387,100
2019-06-28 09:51:50.000000000,99887,334,99875,334,100002,334,99845,334,100028,100,99783,200,100033,100,99766,100,100035,100,99693,100,100039,100,99690,100,100049,100,99616,100,100055,100,99573,100,100064,100,99478,100,100070,100,99387,100
2019-06-28 09:52:00.000000000,99887,568,99875,568,100002,100,99845,100,100028,100,99783,200,100033,100,99766,100,100035,100,99693,100,100039,100,99690,100,100049,100,99616,100,100055,100,99573,100,100064,100,99478,100,100070,100,99387,100
2019-06-28 09:52:00.427293046,99887,568,99875,468,100002,100,99845,100,100028,100,99783,200,100033,100,99766,100,100035,100,99693,100,100039,100,99690,100,100049,100,99616,100,100064,100,99573,100,100070,100,99478,100,100078,100,99387,100
2019-06-28 09:52:10.000000000,99887,217,99845,217,100002,217,99783,317,100028,217,99766,217,100033,217,99693,217,100035,100,99690,100,100039,100,99616,100,100049,100,99573,100,100064,100,99478,100,100070,100,99387,100,100078,100,99025,100
2019-06-28 09:52:12.647714186,99881,100,99845,217,99887,217,99783,317,100002,217,99766,217,100028,217,99693,217,100033,217,99690,100,100035,100,99616,100,100039,100,99573,100,100049,100,99478,100,100064,100,99387,100,100070,100,99025,100
2019-06-28 09:52:20.000000000,99881,334,99845,334,99887,334,99783,434,100002,100,99766,100,100028,100,99693,100,100033,100,99690,100,100035,100,99616,100,100039,100,99573,100,100049,100,99478,100,100064,100,99387,100,100070,100,99025,100
2019-06-28 09:52:28.121960780,99881,334,99845,234,99887,334,99783,434,100002,100,99766,100,100028,100,99693,100,100033,100,99690,100,100035,100,99616,100,100039,100,99573,100,100049,100,99478,100,100064,100,99387,100,100070,100,99025,100
2019-06-28 09:52:30.000000000,99881,568,99783,668,99887,100,99766,100,100002,100,99693,100,100028,100,99690,100,100033,100,99616,100,100035,100,99573,100,100039,100,99478,100,100049,100,99387,100,100064,100,99025,100,100070,100,,
2019-06-28 09:52:40.000000000,99881,568,99783,668,99887,100,99766,100,100002,100,99693,100,100028,100,99690,100,100033,100,99616,100,100035,100,99573,100,100039,100,99478,100,100049,100,99387,100,100064,100,99025,100,100070,100,,
2019-06-28 09:52:49.782984297,99881,568,99783,568,99887,100,99766,100,100002,100,99693,100,100028,100,99690,100,100033,100,99616,100,100035,100,99573,100,100039,100,99478,100,100049,100,99387,100,100064,100,99025,100,100070,100,,
2019-06-28 09:52:50.000000000,99881,259,99783,259,99887,254,99766,254,100002,254,99693,254,100028,100,99690,100,100033,100,99616,100,100035,100,99573,100,100039,100,99478,100,100049,100,99387,100,100064,100,99025,100,100070,100,,
2019-06-28 09:52:50.794702128,99881,259,99783,259,99887,254,99766,254,100002,254,99693,254,100028,100,99690,100,100033,100,99616,100,100035,100,99573,100,100039,100,99478,100,100049,100,99387,100,100064,100,99081,100,100070,100,99025,100
2019-06-28 09:52:59.136765231,99881,259,99783,159,99887,254,99766,254,100002,254,99693,254,100028,100,99690,100,100033,100,99616,100,100035,100,99573,100,100039,100,99478,100,100049,100,99387,100,100064,100,99081,100,100078,100,99025,100
2019-06-28 09:53:00.000000000,99881,568,99766,568,99887,100,99693,100,100002,100,99690,100,100028,100,99616,100,100033,100,99573,100,100035,100,99478,100,100039,100,99387,100,100049,100,99081,100,100064,100,99025,100,100078,100,,
2019-06-28 09:53:10.000000000,99881,334,99766,334,99887,334,99693,334,100002,100,99690,100,100028,100,99616,100,100033,100,99573,100,100035,100,99478,100,100039,100,99387,100,100049,100,99081,100,100064,100,99025,100,100078,100,,
2019-06-28 09:53:20.000000000,99881,334,99766,334,99887,334,99693,334,100002,100,99690,100,100028,100,99616,100,100033,100,99573,100,100035,100,99478,100,100039,100,99387,100,100049,100,99081,100,100064,100,99025,100,100078,100,,
2019-06-28 09:53:23.497359563,99783,100,99766,334,99881,334,99693,334,99887,334,99690,100,100002,100,99616,100,100028,100,99573,100,100033,100,99478,100,100035,100,99387,100,100039,100,99081,100,100049,100,99025,100,100064,100,,
2019-06-28 09:53:24.143777024,99783,200,99766,334,99881,334,99693,334,99887,334,99690,100,100002,100,99616,100,100028,100,99573,100,100033,100,99478,100,100035,100,99387,100,100039,100,99081,100,100049,100,99025,100,100064,100,,
2019-06-28 09:53:28.753278499,99783,200,99766,334,99881,334,99693,334,99887,334,99690,100,100002,100,99616,100,100028,100,99573,100,100033,100,99387,100,100035,100,99081,100,100039,100,99025,100,100049,100,98941,100,100064,100,,
2019-06-28 09:53:30.000000000,99783,317,99766,217,99881,217,99693,217,99887,217,99690,217,100002,217,99616,217,100028,100,99573,100,100033,100,99387,100,100035,100,99081,100,100039,100,99025,100,100049,100,98941,100,100064,100,,
2019-06-28 09:53:35.661087336,99783,317,99766,217,99881,217,99693,217,99887,217,99690,217,100002,217,99616,217,100028,100,99573,100,100033,100,99387,100,100035,100,99081,100,100039,100,99025,100,100049,100,98941,100,100064,100,98788,100
2019-06-28 09:53:40.000000000,99783,359,99766,259,99881,254,99693,254,99887,254,99690,254,100002,100,99616,100,100028,100,99573,100,100033,100,99387,100,100035,100,99081,100,100039,100,99025,100,100049,100,98941,100,100064,100,98788,100
2019-06-28 09:53:40.113488711,99783,359,99766,159,99881,254,99693,254,99887,254,99690,254,100002,100,99616,100,100028,100,99573,100,100033,100,99387,100,100035,100,99081,100,100039,100,99025,100,100049,100,98941,100,100064,100,98788,100
2019-06-28 09:53:50.000000000,99783,434,99693,334,99881,334,99690,334,99887,100,99616,100,100002,100,99573,100,100028,100,99387,100,100033,100,99081,100,100035,100,99025,100,100039,100,98941,100,100049,100,98788,100,100064,100,98669,100
2019-06-28 09:53:54.338401476,99783,434,99693,334,99881,334,99690,334,99887,100,99616,100,100002,100,99573,100,100028,100,99387,100,100033,100,99081,100,100035,100,99025,100,100039,100,98979,100,100049,100,98941,100,100064,100,98788,100
2019-06-28 09:54:00.000000000,99783,317,99693,217,99881,217,99690,217,99887,217,99616,217,100002,217,99573,217,100028,100,99387,100,100033,100,99081,100,100035,100,99025,100,100039,100,98979,100,100049,100,98941,100,100064,100,98788,100
2019-06-28 09:54:02.077494825,99783,317,99693,217,99881,117,99690,217,99887,217,99616,217,100002,217,99573,217,100028,100,99387,100,100033,100,99081,100,100035,100,99025,100,100039,100,98979,100,100049,100,98941,100,100064,100,98788,100
2019-06-28 09:54:10.000000000,99783,317,99693,217,99887,217,99690,217,100002,217,99616,217,100028,217,99573,217,100033,100,99387,100,100035,100,99081,100,100039,100,99025,100,100049,100,98979,100,100064,100,98941,100,100080,100,98788,100
2019-06-28 09:54:17.041811186,99783,317,99693,17,99887,217,99690,217,100002,217,99616,217,100028,217,99573,217,100033,100,99387,100,100035,100,99081,100,100039,100,99025,100,100049,100,98979,100,100064,100,98941,100,100080,100,98788,100
2019-06-28 09:54:20.000000000,99783,359,99690,259,99887,254,99616,254,100002,254,99573,254,100028,100,99387,100,100033,100,99081,100,100035,100,99025,100,100039,100,98979,100,100049,100,98941,100,100064,100,98788,100,100080,100,98669,100
2019-06-28 09:54:29.971869539,99783,359,99690,159,99887,254,99616,254,100002,254,99573,254,100028,100,99387,100,100033,100,99081,100,100035,100,99025,100,100039,100,98979,100,100049,100,98788,100,100064,100,98669,100,100080,100,,
2019-06-28 09:54:30.000000000,99783,434,99616,334,99887,334,99573,334,100002,100,99387,100,100028,100,99081,100,100033,100,99025,100,100035,100,98979,100,100039,100,98788,100,100049,100,98669,100,100064,100,,,100080,100,,
2019-06-28 09:54:40.000000000,99783,668,99616,568,99887,100,99573,100,100002,100,99387,100,100028,100,99081,100,100033,100,99025,100,100035,100,98979,100,100039,100,98788,100,100049,100,98669,100,100064,100,,,100080,100,,
2019-06-28 09:54:45.520281839,99783,668,99616,568,99887,100,99573,100,100002,100,99387,100,100028,100,99266,100,100033,100,99081,100,100035,100,99025,100,100039,100,98979,100,100049,100,98788,100,100064,100,98669,100,100080,100,,
2019-06-28 09:54:50.000000000,99783,294,99616,194,99887,194,99573,194,100002,194,99387,194,100028,194,99266,194,100033,194,99081,194,100035,100,99025,100,100039,100,98979,100,100049,100,98788,100,100064,100,98669,100,100080,100,,
2019-06-28 09:55:00.000000000,99783,317,99616,217,99887,217,99573,217,100002,217,99387,217,100028,217,99266,217,100033,100,99081,100,100035,100,99025,100,100039,100,98979,100,100049,100,98788,100,100064,100,98669,100,100080,100,,
2019-06-28 09:55:10.000000000,99783,359,99616,259,99887,254,99573,254,100002,254,99387,254,100028,100,99266,100,100033,100,99081,100,100035,100,99025,100,100039,100,98979,100,100049,100,98788,100,100064,100,98669,100,100080,100,,
2019-06-28 09:55:20.000000000,99783,317,99616,217,99887,217,99573,217,100002,217,99387,217,100028,217,99266,217,100033,100,99081,100,100035,100,99025,100,100039,100,98979,100,100049,100,98788,100,100064,100,98669,100,100080,100,,
2019-06-28 09:55:28.112976016,99629,100,99616,217,99783,317,99573,217,99887,217,99387,217,100002,217,99266,217,100028,217,99081,100,100033,100,99025,100,100035,100,98979,100,100039,100,98788,100,100049,100,98669,100,100064,100,,
2019-06-28 09:55:30.000000000,99629,568,99616,568,99783,200,99573,100,99887,100,99387,100,100002,100,99266,100,100028,100,99081,100,100033,100,99025,100,100035,100,98979,100,100039,100,98788,100,100049,100,98669,100,100064,100,,
2019-06-28 09:55:40.000000000,99629,194,99616,194,99783,294,99573,194,99887,194,99387,194,100002,194,99266,194,100028,194,99081,194,100033,100,99025,100,100035,100,98979,100,100039,100,98788,100,100049,100,98669,100,100064,100,,
2019-06-28 09:55:41.255100626,99629,194,99616,194,99783,294,99573,194,99887,194,99387,194,99999,100,99266,194,100002,194,99081,194,100028,194,99025,100,100033,100,98979,100,100035,100,98788,100,100039,100,98669,100,100049,100,,
2019-06-28 09:55:45.139283852,99629,94,99616,194,99783,294,99573,194,99887,194,99387,194,99999,100,99266,194,100002,194,99081,194,100028,194,99025,100,100033,100,98979,100,100035,100,98788,100,100039,100,98669,100,100049,100,,
2019-06-28 09:55:46.077735105,99783,294,99629,6,99887,194,99616,194,99999,100,99573,194,100002,194,99387,194,100028,194,99266,194,100033,100,99081,194,100035,100,99025,100,100039,100,98979,100,100049,100,98788,100,100064,100,98669,100
2019-06-28 09:55:50.000000000,99783,359,99629,165,99887,254,99616,254,99999,254,99573,254,100002,100,99387,100,100028,100,99266,100,100033,100,99081,100,100035,100,99025,100,100039,100,98979,100,100049,100,98788,100,100064,100,98669,100
2019-06-28 09:56:00.000000000,99783,359,99629,165,99887,254,99616,254,99999,254,99573,254,100002,100,99387,100,100028,100,99266,100,100033,100,99081,100,100035,100,99025,100,100039,100,98979,100,100049,100,98788,100,100064,100,98669,100
2019-06-28 09:56:00.893339292,99783,359,99629,265,99887,254,99616,254,99999,254,99573,254,100002,100,99387,100,100028,100,99266,100,100033,100,99081,100,100035,100,99025,100,100039,100,98979,100,100049,100,98788,100,100064,100,98669,100
2019-06-28 09:56:10.000000000,99783,317,99629,223,99887,217,99616,217,99999,217,99573,217,100002,217,99387,217,100028,100,99266,100,100033,100,99081,100,100035,100,99025,100,100039,100,98979,100,100049,100,98788,100,100064,100,98669,100
2019-06-28 09:56:20.000000000,99783,294,99629,200,99887,194,99616,194,99999,194,99573,194,100002,194,99387,194,100028,194,99266,194,100033,100,99081,100,100035,100,99025,100,100039,100,98979,100,100049,100,98788,100,100064,100,98669,100
2019-06-28 09:56:30.000000000,99783,668,99629,574,99887,100,99616,100,99999,100,99573,100,100002,100,99387,100,100028,100,99266,100,100033,100,99081,100,100035,100,99025,100,100039,100,98979,100,100049,100,98788,100,100064,100,98669,100
2019-06-28 09:56:40.000000000,99783,434,99629,340,99887,334,99616,334,99999,100,99573,100,100002,100,99387,100,100028,100,99266,100,100033,100,99081,100,100035,100,99025,100,100039,100,98979,100,100049,100,98788,100,100064,100,98669,100
2019-06-28 09:56:41.902965236,99783,334,99629,340,99887,334,99616,334,99999,100,99573,100,100002,100,99387,100,100028,100,99266,100,100033,100,99081,100,100035,100,99025,100,100039,100,98979,100,100049,100,98788,100,100064,100,98669,100
2019-06-28 09:56:50.000000000,99783,334,99629,340,99887,334,99616,334,99999,100,99573,100,100002,100,99387,100,100028,100,99266,100,100033,100,99081,100,100035,100,99025,100,100039,100,98979,100,100049,100,98788,100,100064,100,98669,100
2019-06-28 09:57:00.000000000,99783,217,99629,223,99887,217,99616,217,99999,217,99573,217,100002,217,99387,217,100028,100,99266,100,100033,100,99081,100,100035,100,99025,100,100039,100,98979,100,100049,100,98788,100,100064,100,98669,100
2019-06-28 09:57:02.447577920,99783,117,99629,223,99887,217,99616,217,99999,217,99573,217,100002,217,99387,217,100028,100,99081,100,100033,100,99025,100,100035,100,98979,100,100039,100,98788,100,100049,100,98669,100,100064,100,,
2019-06-28 09:57:10.000000000,99887,259,99629,265,99999,254,99616,254,100002,254,99573,254,100028,100,99387,100,100033,100,99081,100,100035,100,99025,100,100039,100,98979,100,100049,100,98788,100,100064,100,98669,100,100080,100,,
2019-06-28 09:57:20.000000000,99887,568,99629,574,99999,100,99616,100,100002,100,99573,100,100028,100,99387,100,100033,100,99081,100,100035,100,99025,100,100039,100,98979,100,100049,100,98788,100,100064,100,98669,100,100080,100,,
2019-06-28 09:57:30.000000000,99887,334,99629,340,99999,334,99616,334,100002,100,99573,100,100028,100,99387,100,100033,100,99081,100,100035,100,99025,100,100039,100,98979,100,100049,100,98788,100,100064,100,98669,100,100080,100,,
2019-06-28 09:57:40.000000000,99887,259,99629,265,99999,254,99616,254,100002,254,99573,254,100028,100,99387,100,100033,100,99081,100,100035,100,99025,100,100039,100,98979,100,100049,100,98788,100,100064,100,98669,100,100080,100,,
2019-06-28 09:57:45.407730852,99879,100,99629,265,99887,259,99616,254,99999,254,99573,254,100002,254,99387,100,100028,100,99081,100,100033,100,99025,100,100035,100,98979,100,100039,100,98788,100,100049,100,98669,100,100064,100,,
2019-06-28 09:57:50.000000000,99879,568,99629,574,99887,100,99616,100,99999,100,99573,100,100002,100,99387,100,100028,100,99081,100,100033,100,99025,100,100035,100,98979,100,100039,100,98788,100,100049,100,98669,100,100064,100,,
2019-06-28 09:58:00.000000000,99879,568,99629,574,99887,100,99616,100,99999,100,99573,100,100002,100,99387,100,100028,100,99081,100,100033,100,99025,100,100035,100,98979,100,100039,100,98788,100,100049,100,98669,100,100064,100,,
2019-06-28 09:58:07.554877087,99879,568,99783,100,99887,100,99629,574,99999,100,99616,100,100002,100,99573,100,100028,100,99387,100,100033,100,99081,100,100035,100,99025,100,100039,100,98979,100,100049,100,98788,100,100064,100,98669,100
2019-06-28 09:58:10.000000000,99879,217,99783,217,99887,217,99629,223,99999,217,99616,217,100002,217,99573,217,100028,100,99387,100,100033,100,99081,100,100035,100,99025,100,100039,100,98979,100,100049,100,98788,100,100064,100,98669,100
2019-06-28 09:58:12.045251593,99879,117,99783,217,99887,217,99629,223,99999,217,99616,217,100002,217,99573,217,100028,100,99387,100,100033,100,99081,100,100035,100,99025,100,100039,100,98979,100,100049,100,98788,100,100064,100,98669,100
2019-06-28 09:58:20.000000000,99887,568,99783,568,99999,100,99629,106,100002,100,99616,100,100028,100,99573,100,100033,100,99387,100,100035,100,99081,100,100039,100,99025,100,100049,100,98979,100,100064,100,98788,100,100126,100,98669,100
2019-06-28 09:58:30.000000000,99887,568,99783,568,99999,100,99629,106,100002,100,99616,100,100028,100,99573,100,100033,100,99387,100,100035,100,99081,100,100039,100,99025,100,100049,100,98979,100,100064,100,98788,100,100126,100,98669,100
2019-06-28 09:58:40.000000000,99887,217,99783,217,99999,217,99629,223,100002,217,99616,217,100028,217,99573,217,100033,100,99387,100,100035,100,99081,100,100039,100,99025,100,100049,100,98979,100,100064,100,98788,100,100126,100,98669,100
2019-06-28 09:58:50.000000000,99887,334,99783,334,99999,334,99629,340,100002,100,99616,100,100028,100,99573,100,100033,100,99387,100,100035,100,99081,100,100039,100,99025,100,100049,100,98979,100,100064,100,98788,100,100126,100,98669,100
2019-06-28 09:59:00.000000000,99887,568,99783,568,99999,100,99629,106,100002,100,99616,100,100028,100,99573,100,100033,100,99387,100,100035,100,99081,100,100039,100,99025,100,100049,100,98979,100,100064,100,98788,100,100126,100,98669,100
2019-06-28 09:59:00.183916648,99887,568,99783,468,99999,100,99629,106,100002,100,99616,100,100028,100,99573,100,100033,100,99387,100,100035,100,99081,100,100039,100,99025,100,100049,100,98979,100,100064,100,98788,100,100126,100,98669,100
2019-06-28 09:59:10.000000000,99887,217,99629,223,99999,217,99616,217,100002,217,99573,217,100028,217,99387,217,100033,100,99081,100,100035,100,99025,100,100039,100,98979,100,100049,100,98788,100,100064,100,98669,100,100126,100,,
2019-06-28 09:59:20.000000000,99887,334,99629,340,99999,334,99616,334,100002,100,99573,100,100028,100,99387,100,100033,100,99081,100,100035,100,99025,100,100039,100,98979,100,100049,100,98788,100,100064,100,98669,100,100126,100,,
2019-06-28 09:59:24.200055366,99887,334,99784,100,99999,334,99629,340,100002,100,99616,334,100028,100,99573,100,100033,100,99387,100,100035,100,99081,100,100039,100,99025,100,100049,100,98979,100,100064,100,98788,100,100126,100,98669,100
2019-06-28 09:59:30.000000000,99887,334,99784,334,99999,334,99629,340,100002,100,99616,100,100028,100,99573,100,100033,100,99387,100,100035,100,99081,100,100039,100,99025,100,100049,100,98979,100,100064,100,98788,100,100126,100,98669,100
2019-06-28 09:59:40.000000000,99887,194,99784,194,99999,194,99629,200,100002,194,99616,194,100028,194,99573,194,100033,194,99387,194,100035,100,99081,100,100039,100,99025,100,100049,100,98979,100,100064,100,98788,100,100126,100,98669,100
2019-06-28 09:59:50.000000000,99887,259,99784,259,99999,254,99629,260,100002,254,99616,254,100028,100,99573,100,100033,100,99387,100,100035,100,99081,100,100039,100,99025,100,100049,100,98979,100,100064,100,98788,100,100126,100,98669,100
2019-06-28 09:59:55.212804809,99887,259,99784,259,99999,254,99629,260,100002,254,99616,254,100028,100,99573,100,100033,100,99387,100,100035,100,99081,100,100039,100,98979,100,100049,100,98788,100,100064,100,98669,100,100126,100,,
2019-06-28 09:59:57.181063772,99887,159,99784,259,99999,154,99629,260,100002,254,99616,254,100028,100,99573,100,100033,100,99387,100,100035,100,99081,100,100039,100,98979,100,100049,100,98788,100,100064,100,98669,100,100126,100,,
2019-06-28 10:00:00.000000000,100002,217,99784,217,100028,217,99629,223,100033,217,99616,217,100035,217,99573,217,100039,100,99387,100,100049,100,99081,100,100064,100,98979,100,100126,100,98788,100,100135,100,98669,100,100152,100,,
2019-06-28 10:00:06.418052654,100002,217,99784,217,100028,217,99629,217,100033,217,99616,217,100035,217,99573,217,100039,100,99387,100,100049,100,99081,100,100064,100,98979,100,100126,100,98788,100,100135,100,98669,100,100152,100,,
2019-06-28 10:00:10.000000000,100002,334,99784,334,100028,334,99629,334,100033,100,99616,100,100035,100,99573,100,100039,100,99387,100,100049,100,99081,100,100064,100,98979,100,100126,100,98788,100,100135,100,98669,100,100152,100,,
2019-06-28 10:00:19.699081064,100002,234,99784,334,100028,334,99629,334,100033,100,99616,100,100035,100,99573,100,100039,100,99387,100,100049,100,99081,100,100064,100,98979,100,100126,100,98788,100,100135,100,98669,100,100152,100,,
2019-06-28 10:00:20.000000000,100028,217,99784,217,100033,217,99629,217,100035,217,99616,217,100039,217,99573,217,100049,100,99387,100,100064,100,99081,100,100126,100,98979,100,100135,100,98788,100,100152,100,98669,100,100160,100,,
2019-06-28 10:00:30.000000000,100028,334,99784,334,100033,334,99629,334,100035,100,99616,100,100039,100,99573,100,100049,100,99387,100,100064,100,99081,100,100126,100,98979,100,100135,100,98788,100,100152,100,98669,100,100160,100,,
2019-06-28 10:00:40.000000000,100028,334,99784,334,100033,334,99629,334,100035,100,99616,100,100039,100,99573,100,100049,100,99387,100,100064,100,99081,100,100126,100,98979,100,100135,100,98788,100,100152,100,98669,100,100160,100,,
2019-06-28 10:00:42.503422056,100028,334,99784,334,100033,334,99629,334,100035,100,99616,100,100039,100,99573,100,100049,100,99387,100,100064,100,99081,100,100126,100,98979,100,100135,100,98788,100,100152,100,98669,100,100157,100,,
2019-06-28 10:00:50.000000000,100028,568,99784,568,100033,100,99629,100,100035,100,99616,100,100039,100,99573,100,100049,100,99387,100,100064,100,99081,100,100126,100,98979,100,100135,100,98788,100,100152,100,98669,100,100157,100,,
2019-06-28 10:01:00.000000000,100028,217,99784,217,100033,217,99629,217,100035,217,99616,217,100039,217,99573,217,100049,100,99387,100,100064,100,99081,100,100126,100,98979,100,100135,100,98788,100,100152,100,98669,100,100157,100,,
2019-06-28 10:01:10.000000000,100028,568,99784,568,100033,100,99629,100,100035,100,99616,100,100039,100,99573,100,100049,100,99387,100,100064,100,99081,100,100126,100,98979,100,100135,100,98788,100,100152,100,98669,100,100157,100,,
2019-06-28 10:01:16.988690187,100028,568,99784,568,100033,100,99629,100,100035,100,99616,100,100039,100,99573,100,100049,100,99387,100,100064,100,99081,100,100126,100,98979,100,100135,100,98788,100,100152,100,98669,100,100157,200,,
2019-06-28 10:01:20.000000000,100028,568,99784,568,100033,100,99629,100,100035,100,99616,100,100039,100,99573,100,100049,100,99387,100,100064,100,99081,100,100126,100,98979,100,100135,100,98788,100,100152,100,98669,100,100157,200,,
2019-06-28 10:01:30.000000000,100028,568,99784,568,100033,100,99629,100,100035,100,99616,100,100039,100,99573,100,100049,100,99387,100,100064,100,99081,100,100126,100,98979,100,100135,100,98788,100,100152,100,98669,100,100157,200,,
2019-06-28 10:01:39.319311816,100028,568,99784,568,100033,100,99629,100,100035,100,99616,100,100039,100,99573,100,100049,100,99387,100,100064,100,99081,100,100126,100,98979,100,100135,100,98788,100,100152,100,98669,100,100157,200,,
2019-06-28 10:01:40.000000000,100028,568,99784,568,100033,100,99629,100,100035,100,99616,100,100039,100,99573,100,100049,100,99387,100,100064,100,99081,100,100126,100,98979,100,100135,100,98788,100,100152,100,98669,100,100157,200,,
2019-06-28 10:01:50.000000000,100028,334,99784,334,100033,334,99629,334,100035,100,99616,100,100039,100,99573,100,100049,100,99387,100,100064,100,99081,100,100126,100,98979,100,100135,100,98788,100,100152,100,98669,100,100157,200,,
2019-06-28 10:02:00.000000000,100028,217,99784,217,100033,217,99629,217,100035,217,99616,217,100039,217,99573,217,100049,100,99387,100,100064,100,99081,100,100126,100,98979,100,100135,100,98788,100,100152,100,98669,100,100157,200,,
2019-06-28 10:02:10.000000000,100028,334,99784,334,100033,334,99629,334,100035,100,99616,100,100039,100,99573,100,100049,100,99387,100,100064,100,99081,100,100126,100,98979,100,100135,100,98788,100,100152,100,98669,100,100157,200,,
2019-06-28 10:02:20.000000000,100028,568,99784,568,100033,100,99629,100,100035,100,99616,100,100039,100,99573,100,100049,100,99387,100,100064,100,99081,100,100126,100,98979,100,100135,100,98788,100,100152,100,98669,100,100157,200,,
2019-06-28 10:02:30.000000000,100028,217,99784,217,100033,217,99629,217,100035,217,99616,217,100039,217,99573,217,100049,100,99387,100,100064,100,99081,100,100126,100,98979,100,100135,100,98788,100,100152,100,98669,100,100157,200,,
2019-06-28 10:02:40.000000000,100028,217,99784,217,100033,217,99629,217,100035,217,99616,217,100039,217,99573,217,100049,100,99387,100,100064,100,99081,100,100126,100,98979,100,100135,100,98788,100,100152,100,98669,100,100157,200,,
2019-06-28 10:02:42.860775217,99935,100,99784,217,100028,217,99629,217,100033,217,99616,217,100035,217,99573,117,100039,217,99387,100,100049,100,99081,100,100064,100,98979,100,100126,100,98788,100,100135,100,98669,100,100152,100,,
2019-06-28 10:02:50.000000000,99935,334,99784,334,100028,334,99629,334,100033,100,99616,100,100035,100,99387,100,100039,100,99081,100,100049,100,98979,100,100064,100,98788,100,100126,100,98669,100,100135,100,,,100152,100,,
2019-06-28 10:02:54.382605945,99935,234,99784,334,100028,334,99629,334,100033,100,99616,100,100035,100,99387,100,100039,100,99081,100,100049,100,98788,100,100064,100,98669,100,100126,100,,,100135,100,,,100152,100,,
2019-06-28 10:03:00.000000000,100028,217,99784,217,100033,217,99629,217,100035,217,99616,217,100039,217,99387,217,100049,100,99081,100,100064,100,98788,100,100126,100,98669,100,100135,100,,,100152,100,,,100157,200,,
2019-06-28 10:03:00.450498081,99934,100,99784,217,100028,217,99629,217,100033,217,99616,217,100035,217,99387,217,100039,217,99081,100,100049,100,98788,100,100064,100,98669,100,100126,100,,,100135,100,,,100152,100,,
2019-06-28 10:03:10.000000000,99934,217,99784,217,100028,217,99629,217,100033,217,99616,217,100035,217,99387,217,100039,100,99081,100,100049,100,98788,100,100064,100,98669,100,100126,100,,,100135,100,,,100152,100,,
2019-06-28 10:03:20.000000000,99934,194,99784,194,100028,194,99629,194,100033,194,99616,194,100035,194,99387,194,100039,194,99081,194,100049,100,98788,100,100064,100,98669,100,100126,100,,,100135,100,,,100152,100,,
2019-06-28 10:03:30.000000000,99934,568,99784,568,100028,100,99629,100,100033,100,99616,100,100035,100,99387,100,100039,100,99081,100,100049,100,98788,100,100064,100,98669,100,100126,100,,,100135,100,,,100152,100,,
2019-06-28 10:03:40.000000000,99934,334,99784,334,100028,334,99629,334,100033,100,99616,100,100035,100,99387,100,100039,100,99081,100,100049,100,98788,100,100064,100,98669,100,100126,100,,,100135,100,,,100152,100,,
2019-06-28 10:03:49.924929766,99934,234,99784,334,100028,334,99629,334,100033,100,99616,100,100035,100,99387,100,100039,100,99081,100,100049,100,98788,100,100064,100,98669,100,100126,100,,,100135,100,,,100152,100,,
2019-06-28 10:03:50.000000000,100028,568,99784,568,100033,100,99629,100,100035,100,99616,100,100039,100,99387,100,100049,100,99081,100,100064,100,98788,100,100126,100,98669,100,100135,100,,,100152,100,,,100157,200,,
2019-06-28 10:03:52.402214351,100028,568,99784,568,100033,100,99629,100,100035,100,99616,100,100039,100,99387,100,100049,100,99081,100,100064,100,98788,100,100126,100,98669,100,100135,100,,,100144,100,,,100152,100,,
2019-06-28 10:04:00.000000000,100028,217,99784,217,100033,217,99629,217,100035,217,99616,217,100039,217,99387,217,100049,100,99081,100,100064,100,98788,100,100126,100,98669,100,100135,100,,,100144,100,,,100152,100,,
2019-06-28 10:04:07.023645305,100028,217,99784,117,100033,217,99629,217,100035,217,99616,217,100039,217,99387,217,100049,100,99081,100,100064,100,98788,100,100126,100,98669,100,100135,100,,,100144,100,,,100152,100,,
2019-06-28 10:04:10.000000000,100028,334,99629,334,100033,334,99616,334,100035,100,99387,100,100039,100,99081,100,100049,100,98788,100,100064,100,98669,100,100126,100,,,100135,100,,,100144,100,,,100152,100,,
2019-06-28 10:04:20.000000000,100028,568,99629,568,100033,100,99616,100,100035,100,99387,100,100039,100,99081,100,100049,100,98788,100,100064,100,98669,100,100126,100,,,100135,100,,,100144,100,,,100152,100,,
2019-06-28 10:04:27.130234824,100028,568,99750,100,100033,100,99629,568,100035,100,99616,100,100039,100,99387,100,100049,100,99081,100,100064,100,98788,100,100126,100,98669,100,100135,100,,,100144,100,,,100152,100,,
2019-06-28 10:04:30.000000000,100028,259,99750,259,100033,254,99629,254,100035,254,99616,254,100039,100,99387,100,100049,100,99081,100,100064,100,98788,100,100126,100,98669,100,100135,100,,,100144,100,,,100152,100,,
2019-06-28 10:04:40.000000000,100028,217,99750,217,100033,217,99629,217,100035,217,99616,217,100039,217,99387,217,100049,100,99081,100,100064,100,98788,100,100126,100,98669,100,100135,100,,,100144,100,,,100152,100,,
2019-06-28 10:04:42.368175620,100028,217,99915,100,100033,217,99750,217,100035,217,99629,217,100039,217,99616,217,100049,100,99387,217,100064,100,99081,100,100126,100,98788,100,100135,100,98669,100,100144,100,,,100152,100,,
2019-06-28 10:04:44.957535892,99933,100,99915,100,100028,217,99750,217,100033,217,99629,217,100035,217,99616,217,100039,217,99387,217,100049,100,99081,100,100064,100,98788,100,100126,100,98669,100,100135,100,,,100144,100,,
2019-06-28 10:04:50.000000000,99933,217,99915,217,100028,217,99750,217,100033,217,99629,217,100035,217,99616,217,100039,100,99387,100,100049,100,99081,100,100064,100,98788,100,100126,100,98669,100,100135,100,,,100144,100,,
2019-06-28 10:05:00.000000000,99933,194,99915,194,100028,194,99750,194,100033,194,99629,194,100035,194,99616,194,100039,194,99387,194,100049,100,99081,100,100064,100,98788,100,100126,100,98669,100,100135,100,,,100144,100,,
2019-06-28 10:05:10.000000000,99933,259,99915,259,100028,254,99750,254,100033,254,99629,254,100035,100,99616,100,100039,100,99387,100,100049,100,99081,100,100064,100,98788,100,100126,100,98669,100,100135,100,,,100144,100,,
2019-06-28 10:05:14.492590229,99933,259,99915,259,100028,254,99750,254,100033,254,99644,100,100035,100,99629,254,100039,100,99616,100,100049,100,99387,100,100064,100,99081,100,100126,100,98788,100,100135,100,98669,100,100144,100,,
2019-06-28 10:05:20.000000000,99933,194,99915,194,100028,194,99750,194,100033,194,99644,194,100035,194,99629,194,100039,194,99616,194,100049,100,99387,100,100064,100,99081,100,100126,100,98788,100,100135,100,98669,100,100144,100,,
2019-06-28 10:05:30.000000000,99933,334,99915,334,100028,334,99750,334,100033,100,99644,100,100035,100,99629,100,100039,100,99616,100,100049,100,99387,100,100064,100,99081,100,100126,100,98788,100,100135,100,98669,100,100144,100,,
2019-06-28 10:05:35.390275343,99933,334,99915,334,100028,334,99750,334,100033,100,99644,100,100035,100,99629,100,100039,100,99616,100,100049,100,99552,100,100064,100,99387,100,100126,100,99081,100,100135,100,98788,100,100144,100,98669,100
2019-06-28 10:05:40.000000000,99933,194,99915,194,100028,194,99750,194,100033,194,99644,194,100035,194,99629,194,100039,194,99616,194,100049,100,99552,100,100064,100,99387,100,100126,100,99081,100,100135,100,98788,100,100144,100,98669,100
2019-06-28 10:05:50.000000000,99933,259,99915,259,100028,254,99750,254,100033,254,99644,254,100035,100,99629,100,100039,100,99616,100,100049,100,99552,100,100064,100,99387,100,100126,100,99081,100,100135,100,98788,100,100144,100,98669,100
2019-06-28 10:06:00.000000000,99933,334,99915,334,100028,334,99750,334,100033,100,99644,100,100035,100,99629,100,100039,100,99616,100,100049,100,99552,100,100064,100,99387,100,100126,100,99081,100,100135,100,98788,100,100144,100,98669,100
2019-06-28 10:06:10.000000000,99933,334,99915,334,100028,334,99750,334,100033,100,99644,100,100035,100,99629,100,100039,100,99616,100,100049,100,99552,100,100064,100,99387,100,100126,100,99081,100,100135,100,98788,100,100144,100,98669,100
2019-06-28 10:06:20.000000000,99933,334,99915,334,100028,334,99750,334,100033,100,99644,100,100035,100,99629,100,100039,100,99616,100,100049,100,99552,100,100064,100,99387,100,100126,100,99081,100,100135,100,98788,100,100144,100,98669,100
2019-06-28 10:06:30.000000000,99933,194,99915,194,100028,194,99750,194,100033,194,99644,194,100035,194,99629,194,100039,194,99616,194,100049,100,99552,100,100064,100,99387,100,100126,100,99081,100,100135,100,98788,100,100144,100,98669,100
2019-06-28 10:06:40.000000000,99933,194,99915,194,100028,194,99750,194,100033,194,99644,194,100035,194,99629,194,100039,194,99616,194,100049,100,99552,100,100064,100,99387,100,100126,100,99081,100,100135,100,98788,100,100144,100,98669,100
2019-06-28 10:06:50.000000000,99933,334,99915,334,100028,334,99750,334,100033,100,99644,100,100035,100,99629,100,100039,100,99616,100,100049,100,99552,100,100064,100,99387,100,100126,100,99081,100,100135,100,98788,100,100144,100,98669,100
2019-06-28 10:07:00.000000000,99933,568,99915,568,100028,100,99750,100,100033,100,99644,100,100035,100,99629,100,100039,100,99616,100,100049,100,99552,100,100064,100,99387,100,100126,100,99081,100,100135,100,98788,100,100144,100,98669,100
2019-06-28 10:07:03.523661348,99933,568,99915,568,100028,100,99750,200,100033,100,99644,100,100035,100,99629,100,100039,100,99616,100,100049,100,99552,100,100064,100,99387,100,100126,100,99081,100,100135,100,98788,100,100144,100,98669,100
2019-06-28 10:07:10.000000000,99933,568,99915,568,100028,100,99750,200,100033,100,99644,100,100035,100,99629,100,100039,100,99616,100,100049,100,99552,100,100064,100,99387,100,100126,100,99081,100,100135,100,98788,100,100144,100,98669,100
2019-06-28 10:07:20.000000000,99933,334,99915,334,100028,334,99750,434,100033,100,99644,100,100035,100,99629,100,100039,100,99616,100,100049,100,99552,100,100064,100,99387,100,100126,100,99081,100,100135,100,98788,100,100144,100,98669,100
2019-06-28 10:07:30.000000000,99933,217,99915,217,100028,217,99750,317,100033,217,99644,217,100035,217,99629,217,100039,100,99616,100,100049,100,99552,100,100064,100,99387,100,100126,100,99081,100,100135,100,98788,100,100144,100,98669,100
2019-06-28 10:07:33.269722920,99933,217,99915,217,100028,217,99750,317,100033,217,99714,100,100035,217,99644,217,100039,100,99629,217,100049,100,99616,100,100064,100,99552,100,100126,100,99387,100,100135,100,99081,100,100144,100,98788,100
2019-06-28 10:07:40.000000000,99933,334,99915,334,100028,334,99750,434,100033,100,99714,100,100035,100,99644,100,100039,100,99629,100,100049,100,99616,100,100064,100,99552,100,100126,100,99387,100,100135,100,99081,100,100144,100,98788,100
2019-06-28 10:07:50.000000000,99933,194,99915,194,100028,194,99750,294,100033,194,99714,194,100035,194,99644,194,100039,194,99629,194,100049,100,99616,100,100064,100,99552,100,100126,100,99387,100,100135,100,99081,100,100144,100,98788,100
2019-06-28 10:07:50.779119379,99933,194,99915,94,100028,194,99750,294,100033,194,99714,194,100035,194,99644,194,100039,194,99629,194,100049,100,99616,100,100064,100,99552,100,100126,100,99387,100,100135,100,99081,100,100144,100,98788,100
2019-06-28 10:08:00.000000000,99933,568,99750,668,100028,100,99714,100,100033,100,99644,100,100035,100,99629,100,100039,100,99616,100,100049,100,99552,100,100064,100,99387,100,100126,100,99081,100,100135,100,98788,100,100144,100,98669,100
2019-06-28 10:08:00.213552256,99933,568,99785,100,100028,100,99750,668,100033,100,99714,100,100035,100,99644,100,100039,100,99629,100,100049,100,99616,100,100064,100,99552,100,100126,100,99387,100,100135,100,99081,100,100144,100,98788,100
2019-06-28 10:08:03.454450815,99933,568,99799,100,100028,100,99785,100,100033,100,99750,668,100035,100,99714,100,100039,100,99644,100,100049,100,99629,100,100064,100,99616,100,100126,100,99552,100,100135,100,99387,100,100144,100,99081,100
2019-06-28 10:08:10.000000000,99933,194,99799,194,100028,194,99785,194,100033,194,99750,294,100035,194,99714,194,100039,194,99644,194,100049,100,99629,100,100064,100,99616,100,100126,100,99552,100,100135,100,99387,100,100144,100,99081,100
2019-06-28 10:08:20.000000000,99933,259,99799,259,100028,254,99785,254,100033,254,99750,354,100035,100,99714,100,100039,100,99644,100,100049,100,99629,100,100064,100,99616,100,100126,100,99552,100,100135,100,99387,100,100144,100,99081,100
2019-06-28 10:08:30.000000000,99933,334,99799,334,100028,334,99785,334,100033,100,99750,200,100035,100,99714,100,100039,100,99644,100,100049,100,99629,100,100064,100,99616,100,100126,100,99552,100,100135,100,99387,100,100144,100,99081,100
2019-06-28 10:08:40.000000000,99933,259,99799,259,100028,254,99785,254,100033,254,99750,354,100035,100,99714,100,100039,100,99644,100,100049,100,99629,100,100064,100,99616,100,100126,100,99552,100,100135,100,99387,100,100144,100,99081,100
2019-06-28 10:08:50.000000000,99933,259,99799,259,100028,254,99785,254,100033,254,99750,354,100035,100,99714,100,100039,100,99644,100,100049,100,99629,100,100064,100,99616,100,100126,100,99552,100,100135,100,99387,100,100144,100,99081,100
2019-06-28 10:08:51.424417007,99933,259,99799,159,100028,154,99785,254,100033,254,99750,354,100035,100,99714,100,100039,100,99644,100,100049,100,99629,100,100064,100,99616,100,100126,100,99552,100,100135,100,99387,100,100144,100,99081,100
2019-06-28 10:08:58.995405680,99816,100,99799,159,99933,259,99785,254,100028,154,99750,354,100033,254,99714,100,100035,100,99644,100,100039,100,99629,100,100049,100,99616,100,100064,100,99552,100,100126,100,99387,100,100135,100,99081,100
2019-06-28 10:09:00.000000000,99816,568,99785,568,99933,100,99750,200,100033,100,99714,100,100035,100,99644,100,100039,100,99629,100,100049,100,99616,100,100064,100,99552,100,100126,100,99387,100,100135,100,99081,100,100144,100,98788,100
2019-06-28 10:09:07.862583020,99816,568,99785,468,99933,100,99750,200,100033,100,99714,100,100035,100,99644,100,100039,100,99629,100,100049,100,99616,100,100064,100,99552,100,100126,100,99387,100,100144,100,99081,100,100152,100,98788,100
2019-06-28 10:09:10.000000000,99816,334,99750,434,99933,334,99714,334,100033,100,99644,100,100035,100,99629,100,100039,100,99616,100,100049,100,99552,100,100064,100,99387,100,100126,100,99081,100,100144,100,98788,100,100152,100,98669,100
2019-06-28 10:09:20.000000000,99816,217,99750,317,99933,217,99714,217,100033,217,99644,217,100035,217,99629,217,100039,100,99616,100,100049,100,99552,100,100064,100,99387,100,100126,100,99081,100,100144,100,98788,100,100152,100,98669,100
2019-06-28 10:09:30.000000000,99816,568,99750,668,99933,100,99714,100,100033,100,99644,100,100035,100,99629,100,100039,100,99616,100,100049,100,99552,100,100064,100,99387,100,100126,100,99081,100,100144,100,98788,100,100152,100,98669,100
2019-06-28 10:09:35.950434061,99816,568,99808,100,99933,100,99750,668,100033,100,99714,100,100035,100,99644,100,100039,100,99629,100,100049,100,99616,100,100064,100,99552,100,100126,100,99387,100,100144,100,99081,100,100152,100,98788,100
2019-06-28 10:09:40.000000000,99816,568,99808,568,99933,100,99750,200,100033,100,99714,100,100035,100,99644,100,100039,100,99629,100,100049,100,99616,100,100064,100,99552,100,100126,100,99387,100,100144,100,99081,100,100152,100,98788,100
2019-06-28 10:09:43.325825250,99816,568,99808,568,99933,100,99750,200,100033,100,99714,100,100035,100,99668,100,100039,100,99644,100,100049,100,99629,100,100064,100,99616,100,100126,100,99552,100,100144,100,99387,100,100152,100,99081,100
2019-06-28 10:09:50.000000000,99816,568,99808,568,99933,100,99750,200,100033,100,99714,100,100035,100,99668,100,100039,100,99644,100,100049,100,99629,100,100064,100,99616,100,100126,100,99552,100,100144,100,99387,100,100152,100,99081,100
2019-06-28 10:09:55.862726047,99816,568,99808,568,99933,100,99750,200,100033,100,99714,100,100035,100,99668,100,100039,100,99658,100,100049,100,99644,100,100064,100,99629,100,100126,100,99616,100,100144,100,99552,100,100152,100,99387,100
2019-06-28 10:10:00.000000000,99816,259,99808,259,99933,254,99750,354,100033,254,99714,254,100035,100,99668,100,100039,100,99658,100,100049,100,99644,100,100064,100,99629,100,100126,100,99616,100,100144,100,99552,100,100152,100,99387,100
2019-06-28 10:10:10.000000000,99816,217,99808,217,99933,217,99750,317,100033,217,99714,217,100035,217,99668,217,100039,100,99658,100,100049,100,99644,100,100064,100,99629,100,100126,100,99616,100,100144,100,99552,100,100152,100,99387,100
2019-06-28 10:10:20.000000000,99816,568,99808,568,99933,100,99750,200,100033,100,99714,100,100035,100,99668,100,100039,100,99658,100,100049,100,99644,100,100064,100,99629,100,100126,100,99616,100,100144,100,99552,100,100152,100,99387,100
