,ask_price_1,ask_size_1,bid_price_1,bid_size_1,ask_price_2,ask_size_2,bid_price_2,bid_size_2,ask_price_3,ask_size_3,bid_price_3,bid_size_3,ask_price_4,ask_size_4,bid_price_4,bid_size_4,ask_price_5,ask_size_5,bid_price_5,bid_size_5,ask_price_6,ask_size_6,bid_price_6,bid_size_6,ask_price_7,ask_size_7,bid_price_7,bid_size_7,ask_price_8,ask_size_8,bid_price_8,bid_size_8,ask_price_9,ask_size_9,bid_price_9,bid_size_9,ask_price_10,ask_size_10,bid_price_10,bid_size_10
2019-06-28 09:30:00.000000001,100058,100,,,,,,,,,,,,,,,,,,,,,,,,,,,,,,,,,,,,,,
2019-06-28 09:30:00.000000002,100058,100,99757,100,,,,,,,,,,,,,,,,,,,,,,,,,,,,,,,,,,,,
2019-06-28 09:30:00.000000004,100058,100,100030,100,,,99866,100,,,99757,100,,,,,,,,,,,,,,,,,,,,,,,,,,,,
2019-06-28 09:30:00.000000005,100058,100,100030,100,,,99971,100,,,99866,100,,,99757,100,,,,,,,,,,,,,,,,,,,,,,,,
2019-06-28 09:30:00.000000007,100058,100,100030,100,100084,100,99971,100,,,99866,100,,,99757,100,,,,,,,,,,,,,,,,,,,,,,,,
2019-06-28 09:30:00.000000008,100058,100,99971,100,100084,100,99866,100,,,99757,100,,,,,,,,,,,,,,,,,,,,,,,,,,,,
2019-06-28 09:30:00.000000009,100058,100,99971,100,100084,100,99922,100,,,99866,100,,,99757,100,,,,,,,,,,,,,,,,,,,,,,,,
2019-06-28 09:30:00.000000010,100058,100,99971,100,100084,100,99922,100,,,99866,100,,,99848,100,,,99757,100,,,,,,,,,,,,,,,,,,,,
2019-06-28 09:30:00.000000013,100058,100,99971,100,100078,100,99922,100,100084,100,99866,100,,,99848,100,,,99757,100,,,,,,,,,,,,,,,,,,,,
2019-06-28 09:30:00.000000016,100058,100,99971,100,100078,100,99922,100,100084,100,99866,100,100087,100,99848,100,100160,100,99757,100,,,,,,,,,,,,,,,,,,,,
2019-06-28 09:30:00.000000017,99997,100,99984,100,100058,100,99971,100,100078,100,99962,100,100084,100,99922,100,100087,100,99866,100,100160,100,99848,100,,,99757,100,,,,,,,,,,,,
2019-06-28 09:30:00.000000022,99997,100,99991,100,100058,100,99985,100,100078,100,99984,100,100084,100,99971,100,100087,100,99962,100,100160,100,99922,100,,,99866,100,,,99848,100,,,99757,100,,,,
2019-06-28 09:30:00.000000023,99997,100,99991,100,100015,100,99985,100,100058,100,99984,100,100078,100,99971,100,100084,100,99962,100,100087,100,99922,100,100160,100,99866,100,,,99854,100,,,99848,100,,,99757,100
2019-06-28 09:30:00.000000026,99997,100,99991,100,100015,100,99985,100,100058,100,99984,100,100078,100,99971,100,100084,100,99962,100,100087,100,99922,100,100088,100,99897,100,100160,100,99866,100,,,99854,100,,,99848,100
2019-06-28 09:30:00.000000028,99997,100,99991,100,100015,100,99985,100,100058,100,99984,100,100078,100,99979,100,100084,100,99971,100,100087,100,99962,100,100088,100,99939,100,100160,100,99922,100,,,99897,100,,,99866,100
2019-06-28 09:30:00.000000030,99997,100,99991,100,100006,100,99985,100,100015,100,99984,100,100058,100,99979,100,100078,100,99971,100,100084,100,99962,100,100087,100,99939,100,100088,100,99922,100,100160,100,99897,100,100167,100,99866,100
2019-06-28 09:30:00.000000031,99997,100,99991,100,100006,100,99985,100,100015,100,99984,100,100058,100,99979,100,100062,100,99971,100,100078,100,99962,100,100084,100,99939,100,100087,100,99922,100,100088,100,99897,100,100160,100,99866,100
2019-06-28 09:30:00.000000032,99997,100,99991,100,100006,100,99985,100,100015,100,99984,100,100022,100,99979,100,100058,100,99971,100,100062,100,99962,100,100078,100,99941,100,100084,100,99939,100,100087,100,99922,100,100088,100,99897,100
2019-06-28 09:30:00.000000033,99997,100,99991,100,100006,100,99985,100,100015,100,99984,100,100022,100,99979,100,100058,100,99971,100,100062,100,99962,100,100078,100,99941,100,100084,100,99939,100,100087,100,99922,100,100088,100,99910,100
2019-06-28 09:30:00.000000034,99997,100,99991,100,100006,100,99985,100,100015,100,99984,100,100022,100,99979,100,100058,100,99971,100,100062,100,99962,100,100078,100,99941,100,100084,200,99939,100,100087,100,99922,100,100088,100,99910,100
2019-06-28 09:30:00.000000035,99997,100,99991,100,100006,100,99985,100,100015,100,99984,100,100022,100,99979,100,100058,100,99971,100,100062,100,99962,100,100078,100,99941,100,100084,200,99939,100,100087,100,99922,100,100088,100,99910,100
2019-06-28 09:30:00.000000036,99997,100,99991,100,100006,100,99985,100,100015,100,99984,100,100022,100,99979,100,100058,100,99971,100,100062,100,99962,100,100078,100,99941,100,100084,200,99939,100,100087,100,99922,100,100088,100,99910,100
2019-06-28 09:30:00.000000038,100006,100,99991,100,100015,100,99985,100,100022,100,99984,100,100058,100,99979,100,100062,100,99971,100,100078,100,99962,100,100084,200,99941,100,100087,100,99939,100,100088,100,99922,100,100107,100,99910,100
2019-06-28 09:30:00.000000039,100006,100,99991,100,100015,100,99985,100,100022,100,99984,100,100058,100,99979,100,100062,100,99971,100,100078,100,99962,100,100084,200,99941,100,100087,100,99939,100,100088,100,99922,100,100107,100,99910,100
2019-06-28 09:30:00.000000042,100006,100,99991,100,100015,100,99985,100,100022,100,99984,100,100058,100,99979,100,100062,100,99971,100,100078,100,99962,100,100084,200,99941,100,100087,100,99939,100,100088,100,99922,100,100107,100,99910,100
2019-06-28 09:30:00.000000044,100006,100,99991,100,100015,100,99985,100,100022,100,99984,100,100058,100,99979,100,100062,100,99971,100,100078,100,99962,100,100084,200,99941,100,100087,100,99939,100,100088,100,99937,100,100107,100,99922,100
2019-06-28 09:30:00.000000047,100006,100,99991,100,100015,100,99985,100,100022,100,99984,100,100058,100,99979,100,100062,100,99971,100,100078,100,99962,100,100084,200,99941,100,100087,100,99939,100,100088,100,99937,100,100105,100,99922,100
2019-06-28 09:30:00.000000048,100006,100,99991,100,100015,100,99985,100,100022,100,99984,100,100058,100,99979,100,100062,100,99971,100,100078,100,99962,100,100084,200,99941,100,100087,100,99939,100,100088,100,99937,100,100105,100,99922,100
2019-06-28 09:30:00.000000049,100006,100,99997,100,100015,100,99991,100,100022,100,99985,100,100058,100,99984,100,100062,100,99979,100,100078,100,99971,100,100084,200,99962,100,100087,100,99941,100,100088,100,99939,100,100105,100,99937,100
2019-06-28 09:30:00.000000050,100006,100,99997,100,100015,100,99991,100,100022,100,99985,100,100058,100,99984,100,100062,100,99979,100,100078,100,99971,100,100084,200,99962,100,100087,100,99941,100,100088,100,99939,100,100105,100,99937,100
2019-06-28 09:30:00.000000051,100006,100,99997,200,100015,100,99991,100,100022,100,99985,100,100058,100,99984,100,100062,100,99979,100,100078,100,99971,100,100084,200,99962,100,100087,100,99941,100,100088,100,99939,100,100105,100,99937,100
2019-06-28 09:30:00.000000054,100006,100,99997,200,100015,100,99991,100,100022,100,99985,100,100058,100,99984,100,100062,100,99979,100,100078,100,99971,100,100084,200,99962,100,100087,100,99941,100,100088,100,99939,100,100105,100,99937,100
2019-06-28 09:30:00.000000058,100006,100,99997,300,100015,100,99991,100,100022,100,99985,100,100058,100,99984,100,100062,100,99979,100,100078,100,99971,100,100084,200,99962,100,100087,100,99941,100,100088,100,99939,100,100105,100,99937,100
2019-06-28 09:30:00.000000060,100006,100,99997,300,100015,100,99991,100,100022,100,99985,100,100058,100,99984,100,100062,100,99979,100,100078,100,99971,100,100084,200,99962,100,100087,100,99941,100,100088,100,99939,100,100105,100,99937,100
2019-06-28 09:30:00.000000066,100006,100,99997,300,100015,100,99991,100,100022,100,99985,100,100058,100,99984,100,100062,100,99979,100,100078,100,99971,100,100084,200,99962,100,100087,100,99941,100,100088,100,99939,100,100105,100,99938,100
2019-06-28 09:30:00.000000068,100006,100,99997,200,100015,100,99991,100,100022,100,99985,100,100058,100,99984,100,100062,100,99979,100,100078,100,99971,100,100084,200,99962,100,100087,100,99941,100,100088,100,99939,100,100105,100,99938,100
2019-06-28 09:30:00.000000069,100006,100,99997,200,100015,100,99991,100,100022,100,99985,100,100058,100,99984,100,100062,100,99982,100,100078,100,99979,100,100084,200,99971,100,100087,100,99962,100,100088,100,99941,100,100105,100,99939,100
2019-06-28 09:30:00.000000071,100006,100,99997,200,100015,100,99991,100,100022,100,99985,100,100058,100,99984,100,100062,100,99982,100,100078,100,99979,100,100084,200,99971,100,100087,100,99962,100,100088,100,99941,100,100105,100,99939,100
2019-06-28 09:30:00.000000072,100006,100,99997,200,100008,100,99991,100,100015,100,99985,100,100022,100,99984,100,100058,100,99982,100,100062,100,99979,100,100078,100,99971,100,100084,200,99962,100,100087,100,99941,100,100088,100,99939,100
2019-06-28 09:30:00.000000073,100006,100,99997,200,100008,100,99991,100,100009,100,99985,100,100015,100,99984,100,100022,100,99982,100,100058,100,99979,100,100062,100,99974,100,100078,100,99971,100,100084,200,99962,100,100087,100,99941,100
2019-06-28 09:30:00.000000074,100006,100,99997,100,100008,100,99991,100,100009,100,99985,100,100015,100,99984,100,100022,100,99982,100,100058,100,99979,100,100062,100,99974,100,100078,100,99971,100,100084,200,99962,100,100087,100,99941,100
2019-06-28 09:30:00.000000079,100006,100,99998,100,100008,100,99997,100,100009,100,99991,100,100015,100,99985,100,100022,100,99984,100,100058,100,99982,100,100062,100,99979,100,100078,100,99974,100,100084,200,99971,100,100087,100,99962,100
2019-06-28 09:30:00.000000083,100006,100,99998,100,100008,100,99997,200,100009,100,99991,100,100015,100,99985,100,100022,100,99984,100,100058,100,99982,100,100062,100,99979,100,100078,100,99974,100,100084,200,99971,100,100087,200,99962,100
2019-06-28 09:30:00.000000084,100006,100,99998,100,100008,100,99997,200,100009,100,99991,100,100015,100,99985,100,100022,100,99984,100,100058,100,99982,100,100062,100,99979,100,100078,100,99974,100,100084,200,99971,100,100087,200,99962,100
2019-06-28 09:30:00.000000087,100006,100,99998,100,100008,100,99997,200,100009,100,99991,100,100015,100,99985,100,100022,100,99984,100,100058,100,99982,100,100062,100,99979,100,100071,100,99974,100,100078,100,99971,100,100084,200,99962,100
2019-06-28 09:30:00.000000090,100006,100,99998,100,100008,100,99997,200,100009,100,99991,100,100015,100,99985,100,100022,100,99984,100,100058,100,99982,100,100062,100,99979,100,100071,100,99974,100,100078,100,99971,100,100084,200,99962,100
2019-06-28 09:30:00.000000093,100006,100,99998,100,100008,100,99997,200,100009,100,99991,100,100015,100,99985,100,100022,100,99984,100,100058,100,99982,100,100062,100,99979,100,100071,100,99974,100,100078,100,99971,100,100084,200,99962,100
2019-06-28 09:30:00.000000095,100006,100,99998,100,100008,100,99997,200,100009,100,99991,100,100015,100,99985,100,100022,100,99984,100,100058,100,99982,100,100062,100,99979,100,100071,100,99974,100,100078,100,99971,100,100084,200,99962,100
2019-06-28 09:30:00.000000098,100006,100,99998,100,100008,100,99997,200,100009,100,99991,100,100015,100,99985,100,100022,100,99984,100,100058,100,99982,100,100062,100,99979,100,100071,100,99974,100,100078,100,99971,100,100084,200,99962,100
2019-06-28 09:30:09.143444743,100006,100,99997,200,100008,100,99991,100,100009,100,99985,100,100015,100,99984,100,100022,100,99982,100,100058,100,99979,100,100062,100,99974,100,100071,100,99971,100,100078,100,99962,100,100084,200,99952,100
2019-06-28 09:30:10.000000000,100006,598,99997,698,100008,100,99991,100,100009,100,99985,100,100015,100,99984,100,100022,100,99982,100,100058,100,99979,100,100062,100,99974,100,100071,100,99971,100,100078,100,99962,100,100084,200,99952,100
2019-06-28 09:30:20.000000000,100006,224,99997,324,100008,224,99991,224,100009,224,99985,224,100015,224,99984,224,100022,100,99982,100,100058,100,99979,100,100062,100,99974,100,100071,100,99971,100,100078,100,99962,100,100084,200,99952,100
2019-06-28 09:30:30.000000000,100006,200,99997,300,100008,200,99991,200,100009,200,99985,200,100015,200,99984,200,100022,200,99982,200,100058,100,99979,100,100062,100,99974,100,100071,100,99971,100,100078,100,99962,100,100084,200,99952,100
2019-06-28 09:30:40.000000000,100006,349,99997,449,100008,349,99991,349,100009,100,99985,100,100015,100,99984,100,100022,100,99982,100,100058,100,99979,100,100062,100,99974,100,100071,100,99971,100,100078,100,99962,100,100084,200,99952,100
2019-06-28 09:30:44.410559613,100006,349,99997,449,100008,349,99991,349,100009,100,99985,100,100015,100,99984,100,100022,100,99982,100,100058,100,99979,100,100062,100,99974,100,100071,100,99971,100,100078,100,99962,100,100084,200,99952,100
2019-06-28 09:30:50.000000000,100006,200,99997,300,100008,200,99991,200,100009,200,99985,200,100015,200,99984,200,100022,200,99982,200,100058,100,99979,100,100062,100,99974,100,100071,100,99971,100,100078,100,99962,100,100084,200,99952,100
2019-06-28 09:30:51.295996023,100006,200,99997,300,100008,200,99991,100,100009,200,99985,200,100015,200,99984,200,100022,200,99982,200,100058,100,99979,100,100062,100,99974,100,100071,100,99971,100,100078,100,99962,100,100084,200,99952,100
2019-06-28 09:31:00.000000000,100006,200,99997,300,100008,200,99985,200,100009,200,99984,200,100015,200,99982,200,100022,200,99979,200,100058,100,99974,100,100062,100,99971,100,100071,100,99962,100,100078,100,99952,100,100084,200,99939,100
2019-06-28 09:31:10.000000000,100006,269,99997,369,100008,264,99985,264,100009,264,99984,264,100015,100,99982,100,100022,100,99979,100,100058,100,99974,100,100062,100,99971,100,100071,100,99962,100,100078,100,99952,100,100084,200,99939,100
2019-06-28 09:31:12.878482921,100006,269,99997,369,100008,264,99985,264,100009,264,99984,264,100015,100,99982,100,100022,100,99979,100,100058,100,99974,100,100062,100,99971,100,100071,100,99962,100,100078,100,99952,100,100084,300,99939,100
2019-06-28 09:31:19.230903065,100006,269,99997,369,100008,264,99985,264,100009,164,99984,264,100015,100,99982,100,100022,100,99979,100,100058,100,99974,100,100062,100,99971,100,100071,100,99962,100,100078,100,99952,100,100084,300,99939,100
2019-06-28 09:31:20.000000000,100006,224,99997,324,100008,224,99985,224,100015,224,99984,224,100022,224,99982,224,100058,100,99979,100,100062,100,99974,100,100071,100,99971,100,100078,100,99962,100,100084,300,99952,100,100087,200,99939,100
2019-06-28 09:31:30.000000000,100006,598,99997,698,100008,100,99985,100,100015,100,99984,100,100022,100,99982,100,100058,100,99979,100,100062,100,99974,100,100071,100,99971,100,100078,100,99962,100,100084,300,99952,100,100087,200,99939,100
2019-06-28 09:31:40.000000000,100006,349,99997,449,100008,349,99985,349,100015,100,99984,100,100022,100,99982,100,100058,100,99979,100,100062,100,99974,100,100071,100,99971,100,100078,100,99962,100,100084,300,99952,100,100087,200,99939,100
2019-06-28 09:31:49.093681350,100006,349,99997,449,100008,349,99985,349,100015,100,99984,100,100022,100,99982,100,100058,100,99979,100,100062,100,99974,100,100071,100,99971,100,100078,100,99962,100,100084,200,99952,100,100087,200,99939,100
2019-06-28 09:31:50.000000000,100006,224,99997,324,100008,224,99985,224,100015,224,99984,224,100022,224,99982,224,100058,100,99979,100,100062,100,99974,100,100071,100,99971,100,100078,100,99962,100,100084,200,99952,100,100087,200,99939,100
2019-06-28 09:32:00.000000000,100006,349,99997,449,100008,349,99985,349,100015,100,99984,100,100022,100,99982,100,100058,100,99979,100,100062,100,99974,100,100071,100,99971,100,100078,100,99962,100,100084,200,99952,100,100087,200,99939,100
2019-06-28 09:32:10.000000000,100006,598,99997,698,100008,100,99985,100,100015,100,99984,100,100022,100,99982,100,100058,100,99979,100,100062,100,99974,100,100071,100,99971,100,100078,100,99962,100,100084,200,99952,100,100087,200,99939,100
2019-06-28 09:32:20.000000000,100006,224,99997,324,100008,224,99985,224,100015,224,99984,224,100022,224,99982,224,100058,100,99979,100,100062,100,99974,100,100071,100,99971,100,100078,100,99962,100,100084,200,99952,100,100087,200,99939,100
2019-06-28 09:32:30.000000000,100006,598,99997,698,100008,100,99985,100,100015,100,99984,100,100022,100,99982,100,100058,100,99979,100,100062,100,99974,100,100071,100,99971,100,100078,100,99962,100,100084,200,99952,100,100087,200,99939,100
2019-06-28 09:32:36.544577769,100006,598,99997,698,100008,100,99985,100,100015,100,99984,100,100022,100,99982,100,100058,100,99979,100,100062,100,99974,100,100071,100,99971,100,100078,100,99962,100,100084,200,99952,100,100087,200,99947,100
2019-06-28 09:32:40.000000000,100006,598,99997,698,100008,100,99985,100,100015,100,99984,100,100022,100,99982,100,100058,100,99979,100,100062,100,99974,100,100071,100,99971,100,100078,100,99962,100,100084,200,99952,100,100087,200,99947,100
2019-06-28 09:32:43.926015626,100006,598,99997,698,100008,100,99985,100,100015,100,99984,100,100022,100,99982,100,100058,100,99979,100,100062,100,99974,100,100071,100,99971,100,100078,100,99962,100,100084,200,99952,100,100087,200,99947,100
2019-06-28 09:32:50.000000000,100006,349,99997,449,100008,349,99985,349,100015,100,99984,100,100022,100,99982,100,100058,100,99979,100,100062,100,99974,100,100071,100,99971,100,100078,100,99962,100,100084,200,99952,100,100087,200,99947,100
2019-06-28 09:32:59.395324462,100006,249,99997,449,100008,349,99985,349,100015,100,99984,100,100022,100,99982,100,100058,100,99979,100,100062,100,99974,100,100071,100,99971,100,100078,100,99962,100,100084,200,99952,100,100087,200,99947,100
2019-06-28 09:33:00.000000000,100008,200,99997,300,100015,200,99985,200,100022,200,99984,200,100058,200,99982,200,100062,200,99979,200,100071,100,99974,100,100078,100,99971,100,100084,200,99962,100,100087,200,99952,100,100105,100,99947,100
2019-06-28 09:33:00.319528005,100008,200,99997,200,100015,200,99985,200,100022,200,99984,200,100058,200,99982,200,100062,200,99979,200,100071,100,99974,100,100078,100,99962,100,100084,200,99952,100,100087,200,99947,100,100105,100,99937,100
2019-06-28 09:33:00.456415794,100008,200,99997,200,100015,200,99985,200,100022,200,99984,200,100058,200,99982,200,100062,200,99979,200,100071,100,99974,100,100078,100,99967,100,100084,200,99962,100,100087,200,99952,100,100105,100,99947,100
2019-06-28 09:33:08.648389120,100008,200,99997,200,100015,200,99985,200,100022,200,99984,100,100041,100,99982,200,100058,200,99979,200,100062,200,99974,100,100071,100,99967,100,100078,100,99962,100,100084,200,99952,100,100087,200,99947,100
2019-06-28 09:33:10.000000000,100008,349,99997,349,100015,349,99985,349,100022,100,99982,100,100041,100,99979,100,100058,100,99974,100,100062,100,99967,100,100071,100,99962,100,100078,100,99952,100,100084,200,99947,100,100087,200,99937,100
2019-06-28 09:33:20.000000000,100008,269,99997,269,100015,264,99985,264,100022,264,99982,264,100041,100,99979,100,100058,100,99974,100,100062,100,99967,100,100071,100,99962,100,100078,100,99952,100,100084,200,99947,100,100087,200,99937,100
2019-06-28 09:33:30.000000000,100008,269,99997,269,100015,264,99985,264,100022,264,99982,264,100041,100,99979,100,100058,100,99974,100,100062,100,99967,100,100071,100,99962,100,100078,100,99952,100,100084,200,99947,100,100087,200,99937,100
2019-06-28 09:33:30.369053622,100008,269,99997,169,100015,264,99985,264,100022,264,99982,264,100041,100,99979,100,100058,100,99974,100,100071,100,99967,100,100078,100,99962,100,100084,200,99952,100,100087,200,99947,100,100105,100,99937,100
2019-06-28 09:33:35.292041031,100008,269,99997,69,100015,264,99985,264,100022,264,99982,264,100041,100,99979,100,100058,100,99974,100,100071,100,99967,100,100078,100,99962,100,100084,200,99952,100,100087,100,99947,100,100105,100,99937,100
2019-06-28 09:33:40.000000000,100008,349,99985,349,100015,349,99982,349,100022,100,99979,100,100041,100,99974,100,100058,100,99967,100,100071,100,99962,100,100078,100,99952,100,100084,200,99947,100,100087,100,99937,100,100105,100,99923,100
2019-06-28 09:33:41.330689717,100008,349,99985,249,100015,349,99982,349,100022,100,99979,100,100041,100,99974,100,100058,100,99967,100,100071,100,99962,100,100078,100,99952,100,100084,200,99947,100,100087,100,99937,100,100105,100,99923,100
2019-06-28 09:33:42.659767546,100008,349,99985,249,100015,349,99982,349,100022,100,99979,100,100049,100,99974,100,100058,100,99967,100,100071,100,99962,100,100078,100,99952,100,100084,200,99947,100,100087,100,99937,100,100105,100,99923,100
2019-06-28 09:33:46.971849234,100008,349,99985,149,100015,349,99982,349,100022,100,99979,100,100049,100,99974,100,100058,100,99967,100,100071,100,99962,100,100078,100,99952,100,100084,200,99947,100,100087,100,99937,100,100105,100,99923,100
2019-06-28 09:33:50.000000000,100008,200,99982,200,100015,200,99979,200,100022,200,99974,200,100049,200,99967,200,100058,200,99962,200,100071,100,99952,100,100078,100,99947,100,100084,200,99937,100,100087,100,99923,100,100105,100,99922,100
2019-06-28 09:34:00.000000000,100008,224,99982,224,100015,224,99979,224,100022,224,99974,224,100049,224,99967,224,100058,100,99962,100,100071,100,99952,100,100078,100,99947,100,100084,200,99937,100,100087,100,99923,100,100105,100,99922,100
2019-06-28 09:34:10.000000000,100008,269,99982,269,100015,264,99979,264,100022,264,99974,264,100049,100,99967,100,100058,100,99962,100,100071,100,99952,100,100078,100,99947,100,100084,200,99937,100,100087,100,99923,100,100105,100,99922,100
2019-06-28 09:34:10.295934483,100008,269,99982,169,100015,264,99979,264,100022,264,99974,264,100049,100,99967,100,100058,100,99962,100,100071,100,99952,100,100078,100,99947,100,100084,200,99937,100,100087,100,99923,100,100105,100,99922,100
2019-06-28 09:34:13.658754951,100008,269,99982,69,100015,264,99979,264,100022,264,99974,264,100049,100,99967,100,100058,100,99962,100,100071,100,99952,100,100078,100,99947,100,100084,200,99937,100,100087,100,99923,100,100105,100,99922,100
2019-06-28 09:34:20.000000000,100008,200,99979,200,100015,200,99974,200,100022,200,99967,200,100049,200,99962,200,100058,200,99952,200,100071,100,99947,100,100078,100,99937,100,100084,200,99923,100,100087,100,99922,100,100105,100,99919,100
2019-06-28 09:34:30.000000000,100008,224,99979,224,100015,224,99974,224,100022,224,99967,224,100049,224,99962,224,100058,100,99952,100,100071,100,99947,100,100078,100,99937,100,100084,200,99923,100,100087,100,99922,100,100105,100,99919,100
2019-06-28 09:34:40.000000000,100008,269,99979,269,100015,264,99974,264,100022,264,99967,264,100049,100,99962,100,100058,100,99952,100,100071,100,99947,100,100078,100,99937,100,100084,200,99923,100,100087,100,99922,100,100105,100,99919,100
2019-06-28 09:34:50.000000000,100008,598,99979,598,100015,100,99974,100,100022,100,99967,100,100049,100,99962,100,100058,100,99952,100,100071,100,99947,100,100078,100,99937,100,100084,200,99923,100,100087,100,99922,100,100105,100,99919,100
2019-06-28 09:35:00.000000000,100008,200,99979,200,100015,200,99974,200,100022,200,99967,200,100049,200,99962,200,100058,200,99952,200,100071,100,99947,100,100078,100,99937,100,100084,200,99923,100,100087,100,99922,100,100105,100,99919,100
2019-06-28 09:35:10.000000000,100008,598,99979,598,100015,100,99974,100,100022,100,99967,100,100049,100,99962,100,100058,100,99952,100,100071,100,99947,100,100078,100,99937,100,100084,200,99923,100,100087,100,99922,100,100105,100,99919,100
2019-06-28 09:35:20.000000000,100008,269,99979,269,100015,264,99974,264,100022,264,99967,264,100049,100,99962,100,100058,100,99952,100,100071,100,99947,100,100078,100,99937,100,100084,200,99923,100,100087,100,99922,100,100105,100,99919,100
2019-06-28 09:35:30.000000000,100008,224,99979,224,100015,224,99974,224,100022,224,99967,224,100049,224,99962,224,100058,100,99952,100,100071,100,99947,100,100078,100,99937,100,100084,200,99923,100,100087,100,99922,100,100105,100,99919,100
2019-06-28 09:35:38.107251576,100008,224,99979,124,100015,224,99974,224,100022,224,99967,224,100049,224,99962,224,100058,100,99952,100,100071,100,99947,100,100078,100,99923,100,100084,200,99922,100,100087,100,99919,100,100105,100,99910,200
2019-06-28 09:35:40.000000000,100008,224,99974,224,100015,224,99967,224,100022,224,99962,224,100049,224,99952,224,100058,100,99947,100,100071,100,99923,100,100078,100,99922,100,100084,200,99919,100,100087,100,99910,200,100105,100,99909,100
2019-06-28 09:35:50.000000000,100008,200,99974,200,100015,200,99967,200,100022,200,99962,200,100049,200,99952,200,100058,200,99947,200,100071,100,99923,100,100078,100,99922,100,100084,200,99919,100,100087,100,99910,200,100105,100,99909,100
2019-06-28 09:36:00.000000000,100008,269,99974,269,100015,264,99967,264,100022,264,99962,264,100049,100,99952,100,100058,100,99947,100,100071,100,99923,100,100078,100,99922,100,100084,200,99919,100,100087,100,99910,200,100105,100,99909,100
2019-06-28 09:36:10.000000000,100008,269,99974,269,100015,264,99967,264,100022,264,99962,264,100049,100,99952,100,100058,100,99947,100,100071,100,99923,100,100078,100,99922,100,100084,200,99919,100,100087,100,99910,200,100105,100,99909,100
2019-06-28 09:36:16.353040599,100008,269,99980,100,100015,264,99974,269,100022,264,99967,264,100049,100,99962,264,100058,100,99952,100,100071,100,99947,100,100078,100,99923,100,100084,200,99922,100,100087,100,99919,100,100105,100,99910,200
2019-06-28 09:36:20.000000000,100008,598,99980,598,100015,100,99974,100,100022,100,99967,100,100049,100,99962,100,100058,100,99952,100,100071,100,99947,100,100078,100,99923,100,100084,200,99922,100,100087,100,99919,100,100105,100,99910,200
2019-06-28 09:36:30.000000000,100008,269,99980,269,100015,264,99974,264,100022,264,99967,264,100049,100,99962,100,100058,100,99952,100,100071,100,99947,100,100078,100,99923,100,100084,200,99922,100,100087,100,99919,100,100105,100,99910,200
2019-06-28 09:36:40.000000000,100008,200,99980,200,100015,200,99974,200,100022,200,99967,200,100049,200,99962,200,100058,200,99952,200,100071,100,99947,100,100078,100,99923,100,100084,200,99922,100,100087,100,99919,100,100105,100,99910,200
2019-06-28 09:36:50.000000000,100008,200,99980,200,100015,200,99974,200,100022,200,99967,200,100049,200,99962,200,100058,200,99952,200,100071,100,99947,100,100078,100,99923,100,100084,200,99922,100,100087,100,99919,100,100105,100,99910,200
2019-06-28 09:36:50.229389702,100008,200,99980,200,100015,200,99974,200,100022,200,99967,200,100049,200,99962,200,100058,200,99952,200,100071,100,99947,100,100078,100,99940,100,100084,200,99923,100,100087,100,99922,100,100105,100,99919,100
2019-06-28 09:37:00.000000000,100008,598,99980,598,100015,100,99974,100,100022,100,99967,100,100049,100,99962,100,100058,100,99952,100,100071,100,99947,100,100078,100,99940,100,100084,200,99923,100,100087,100,99922,100,100105,100,99919,100
2019-06-28 09:37:10.000000000,100008,200,99980,200,100015,200,99974,200,100022,200,99967,200,100049,200,99962,200,100058,200,99952,200,100071,100,99947,100,100078,100,99940,100,100084,200,99923,100,100087,100,99922,100,100105,100,99919,100
2019-06-28 09:37:13.719051480,100008,200,99980,200,100015,200,99974,200,100022,200,99967,200,100049,200,99962,200,100058,200,99952,200,100071,100,99947,100,100078,100,99940,100,100084,200,99923,100,100087,100,99922,100,100105,100,99919,100
2019-06-28 09:37:16.568352883,100008,200,99980,300,100015,200,99974,200,100022,200,99967,200,100049,200,99962,200,100058,200,99952,200,100071,100,99947,100,100078,100,99940,100,100084,200,99923,100,100087,100,99922,100,100105,100,99919,100
2019-06-28 09:37:16.683453267,100008,200,99980,300,100015,200,99974,200,100022,200,99967,200,100049,200,99962,200,100058,200,99952,200,100071,100,99947,100,100078,100,99940,100,100084,200,99923,100,100087,100,99922,100,100105,100,99919,100
2019-06-28 09:37:20.000000000,100008,598,99980,698,100015,100,99974,100,100022,100,99967,100,100049,100,99962,100,100058,100,99952,100,100071,100,99947,100,100078,100,99940,100,100084,200,99923,100,100087,100,99922,100,100105,100,99919,100
2019-06-28 09:37:20.899403923,100008,598,99980,798,100015,100,99974,100,100022,100,99967,100,100049,100,99962,100,100058,100,99952,100,100071,100,99947,100,100078,100,99940,100,100084,200,99923,100,100087,100,99922,100,100105,100,99919,100
2019-06-28 09:37:30.000000000,100008,269,99980,469,100015,264,99974,264,100022,264,99967,264,100049,100,99962,100,100058,100,99952,100,100071,100,99947,100,100078,100,99940,100,100084,200,99923,100,100087,100,99922,100,100105,100,99919,100
2019-06-28 09:37:34.159866367,100008,269,99997,100,100015,264,99980,469,100022,264,99974,264,100049,100,99967,264,100058,100,99962,100,100071,100,99952,100,100084,200,99947,100,100087,100,99940,100,100105,100,99923,100,100107,100,99922,100
2019-06-28 09:37:36.029321725,100008,269,99980,469,100015,264,99974,264,100022,264,99967,264,100049,100,99962,100,100058,100,99952,100,100071,100,99947,100,100084,200,99940,100,100087,100,99923,100,100105,100,99922,100,100107,100,99919,100
2019-06-28 09:37:40.000000000,100008,598,99980,798,100015,100,99974,100,100022,100,99967,100,100049,100,99962,100,100058,100,99952,100,100071,100,99947,100,100084,200,99940,100,100087,100,99923,100,100105,100,99922,100,100107,100,99919,100
2019-06-28 09:37:40.735435826,100008,498,99980,798,100015,100,99974,100,100022,100,99967,100,100049,100,99962,100,100058,100,99952,100,100071,100,99947,100,100084,200,99940,100,100087,100,99923,100,100105,100,99922,100,100107,100,99919,100
2019-06-28 09:37:48.256988830,100008,398,99980,798,100015,100,99974,100,100022,100,99967,100,100049,100,99962,100,100071,100,99952,100,100084,200,99947,100,100087,100,99940,100,100105,100,99923,100,100107,100,99922,100,100116,100,99919,100
2019-06-28 09:37:48.510521726,100008,298,99980,798,100015,100,99974,100,100022,100,99967,100,100049,100,99962,100,100071,100,99952,100,100084,200,99947,100,100087,100,99940,100,100105,100,99923,100,100107,100,99922,100,100116,100,99919,100
2019-06-28 09:37:50.000000000,100015,598,99980,798,100022,100,99974,100,100049,100,99967,100,100071,100,99962,100,100084,200,99952,100,100087,100,99947,100,100105,100,99940,100,100107,100,99923,100,100116,100,99922,100,100133,100,99919,100
2019-06-28 09:37:58.862034699,100015,498,99980,798,100022,100,99974,100,100049,100,99967,100,100071,100,99962,100,100084,200,99952,100,100087,100,99947,100,100105,100,99940,100,100107,100,99923,100,100116,100,99922,100,100133,100,99919,100
2019-06-28 09:38:00.000000000,100022,224,99980,424,100049,224,99974,224,100071,224,99967,224,100084,324,99962,224,100087,100,99952,100,100105,100,99947,100,100107,100,99940,100,100116,100,99923,100,100133,100,99922,100,100138,100,99919,100
2019-06-28 09:38:10.000000000,100022,224,99980,424,100049,224,99974,224,100071,224,99967,224,100084,324,99962,224,100087,100,99952,100,100105,100,99947,100,100107,100,99940,100,100116,100,99923,100,100133,100,99922,100,100138,100,99919,100
2019-06-28 09:38:14.208529304,100022,224,99980,424,100049,224,99974,224,100071,224,99967,224,100084,324,99962,224,100087,100,99952,100,100105,100,99947,100,100107,100,99940,100,100116,100,99923,100,100138,100,99922,100,100148,100,99919,100
2019-06-28 09:38:15.332745236,100022,224,99980,424,100049,224,99974,224,100071,224,99967,224,100084,324,99962,224,100087,100,99952,100,100105,100,99947,100,100107,100,99940,100,100116,100,99923,100,100138,100,99922,100,100148,100,99919,100
2019-06-28 09:38:16.471659400,100022,224,100008,100,100049,224,99980,424,100071,224,99974,224,100084,324,99967,224,100087,100,99962,224,100105,100,99952,100,100107,100,99947,100,100116,100,99940,100,100138,100,99923,100,100148,100,99922,100
2019-06-28 09:38:20.000000000,100022,598,100008,598,100049,100,99980,300,100071,100,99974,100,100084,200,99967,100,100087,100,99962,100,100105,100,99952,100,100107,100,99947,100,100116,100,99940,100,100138,100,99923,100,100148,100,99922,100
2019-06-28 09:38:26.716867687,100022,598,100008,698,100049,100,99980,300,100071,100,99974,100,100084,200,99967,100,100087,100,99962,100,100105,100,99952,100,100107,100,99947,100,100116,100,99940,100,100138,100,99923,100,100148,100,99922,100
2019-06-28 09:38:30.000000000,100022,224,100008,324,100049,224,99980,424,100071,224,99974,224,100084,324,99967,224,100087,100,99962,100,100105,100,99952,100,100107,100,99947,100,100116,100,99940,100,100138,100,99923,100,100148,100,99922,100
2019-06-28 09:38:38.021302770,100022,224,100008,424,100049,224,99980,424,100071,224,99974,224,100084,324,99967,224,100087,100,99962,100,100105,100,99952,100,100107,100,99947,100,100116,100,99940,100,100138,100,99923,100,100148,100,99922,100
2019-06-28 09:38:38.145308961,100022,224,100008,424,100049,224,99980,424,100071,224,99974,224,100084,324,99967,224,100087,100,99962,100,100105,100,99952,100,100107,100,99947,100,100138,100,99940,100,100148,100,99923,100,100160,100,99922,100
2019-06-28 09:38:40.000000000,100022,598,100008,798,100049,100,99980,300,100071,100,99974,100,100084,200,99967,100,100087,100,99962,100,100105,100,99952,100,100107,100,99947,100,100138,100,99940,100,100148,100,99923,100,100160,100,99922,100
2019-06-28 09:38:50.000000000,100022,598,100008,798,100049,100,99980,300,100071,100,99974,100,100084,200,99967,100,100087,100,99962,100,100105,100,99952,100,100107,100,99947,100,100138,100,99940,100,100148,100,99923,100,100160,100,99922,100
2019-06-28 09:39:00.000000000,100022,349,100008,549,100049,349,99980,549,100071,100,99974,100,100084,200,99967,100,100087,100,99962,100,100105,100,99952,100,100107,100,99947,100,100138,100,99940,100,100148,100,99923,100,100160,100,99922,100
2019-06-28 09:39:02.453084267,100022,349,100008,649,100049,349,99980,549,100071,100,99974,100,100084,200,99967,100,100087,100,99962,100,100105,100,99952,100,100107,100,99947,100,100138,100,99940,100,100148,100,99923,100,100160,100,99922,100
2019-06-28 09:39:04.498343495,100022,249,100008,649,100049,349,99980,549,100071,100,99974,100,100084,100,99967,100,100087,100,99962,100,100105,100,99952,100,100107,100,99947,100,100138,100,99940,100,100148,100,99923,100,100160,100,99922,100
2019-06-28 09:39:08.501241409,100022,249,100008,649,100049,349,99980,549,100071,100,99974,100,100084,100,99967,100,100087,100,99962,100,100105,100,99952,100,100107,100,99947,100,100138,100,99940,100,100148,100,99923,100,100160,100,99922,100
2019-06-28 09:39:10.000000000,100049,598,100008,898,100071,100,99980,300,100084,100,99974,100,100087,100,99967,100,100105,100,99962,100,100107,100,99952,100,100138,100,99947,100,100148,100,99940,100,100160,100,99923,100,100167,100,99922,100
2019-06-28 09:39:20.000000000,100049,200,100008,500,100071,200,99980,400,100084,200,99974,200,100087,200,99967,200,100105,200,99962,200,100107,100,99952,100,100138,100,99947,100,100148,100,99940,100,100160,100,99923,100,100167,100,99922,100
2019-06-28 09:39:20.619513588,100049,200,100008,500,100071,200,99980,400,100084,200,99974,200,100087,200,99967,200,100105,200,99962,200,100107,100,99952,100,100138,100,99947,100,100148,100,99940,100,100160,100,99923,100,100167,100,99922,100
2019-06-28 09:39:30.000000000,100049,598,100008,898,100071,100,99980,300,100084,100,99974,100,100087,100,99967,100,100105,100,99962,100,100107,100,99952,100,100138,100,99947,100,100148,100,99940,100,100160,100,99923,100,100167,100,99922,100
2019-06-28 09:39:40.000000000,100049,224,100008,524,100071,224,99980,424,100084,224,99974,224,100087,224,99967,224,100105,100,99962,100,100107,100,99952,100,100138,100,99947,100,100148,100,99940,100,100160,100,99923,100,100167,100,99922,100
2019-06-28 09:39:40.931360497,100049,224,100015,100,100071,224,100008,524,100084,224,99980,324,100087,224,99974,224,100105,100,99967,224,100107,100,99962,100,100138,100,99952,100,100148,100,99947,100,100160,100,99940,100,100167,100,99923,100
2019-06-28 09:39:50.000000000,100049,598,100015,598,100071,100,100008,400,100084,100,99980,200,100087,100,99974,100,100105,100,99967,100,100107,100,99962,100,100138,100,99952,100,100148,100,99947,100,100160,100,99940,100,100167,100,99923,100
2019-06-28 09:39:54.426673732,100049,498,100015,598,100071,100,100008,400,100084,100,99980,200,100087,100,99974,100,100105,100,99967,100,100107,100,99962,100,100138,100,99952,100,100148,100,99947,100,100160,100,99940,100,100167,100,99923,100
2019-06-28 09:40:00.000000000,100071,224,100015,224,100084,224,100008,524,100087,224,99980,324,100105,224,99974,224,100107,100,99967,100,100138,100,99962,100,100148,100,99952,100,100160,100,99947,100,100167,100,99940,100,100188,100,99923,100
2019-06-28 09:40:10.000000000,100071,269,100015,269,100084,264,100008,564,100087,264,99980,364,100105,100,99974,100,100107,100,99967,100,100138,100,99962,100,100148,100,99952,100,100160,100,99947,100,100167,100,99940,100,100188,100,99923,100
2019-06-28 09:40:20.000000000,100071,598,100015,598,100084,100,100008,400,100087,100,99980,200,100105,100,99974,100,100107,100,99967,100,100138,100,99962,100,100148,100,99952,100,100160,100,99947,100,100167,100,99940,100,100188,100,99923,100
2019-06-28 09:40:30.000000000,100071,269,100015,269,100084,264,100008,564,100087,264,99980,364,100105,100,99974,100,100107,100,99967,100,100138,100,99962,100,100148,100,99952,100,100160,100,99947,100,100167,100,99940,100,100188,100,99923,100
2019-06-28 09:40:40.000000000,100071,598,100015,598,100084,100,100008,400,100087,100,99980,200,100105,100,99974,100,100107,100,99967,100,100138,100,99962,100,100148,100,99952,100,100160,100,99947,100,100167,100,99940,100,100188,100,99923,100
2019-06-28 09:40:49.801480577,100071,598,100015,598,100084,100,100008,400,100087,100,99980,200,100105,100,99974,100,100107,100,99967,100,100138,100,99962,100,100148,100,99952,100,100160,100,99947,100,100167,100,99940,100,100188,100,99923,100
2019-06-28 09:40:50.000000000,100071,224,100015,224,100084,224,100008,524,100087,224,99980,324,100105,224,99974,224,100107,100,99967,100,100138,100,99962,100,100148,100,99952,100,100160,100,99947,100,100167,100,99940,100,100188,100,99923,100
2019-06-28 09:41:00.000000000,100071,349,100015,349,100084,349,100008,649,100087,100,99980,200,100105,100,99974,100,100107,100,99967,100,100138,100,99962,100,100148,100,99952,100,100160,100,99947,100,100167,100,99940,100,100188,100,99923,100
2019-06-28 09:41:06.764479234,100071,349,100015,349,100084,349,100010,100,100087,100,100008,649,100105,100,99980,200,100107,100,99974,100,100138,100,99967,100,100148,100,99962,100,100160,100,99952,100,100167,100,99947,100,100188,100,99940,100
2019-06-28 09:41:10.000000000,100071,200,100015,200,100084,200,100010,200,100087,200,100008,500,100105,200,99980,300,100107,200,99974,200,100138,100,99967,100,100148,100,99962,100,100160,100,99952,100,100167,100,99947,100,100188,100,99940,100
2019-06-28 09:41:20.000000000,100071,269,100015,269,100084,264,100010,264,100087,264,100008,564,100105,100,99980,200,100107,100,99974,100,100138,100,99967,100,100148,100,99962,100,100160,100,99952,100,100167,100,99947,100,100188,100,99940,100
2019-06-28 09:41:30.000000000,100071,200,100015,200,100084,200,100010,200,100087,200,100008,500,100105,200,99980,300,100107,200,99974,200,100138,100,99967,100,100148,100,99962,100,100160,100,99952,100,100167,100,99947,100,100188,100,99940,100
2019-06-28 09:41:40.000000000,100071,224,100015,224,100084,224,100010,224,100087,224,100008,524,100105,224,99980,324,100107,100,99974,100,100138,100,99967,100,100148,100,99962,100,100160,100,99952,100,100167,100,99947,100,100188,100,99940,100
2019-06-28 09:41:50.000000000,100071,598,100015,598,100084,100,100010,100,100087,100,100008,400,100105,100,99980,200,100107,100,99974,100,100138,100,99967,100,100148,100,99962,100,100160,100,99952,100,100167,100,99947,100,100188,100,99940,100
2019-06-28 09:41:52.567405243,100071,598,100015,598,100084,100,100010,100,100087,100,100008,400,100105,100,99980,200,100107,100,99974,100,100138,100,99967,100,100148,100,99962,100,100160,100,99952,100,100167,100,99947,100,100188,100,99940,100
2019-06-28 09:42:00.000000000,100071,349,100015,349,100084,349,100010,349,100087,100,100008,400,100105,100,99980,200,100107,100,99974,100,100138,100,99967,100,100148,100,99962,100,100160,100,99952,100,100167,100,99947,100,100188,100,99940,100
2019-06-28 09:42:00.506692018,100071,249,100015,349,100084,349,100010,349,100087,100,100008,400,100105,100,99980,200,100107,100,99974,100,100138,100,99967,100,100148,100,99962,100,100160,100,99952,100,100167,100,99947,100,100188,100,99940,100
2019-06-28 09:42:07.761949954,100071,149,100015,349,100084,349,100010,349,100087,100,100008,400,100105,100,99980,200,100107,100,99974,100,100138,100,99967,100,100148,100,99962,100,100160,100,99952,100,100167,100,99947,100,100188,100,99940,100
2019-06-28 09:42:09.783294900,100071,149,100015,349,100084,349,100010,349,100087,100,100008,400,100105,100,99980,200,100107,100,99974,100,100138,100,99967,100,100148,100,99962,100,100160,100,99952,100,100167,100,99947,100,100188,100,99940,100
2019-06-28 09:42:09.949554597,100071,49,100015,349,100084,349,100010,349,100087,100,100008,400,100105,100,99980,200,100107,100,99974,100,100138,100,99967,100,100148,100,99962,100,100160,100,99952,100,100167,100,99947,100,100188,100,99940,100
2019-06-28 09:42:10.000000000,100084,200,100015,200,100087,200,100010,200,100105,200,100008,500,100107,200,99980,300,100138,200,99974,200,100148,100,99967,100,100160,100,99962,100,100167,100,99952,100,100188,100,99947,100,100210,100,99940,100
2019-06-28 09:42:20.000000000,100084,200,100015,200,100087,200,100010,200,100105,200,100008,500,100107,200,99980,300,100138,200,99974,200,100148,100,99967,100,100160,100,99962,100,100167,100,99952,100,100188,100,99947,100,100210,100,99940,100
2019-06-28 09:42:20.135626683,100084,200,100015,200,100087,200,100010,200,100105,200,100008,500,100107,200,99980,300,100138,200,99974,200,100148,100,99967,100,100160,100,99962,100,100167,100,99952,100,100188,100,99947,100,100210,100,99940,100
2019-06-28 09:42:30.000000000,100084,349,100015,349,100087,349,100010,349,100105,100,100008,400,100107,100,99980,200,100138,100,99974,100,100148,100,99967,100,100160,100,99962,100,100167,100,99952,100,100188,100,99947,100,100210,100,99940,100
2019-06-28 09:42:31.591866794,100084,249,100015,349,100087,349,100010,349,100105,100,100008,400,100107,100,99980,200,100138,100,99974,100,100160,100,99967,100,100167,100,99962,100,100188,100,99952,100,100210,100,99947,100,100254,100,99940,100
2019-06-28 09:42:40.000000000,100087,349,100015,349,100105,349,100010,349,100107,100,100008,400,100138,100,99980,200,100160,100,99974,100,100167,100,99967,100,100188,100,99962,100,100210,100,99952,100,100254,100,99947,100,100294,100,99940,100
2019-06-28 09:42:49.926221261,100087,349,100015,349,100105,349,100010,349,100107,100,100008,300,100138,100,99980,200,100160,100,99974,100,100167,100,99967,100,100188,100,99962,100,100210,100,99952,100,100254,100,99947,100,100294,100,99940,100
2019-06-28 09:42:50.000000000,100087,200,100015,200,100105,200,100010,200,100107,200,100008,400,100138,200,99980,300,100160,200,99974,200,100167,100,99967,100,100188,100,99962,100,100210,100,99952,100,100254,100,99947,100,100294,100,99940,100
2019-06-28 09:43:00.000000000,100087,598,100015,598,100105,100,100010,100,100107,100,100008,300,100138,100,99980,200,100160,100,99974,100,100167,100,99967,100,100188,100,99962,100,100210,100,99952,100,100254,100,99947,100,100294,100,99940,100
2019-06-28 09:43:10.000000000,100087,349,100015,349,100105,349,100010,349,100107,100,100008,300,100138,100,99980,200,100160,100,99974,100,100167,100,99967,100,100188,100,99962,100,100210,100,99952,100,100254,100,99947,100,100294,100,99940,100
2019-06-28 09:43:20.000000000,100087,224,100015,224,100105,224,100010,224,100107,224,100008,424,100138,224,99980,324,100160,100,99974,100,100167,100,99967,100,100188,100,99962,100,100210,100,99952,100,100254,100,99947,100,100294,100,99940,100
2019-06-28 09:43:22.740756404,100087,224,100015,224,100105,224,100010,224,100107,224,100008,424,100138,224,99980,324,100160,100,99974,100,100167,100,99967,100,100188,100,99962,100,100210,100,99952,100,100254,100,99947,100,100294,100,99940,100
2019-06-28 09:43:24.059297773,100087,124,100015,224,100105,224,100010,224,100107,224,100008,424,100138,224,99980,324,100160,100,99974,100,100167,100,99967,100,100188,100,99962,100,100210,100,99952,100,100254,100,99947,100,100294,100,99940,100
2019-06-28 09:43:25.276173193,100087,124,100084,100,100105,224,100015,224,100107,224,100010,224,100138,224,100008,424,100160,100,99980,324,100167,100,99974,100,100188,100,99967,100,100210,100,99962,100,100254,100,99952,100,100294,100,99947,100
2019-06-28 09:43:27.739168865,100087,124,100084,200,100105,224,100015,224,100107,224,100010,224,100138,224,100008,424,100160,100,99980,324,100167,100,99974,100,100188,100,99967,100,100210,100,99962,100,100254,100,99952,100,100294,100,99947,100
2019-06-28 09:43:30.000000000,100105,269,100084,369,100107,264,100015,264,100138,264,100010,264,100160,100,100008,300,100167,100,99980,200,100188,100,99974,100,100210,100,99967,100,100254,100,99962,100,100294,100,99952,100,100406,100,99947,100
2019-06-28 09:43:31.561307016,100105,169,100084,369,100107,264,100015,264,100138,264,100010,264,100160,100,100008,300,100167,100,99980,200,100188,100,99974,100,100210,100,99967,100,100254,100,99962,100,100294,100,99952,100,100406,100,99947,100
2019-06-28 09:43:35.309148036,100105,69,100084,369,100107,264,100015,264,100138,264,100010,264,100160,100,100008,300,100167,100,99980,200,100188,100,99974,100,100210,100,99967,100,100254,100,99962,100,100294,100,99952,100,100406,100,99947,100
2019-06-28 09:43:40.000000000,100107,200,100084,300,100138,200,100015,200,100160,200,100010,200,100167,200,100008,400,100188,200,99980,300,100210,100,99974,100,100254,100,99967,100,100294,100,99962,100,100406,100,99952,100,100456,100,99947,100
2019-06-28 09:43:45.498034577,100107,200,100084,300,100138,200,100015,200,100160,200,100010,200,100167,200,100008,400,100188,200,99980,300,100254,100,99974,100,100294,100,99967,100,100406,100,99962,100,100456,100,99952,100,100459,100,99947,100
2019-06-28 09:43:45.835276265,100107,100,100084,300,100138,200,100015,200,100160,200,100010,200,100167,200,100008,400,100188,200,99980,300,100254,100,99974,100,100294,100,99967,100,100406,100,99962,100,100456,100,99952,100,100470,100,99947,100
2019-06-28 09:43:50.000000000,100138,349,100084,449,100160,349,100015,349,100167,100,100010,100,100188,100,100008,300,100254,100,99980,200,100294,100,99974,100,100406,100,99967,100,100456,100,99962,100,100470,100,99952,100,100489,100,99947,100
2019-06-28 09:44:00.000000000,100138,269,100084,369,100160,264,100015,264,100167,264,100010,264,100188,100,100008,300,100254,100,99980,200,100294,100,99974,100,100406,100,99967,100,100456,100,99962,100,100470,100,99952,100,100489,100,99947,100
2019-06-28 09:44:10.000000000,100138,224,100084,324,100160,224,100015,224,100167,224,100010,224,100188,224,100008,424,100254,100,99980,200,100294,100,99974,100,100406,100,99967,100,100456,100,99962,100,100470,100,99952,100,100489,100,99947,100
2019-06-28 09:44:10.117073509,100138,124,100084,324,100160,224,100015,224,100167,224,100010,224,100188,224,100008,424,100254,100,99980,200,100294,100,99974,100,100406,100,99967,100,100456,100,99962,100,100470,100,99952,100,100489,100,99947,100
2019-06-28 09:44:16.412035240,100138,124,100084,324,100160,224,100015,224,100167,224,100010,224,100188,224,100008,424,100254,100,99980,200,100294,100,99974,100,100406,100,99967,100,100456,100,99962,100,100470,100,99952,100,100489,100,99947,100
2019-06-28 09:44:20.000000000,100160,269,100084,369,100167,264,100015,264,100188,264,100010,264,100254,100,100008,300,100294,100,99980,200,100406,100,99974,100,100456,100,99967,100,100470,100,99962,100,100489,100,99952,100,100586,100,99947,100
2019-06-28 09:44:20.150671868,100160,269,100084,369,100167,264,100015,264,100188,264,100010,264,100254,100,100008,200,100294,100,99980,200,100406,100,99974,100,100456,100,99967,100,100470,100,99962,100,100489,100,99952,100,100586,100,99947,100
2019-06-28 09:44:29.742078352,100160,169,100084,369,100167,264,100015,264,100188,264,100010,264,100254,100,100008,200,100294,100,99980,200,100406,100,99974,100,100456,100,99967,100,100470,100,99962,100,100489,100,99952,100,100586,100,99947,100
2019-06-28 09:44:30.000000000,100167,200,100084,300,100188,200,100015,200,100254,200,100010,200,100294,200,100008,300,100406,200,99980,300,100456,100,99974,100,100470,100,99967,100,100489,100,99962,100,100586,100,99952,100,100780,100,99947,100
2019-06-28 09:44:40.000000000,100167,269,100084,369,100188,264,100015,264,100254,264,100010,264,100294,100,100008,200,100406,100,99980,200,100456,100,99974,100,100470,100,99967,100,100489,100,99962,100,100586,100,99952,100,100780,100,99947,100
2019-06-28 09:44:43.947166231,100167,169,100138,100,100188,264,100084,369,100254,264,100015,264,100294,100,100010,264,100406,100,100008,200,100456,100,99980,200,100470,100,99974,100,100489,100,99967,100,100586,100,99962,100,100780,100,99952,100
2019-06-28 09:44:48.465873190,100167,169,100138,100,100188,264,100084,369,100254,264,100015,264,100294,100,100010,264,100406,100,100008,200,100456,100,99980,200,100470,100,99974,100,100489,100,99967,100,100529,100,99962,100,100586,100,99952,100
2019-06-28 09:44:50.000000000,100188,224,100138,224,100254,224,100084,324,100294,224,100015,224,100406,224,100010,224,100456,100,100008,200,100470,100,99980,200,100489,100,99974,100,100529,100,99967,100,100586,100,99962,100,100780,100,99952,100
2019-06-28 09:44:56.718667533,100188,224,100138,324,100254,224,100084,324,100294,224,100015,224,100406,224,100010,224,100456,100,100008,200,100470,100,99980,200,100489,100,99974,100,100529,100,99967,100,100586,100,99962,100,100780,100,99952,100
2019-06-28 09:45:00.000000000,100188,269,100138,369,100254,264,100084,364,100294,264,100015,264,100406,100,100010,100,100456,100,100008,200,100470,100,99980,200,100489,100,99974,100,100529,100,99967,100,100586,100,99962,100,100780,100,99952,100
2019-06-28 09:45:00.345509848,100188,269,100138,369,100254,264,100084,364,100294,264,100015,264,100406,100,100010,100,100456,100,100008,200,100470,100,99980,200,100489,100,99974,100,100529,100,99967,100,100586,100,99962,100,100594,100,99952,100
2019-06-28 09:45:06.482830845,100188,169,100138,369,100254,264,100084,364,100294,264,100015,264,100406,100,100010,100,100456,100,100008,200,100470,100,99980,200,100489,100,99974,100,100529,100,99967,100,100586,100,99952,100,100594,100,99947,100
2019-06-28 09:45:10.000000000,100254,200,100138,300,100294,200,100084,300,100406,200,100015,200,100456,200,100010,200,100470,200,100008,300,100489,100,99980,200,100529,100,99974,100,100586,100,99967,100,100594,100,99952,100,100780,100,99947,100
2019-06-28 09:45:12.696544658,100254,200,100138,300,100294,200,100084,300,100406,200,100015,200,100456,200,100010,200,100470,200,100008,300,100489,100,99980,200,100529,100,99974,100,100586,100,99967,100,100594,100,99952,100,100780,100,99947,100
2019-06-28 09:45:18.724111197,100254,100,100138,300,100294,200,100084,300,100406,200,100015,200,100456,100,100010,200,100470,200,100008,300,100489,100,99980,200,100529,100,99974,100,100586,100,99967,100,100594,100,99952,100,100780,100,99947,100
2019-06-28 09:45:20.000000000,100294,598,100138,698,100406,100,100084,200,100470,100,100015,100,100489,100,100010,100,100529,100,100008,200,100586,100,99980,200,100594,100,99974,100,100780,100,99967,100,,,99952,100,,,99947,100
2019-06-28 09:45:28.345278674,100294,498,100138,698,100406,100,100084,200,100470,100,100015,100,100489,100,100010,100,100529,100,100008,200,100594,100,99980,200,100780,100,99974,100,,,99967,100,,,99952,100,,,99947,100
2019-06-28 09:45:30.000000000,100406,598,100138,698,100470,100,100084,200,100489,100,100015,100,100529,100,100010,100,100594,100,100008,200,100780,100,99980,200,,,99974,100,,,99967,100,,,99952,100,,,99947,100
2019-06-28 09:45:40.000000000,100406,200,100138,300,100470,200,100084,300,100489,200,100015,200,100529,200,100010,200,100594,200,100008,300,100780,100,99980,200,,,99974,100,,,99967,100,,,99952,100,,,99947,100
2019-06-28 09:45:44.036500139,100406,200,100254,100,100470,200,100138,300,100489,200,100084,300,100529,200,100015,200,100594,200,100010,200,100780,100,100008,300,,,99980,100,,,99974,100,,,99967,100,,,99952,100
2019-06-28 09:45:50.000000000,100406,269,100254,269,100470,264,100138,364,100489,264,100084,364,100529,100,100015,100,100594,100,100010,100,100780,100,100008,200,,,99980,100,,,99974,100,,,99967,100,,,99952,100
2019-06-28 09:46:00.000000000,100406,200,100254,200,100470,200,100138,300,100489,200,100084,300,100529,200,100015,200,100594,200,100010,200,100780,100,100008,200,,,99980,100,,,99974,100,,,99967,100,,,99952,100
2019-06-28 09:46:10.000000000,100406,224,100254,224,100470,224,100138,324,100489,224,100084,324,100529,224,100015,224,100594,100,100010,100,100780,100,100008,200,,,99980,100,,,99974,100,,,99967,100,,,99952,100
2019-06-28 09:46:15.261975923,100406,224,100254,324,100470,224,100138,324,100489,224,100084,324,100529,224,100015,224,100594,100,100010,100,100780,100,100008,200,,,99980,100,,,99974,100,,,99967,100,,,99952,100
2019-06-28 09:46:20.000000000,100406,200,100254,300,100470,200,100138,300,100489,200,100084,300,100529,200,100015,200,100594,200,100010,200,100780,100,100008,200,,,99980,100,,,99974,100,,,99967,100,,,99952,100
2019-06-28 09:46:30.000000000,100406,224,100254,324,100470,224,100138,324,100489,224,100084,324,100529,224,100015,224,100594,100,100010,100,100780,100,100008,200,,,99980,100,,,99974,100,,,99967,100,,,99952,100
2019-06-28 09:46:34.592642194,100406,224,100254,324,100470,224,100138,324,100489,224,100084,324,100529,224,100015,224,100594,100,100010,100,100780,100,100008,200,100840,100,99980,100,,,99974,100,,,99967,100,,,99952,100
2019-06-28 09:46:40.000000000,100406,349,100254,449,100470,349,100138,449,100489,100,100084,200,100529,100,100015,100,100594,100,100010,100,100780,100,100008,200,100840,100,99980,100,,,99974,100,,,99967,100,,,99952,100
2019-06-28 09:46:41.092429570,100406,249,100254,449,100470,349,100138,449,100489,100,100084,200,100529,100,100015,100,100594,100,100010,100,100780,100,100008,200,100840,100,99980,100,,,99974,100,,,99967,100,,,99952,100
2019-06-28 09:46:50.000000000,100470,200,100254,300,100489,200,100138,300,100529,200,100084,300,100594,200,100015,200,100780,200,100010,200,100840,100,100008,200,,,99980,100,,,99974,100,,,99967,100,,,99952,100
2019-06-28 09:47:00.000000000,100470,200,100254,300,100489,200,100138,300,100529,200,100084,300,100594,200,100015,200,100780,200,100010,200,100840,100,100008,200,,,99980,100,,,99974,100,,,99967,100,,,99952,100
2019-06-28 09:47:08.734636791,100470,200,100294,100,100489,200,100254,300,100529,200,100138,300,100594,200,100084,300,100780,200,100015,200,100840,100,100010,200,,,100008,200,,,99980,100,,,99974,100,,,99967,100
2019-06-28 09:47:10.000000000,100470,349,100294,349,100489,349,100254,449,100529,100,100138,200,100594,100,100084,200,100780,100,100015,100,100840,100,100010,100,,,100008,200,,,99980,100,,,99974,100,,,99967,100
2019-06-28 09:47:16.466528649,100470,249,100294,349,100489,349,100254,449,100529,100,100138,200,100594,100,100084,200,100780,100,100015,100,100840,100,100010,100,,,100008,200,,,99980,100,,,99974,100,,,99952,100
2019-06-28 09:47:20.000000000,100489,598,100294,598,100529,100,100254,200,100594,100,100138,200,100780,100,100084,200,100840,100,100015,100,,,100010,100,,,100008,200,,,99980,100,,,99974,100,,,99952,100
2019-06-28 09:47:30.000000000,100489,598,100294,598,100529,100,100254,200,100594,100,100138,200,100780,100,100084,200,100840,100,100015,100,,,100010,100,,,100008,200,,,99980,100,,,99974,100,,,99952,100
2019-06-28 09:47:34.339851638,100489,598,100406,100,100529,100,100294,598,100594,100,100254,200,100780,100,100138,200,100840,100,100084,200,,,100015,100,,,100010,100,,,100008,200,,,99974,100,,,99952,100
2019-06-28 09:47:40.000000000,100489,224,100406,224,100529,224,100294,224,100594,224,100254,324,100780,224,100138,324,100840,100,100084,200,,,100015,100,,,100010,100,,,100008,200,,,99974,100,,,99952,100
2019-06-28 09:47:50.000000000,100489,200,100406,200,100529,200,100294,200,100594,200,100254,300,100780,200,100138,300,100840,200,100084,300,,,100015,100,,,100010,100,,,100008,200,,,99974,100,,,99952,100
2019-06-28 09:48:00.000000000,100489,349,100406,349,100529,349,100294,349,100594,100,100254,200,100780,100,100138,200,100840,100,100084,200,,,100015,100,,,100010,100,,,100008,200,,,99974,100,,,99952,100
2019-06-28 09:48:10.000000000,100489,598,100406,598,100529,100,100294,100,100594,100,100254,200,100780,100,100138,200,100840,100,100084,200,,,100015,100,,,100010,100,,,100008,200,,,99974,100,,,99952,100
2019-06-28 09:48:20.000000000,100489,349,100406,349,100529,349,100294,349,100594,100,100254,200,100780,100,100138,200,100840,100,100084,200,,,100015,100,,,100010,100,,,100008,200,,,99974,100,,,99952,100
2019-06-28 09:48:30.000000000,100489,598,100406,598,100529,100,100294,100,100594,100,100254,200,100780,100,100138,200,100840,100,100084,200,,,100015,100,,,100010,100,,,100008,200,,,99974,100,,,99952,100
2019-06-28 09:48:31.785689238,100489,498,100406,598,100529,100,100294,100,100594,100,100254,200,100780,100,100138,200,100840,100,100084,200,,,100015,100,,,100010,100,,,100008,200,,,99974,100,,,99952,100
2019-06-28 09:48:40.000000000,100529,349,100406,349,100594,349,100294,349,100780,100,100254,200,100840,100,100138,200,,,100084,200,,,100015,100,,,100010,100,,,100008,200,,,99974,100,,,99952,100
2019-06-28 09:48:46.649809239,100529,349,100406,349,100594,349,100294,349,100780,100,100254,200,100840,100,100138,200,101309,100,100084,200,,,100015,100,,,100010,100,,,100008,200,,,99974,100,,,99952,100
2019-06-28 09:48:50.000000000,100529,224,100406,224,100594,224,100294,224,100780,224,100254,324,100840,224,100138,324,101309,100,100084,200,,,100015,100,,,100010,100,,,100008,200,,,99974,100,,,99952,100
2019-06-28 09:48:53.749886297,100529,124,100406,224,100594,224,100294,224,100780,224,100254,324,100840,224,100138,324,101309,100,100084,200,,,100015,100,,,100010,100,,,100008,200,,,99974,100,,,99952,100
2019-06-28 09:49:00.000000000,100594,269,100406,269,100780,264,100294,264,100840,264,100254,364,101309,100,100138,200,,,100084,200,,,100015,100,,,100010,100,,,100008,200,,,99974,100,,,99952,100
2019-06-28 09:49:10.000000000,100594,224,100406,224,100780,224,100294,224,100840,224,100254,324,101309,224,100138,324,,,100084,200,,,100015,100,,,100010,100,,,100008,200,,,99974,100,,,99952,100
2019-06-28 09:49:20.000000000,100594,349,100406,349,100780,349,100294,349,100840,100,100254,200,101309,100,100138,200,,,100084,200,,,100015,100,,,100010,100,,,100008,200,,,99974,100,,,99952,100
2019-06-28 09:49:20.153462094,100594,349,100406,349,100780,349,100294,349,100840,100,100254,200,100894,100,100138,200,101309,100,100084,200,,,100015,100,,,100010,100,,,100008,200,,,99974,100,,,99952,100
2019-06-28 09:49:28.775723624,100594,349,100406,349,100780,349,100294,349,100840,100,100254,100,100894,100,100138,200,101309,100,100084,200,,,100015,100,,,100010,100,,,100008,200,,,99974,100,,,99952,100
2019-06-28 09:49:30.000000000,100594,200,100406,200,100780,200,100294,200,100840,200,100254,200,100894,200,100138,300,101309,200,100084,300,,,100015,100,,,100010,100,,,100008,200,,,99974,100,,,99952,100
2019-06-28 09:49:40.000000000,100594,200,100406,200,100780,200,100294,200,100840,200,100254,200,100894,200,100138,300,101309,200,100084,300,,,100015,100,,,100010,100,,,100008,200,,,99974,100,,,99952,100
2019-06-28 09:49:41.159027096,100594,200,100489,100,100780,200,100406,200,100840,200,100294,200,100894,200,100254,200,101309,200,100138,300,,,100084,300,,,100015,100,,,100010,100,,,100008,200,,,99974,100
2019-06-28 09:49:50.000000000,100594,349,100489,349,100780,349,100406,349,100840,100,100294,100,100894,100,100254,100,101309,100,100138,200,,,100084,200,,,100015,100,,,100010,100,,,100008,200,,,99974,100
2019-06-28 09:50:00.000000000,100594,224,100489,224,100780,224,100406,224,100840,224,100294,224,100894,224,100254,224,101309,100,100138,200,,,100084,200,,,100015,100,,,100010,100,,,100008,200,,,99974,100
2019-06-28 09:50:08.715655973,100594,224,100489,124,100780,224,100406,224,100840,224,100294,224,100894,224,100254,224,101309,100,100138,200,,,100084,200,,,100015,100,,,100010,100,,,100008,200,,,99974,100
2019-06-28 09:50:10.000000000,100594,269,100406,269,100780,264,100294,264,100840,264,100254,264,100894,100,100138,200,101309,100,100084,200,,,100015,100,,,100010,100,,,100008,200,,,99974,100,,,99952,100
2019-06-28 09:50:20.000000000,100594,598,100406,598,100780,100,100294,100,100840,100,100254,100,100894,100,100138,200,101309,100,100084,200,,,100015,100,,,100010,100,,,100008,200,,,99974,100,,,99952,100
2019-06-28 09:50:23.495382974,100594,598,100406,598,100629,100,100294,100,100780,100,100254,100,100840,100,100138,200,100894,100,100084,200,101309,100,100015,100,,,100010,100,,,100008,200,,,99974,100,,,99952,100
2019-06-28 09:50:30.000000000,100594,269,100406,269,100629,264,100294,264,100780,264,100254,264,100840,100,100138,200,100894,100,100084,200,101309,100,100015,100,,,100010,100,,,100008,200,,,99974,100,,,99952,100
2019-06-28 09:50:32.701561672,100594,269,100440,100,100629,264,100406,269,100780,264,100294,264,100840,100,100254,264,100894,100,100138,200,101309,100,100084,200,,,100015,100,,,100010,100,,,100008,200,,,99974,100
2019-06-28 09:50:36.469790055,100528,100,100440,100,100594,269,100406,269,100629,264,100294,264,100780,264,100254,264,100840,100,100138,200,100894,100,100084,200,101309,100,100015,100,,,100010,100,,,100008,200,,,99974,100
2019-06-28 09:50:39.517625329,100528,100,100440,100,100594,269,100406,269,100629,264,100318,100,100780,264,100294,264,100840,100,100254,264,100894,100,100138,200,101309,100,100084,200,,,100015,100,,,100010,100,,,100008,200
2019-06-28 09:50:40.000000000,100528,269,100440,269,100594,264,100406,264,100629,264,100318,264,100780,100,100294,100,100840,100,100254,100,100894,100,100138,200,101309,100,100084,200,,,100015,100,,,100010,100,,,100008,200
2019-06-28 09:50:41.463942195,100528,269,100440,269,100575,100,100406,264,100594,264,100318,264,100629,264,100294,100,100780,100,100254,100,100840,100,100138,200,100894,100,100084,200,101309,100,100015,100,,,100010,100,,,100008,200
2019-06-28 09:50:50.000000000,100528,349,100440,349,100575,349,100406,349,100594,100,100318,100,100629,100,100294,100,100780,100,100254,100,100840,100,100138,200,100894,100,100084,200,101309,100,100015,100,,,100010,100,,,100008,200
2019-06-28 09:51:00.000000000,100528,349,100440,349,100575,349,100406,349,100594,100,100318,100,100629,100,100294,100,100780,100,100254,100,100840,100,100138,200,100894,100,100084,200,101309,100,100015,100,,,100010,100,,,100008,200
2019-06-28 09:51:08.323112941,100528,349,100440,349,100575,349,100406,349,100594,100,100400,100,100629,100,100318,100,100780,100,100294,100,100840,100,100254,100,100894,100,100138,200,101309,100,100084,200,,,100015,100,,,100010,100
2019-06-28 09:51:10.000000000,100528,224,100440,224,100575,224,100406,224,100594,224,100400,224,100629,224,100318,224,100780,100,100294,100,100840,100,100254,100,100894,100,100138,200,101309,100,100084,200,,,100015,100,,,100010,100
2019-06-28 09:51:20.000000000,100528,598,100440,598,100575,100,100406,100,100594,100,100400,100,100629,100,100318,100,100780,100,100294,100,100840,100,100254,100,100894,100,100138,200,101309,100,100084,200,,,100015,100,,,100010,100
2019-06-28 09:51:25.978643543,100528,598,100440,598,100575,100,100406,100,100594,100,100400,100,100629,100,100333,100,100780,100,100318,100,100840,100,100294,100,100894,100,100254,100,101309,100,100138,200,,,100084,200,,,100015,100
2019-06-28 09:51:30.000000000,100528,349,100440,349,100575,349,100406,349,100594,100,100400,100,100629,100,100333,100,100780,100,100318,100,100840,100,100294,100,100894,100,100254,100,101309,100,100138,200,,,100084,200,,,100015,100
2019-06-28 09:51:30.439317454,100528,349,100440,349,100575,349,100406,349,100594,100,100400,100,100629,100,100333,100,100780,100,100318,100,100840,100,100294,100,100894,100,100282,100,101309,100,100254,100,,,100138,200,,,100084,200
2019-06-28 09:51:40.000000000,100528,349,100440,349,100575,349,100406,349,100594,100,100400,100,100629,100,100333,100,100780,100,100318,100,100840,100,100294,100,100894,100,100282,100,101309,100,100254,100,,,100138,200,,,100084,200
2019-06-28 09:51:46.006081735,100528,349,100440,349,100575,349,100406,349,100594,100,100400,100,100629,100,100333,100,100780,100,100318,100,100840,100,100294,100,100894,100,100282,100,101309,100,100254,100,,,100138,200,,,100084,200
2019-06-28 09:51:49.568532252,100528,349,100440,249,100575,349,100406,349,100594,100,100400,100,100629,100,100333,100,100780,100,100318,100,100840,100,100294,100,100894,100,100282,100,101309,100,100254,100,,,100138,200,,,100084,200
2019-06-28 09:51:50.000000000,100528,598,100406,598,100575,100,100400,100,100594,100,100333,100,100629,100,100318,100,100780,100,100294,100,100840,100,100282,100,100894,100,100254,100,101309,100,100138,200,,,100084,200,,,100015,100
2019-06-28 09:51:59.402647058,100528,598,100406,598,100575,100,100400,100,100587,100,100333,100,100594,100,100318,100,100629,100,100294,100,100780,100,100282,100,100840,100,100254,100,100894,100,100138,200,101309,100,100084,200,,,100015,100
2019-06-28 09:52:00.000000000,100528,349,100406,349,100575,349,100400,349,100587,100,100333,100,100594,100,100318,100,100629,100,100294,100,100780,100,100282,100,100840,100,100254,100,100894,100,100138,200,101309,100,100084,200,,,100015,100
2019-06-28 09:52:10.000000000,100528,269,100406,269,100575,264,100400,264,100587,264,100333,264,100594,100,100318,100,100629,100,100294,100,100780,100,100282,100,100840,100,100254,100,100894,100,100138,200,101309,100,100084,200,,,100015,100
2019-06-28 09:52:20.000000000,100528,349,100406,349,100575,349,100400,349,100587,100,100333,100,100594,100,100318,100,100629,100,100294,100,100780,100,100282,100,100840,100,100254,100,100894,100,100138,200,101309,100,100084,200,,,100015,100
2019-06-28 09:52:20.694347612,100528,249,100406,349,100575,349,100400,349,100587,100,100333,100,100594,100,100318,100,100629,100,100294,100,100780,100,100282,100,100840,100,100254,100,100894,100,100138,200,101309,100,100084,200,,,100015,100
2019-06-28 09:52:30.000000000,100575,269,100406,269,100587,264,100400,264,100594,264,100333,264,100629,100,100318,100,100780,100,100294,100,100840,100,100282,100,100894,100,100254,100,101309,100,100138,200,,,100084,200,,,100015,100
2019-06-28 09:52:40.000000000,100575,200,100406,200,100587,200,100400,200,100594,200,100333,200,100629,200,100318,200,100780,200,100294,200,100840,100,100282,100,100894,100,100254,100,101309,100,100138,200,,,100084,200,,,100015,100
2019-06-28 09:52:50.000000000,100575,224,100406,224,100587,224,100400,224,100594,224,100333,224,100629,224,100318,224,100780,100,100294,100,100840,100,100282,100,100894,100,100254,100,101309,100,100138,200,,,100084,200,,,100015,100
2019-06-28 09:53:00.000000000,100575,200,100406,200,100587,200,100400,200,100594,200,100333,200,100629,200,100318,200,100780,200,100294,200,100840,100,100282,100,100894,100,100254,100,101309,100,100138,200,,,100084,200,,,100015,100
2019-06-28 09:53:04.874539956,100575,200,100406,200,100587,200,100400,200,100594,200,100333,200,100629,200,100318,200,100780,200,100294,200,100840,100,100282,100,100894,100,100254,100,101309,100,100142,100,,,100138,200,,,100084,200
2019-06-28 09:53:10.000000000,100575,269,100406,269,100587,264,100400,264,100594,264,100333,264,100629,100,100318,100,100780,100,100294,100,100840,100,100282,100,100894,100,100254,100,101309,100,100142,100,,,100138,200,,,100084,200
2019-06-28 09:53:20.000000000,100575,200,100406,200,100587,200,100400,200,100594,200,100333,200,100629,200,100318,200,100780,200,100294,200,100840,100,100282,100,100894,100,100254,100,101309,100,100142,100,,,100138,200,,,100084,200
2019-06-28 09:53:30.000000000,100575,349,100406,349,100587,349,100400,349,100594,100,100333,100,100629,100,100318,100,100780,100,100294,100,100840,100,100282,100,100894,100,100254,100,101309,100,100142,100,,,100138,200,,,100084,200
2019-06-28 09:53:40.000000000,100575,598,100406,598,100587,100,100400,100,100594,100,100333,100,100629,100,100318,100,100780,100,100294,100,100840,100,100282,100,100894,100,100254,100,101309,100,100142,100,,,100138,200,,,100084,200
2019-06-28 09:53:50.000000000,100575,598,100406,598,100587,100,100400,100,100594,100,100333,100,100629,100,100318,100,100780,100,100294,100,100840,100,100282,100,100894,100,100254,100,101309,100,100142,100,,,100138,200,,,100084,200
2019-06-28 09:54:00.000000000,100575,224,100406,224,100587,224,100400,224,100594,224,100333,224,100629,224,100318,224,100780,100,100294,100,100840,100,100282,100,100894,100,100254,100,101309,100,100142,100,,,100138,200,,,100084,200
2019-06-28 09:54:05.852751203,100575,224,100406,224,100587,224,100400,224,100594,224,100333,224,100629,224,100318,224,100780,100,100294,100,100840,100,100282,100,100894,100,100254,100,101309,100,100142,100,,,100138,200,,,100115,100
2019-06-28 09:54:10.000000000,100575,224,100406,224,100587,224,100400,224,100594,224,100333,224,100629,224,100318,224,100780,100,100294,100,100840,100,100282,100,100894,100,100254,100,101309,100,100142,100,,,100138,200,,,100115,100
2019-06-28 09:54:19.455207105,100527,100,100406,224,100575,224,100400,224,100587,224,100333,224,100594,224,100318,224,100629,224,100294,100,100780,100,100282,100,100840,100,100254,100,100894,100,100142,100,101309,100,100138,200,,,100115,100
2019-06-28 09:54:20.000000000,100527,224,100406,224,100575,224,100400,224,100587,224,100333,224,100594,224,100318,224,100629,100,100294,100,100780,100,100282,100,100840,100,100254,100,100894,100,100142,100,101309,100,100138,200,,,100115,100
2019-06-28 09:54:20.530668476,100527,324,100406,224,100575,224,100400,224,100587,224,100333,224,100594,224,100318,224,100629,100,100294,100,100780,100,100282,100,100840,100,100254,100,100894,100,100142,100,101309,100,100138,200,,,100115,100
2019-06-28 09:54:28.261712857,100527,324,100406,124,100575,224,100400,224,100587,224,100333,224,100594,224,100318,224,100629,100,100294,100,100780,100,100282,100,100840,100,100254,100,100894,100,100142,100,101309,100,100138,200,,,100115,100
2019-06-28 09:54:30.000000000,100527,449,100400,349,100575,349,100333,349,100587,100,100318,100,100594,100,100294,100,100629,100,100282,100,100780,100,100254,100,100840,100,100142,100,100894,100,100138,200,101309,100,100115,100,,,100084,200
2019-06-28 09:54:32.507374804,100527,449,100400,249,100575,349,100333,349,100587,100,100319,100,100594,100,100318,100,100629,100,100294,100,100780,100,100282,100,100840,100,100254,100,100894,100,100142,100,101309,100,100138,200,,,100115,100
2019-06-28 09:54:34.923975664,100527,449,100400,249,100575,349,100333,349,100587,100,100319,100,100594,100,100318,100,100629,100,100294,100,100780,100,100282,100,100840,100,100254,100,100894,100,100142,100,101309,100,100138,200,,,100115,100
2019-06-28 09:54:36.083955670,100527,449,100400,149,100575,349,100333,249,100587,100,100319,100,100594,100,100318,100,100629,100,100294,100,100780,100,100282,100,100840,100,100254,100,100894,100,100142,100,101309,100,100138,200,,,100115,100
2019-06-28 09:54:39.831554113,100406,100,100400,149,100527,449,100333,249,100575,349,100319,100,100587,100,100318,100,100594,100,100294,100,100629,100,100282,100,100780,100,100254,100,100840,100,100142,100,100894,100,100138,200,101309,100,100115,100
2019-06-28 09:54:40.000000000,100406,598,100319,598,100527,200,100318,100,100575,100,100294,100,100587,100,100282,100,100594,100,100254,100,100629,100,100142,100,100780,100,100138,200,100840,100,100115,100,100894,100,100084,200,101309,100,100015,100
2019-06-28 09:54:50.000000000,100406,224,100319,224,100527,324,100318,224,100575,224,100294,224,100587,224,100282,224,100594,100,100254,100,100629,100,100142,100,100780,100,100138,200,100840,100,100115,100,100894,100,100084,200,101309,100,100015,100
2019-06-28 09:55:00.000000000,100406,200,100319,200,100527,300,100318,200,100575,200,100294,200,100587,200,100282,200,100594,200,100254,200,100629,100,100142,100,100780,100,100138,200,100840,100,100115,100,100894,100,100084,200,101309,100,100015,100
2019-06-28 09:55:10.000000000,100406,349,100319,349,100527,449,100318,349,100575,100,100294,100,100587,100,100282,100,100594,100,100254,100,100629,100,100142,100,100780,100,100138,200,100840,100,100115,100,100894,100,100084,200,101309,100,100015,100
2019-06-28 09:55:12.854348200,100406,349,100319,249,100527,449,100318,349,100575,100,100294,100,100587,100,100282,100,100594,100,100254,100,100629,100,100142,100,100780,100,100138,200,100840,100,100115,100,100894,100,100084,200,,,100015,100
2019-06-28 09:55:20.000000000,100406,269,100318,269,100527,364,100294,264,100575,264,100282,264,100587,100,100254,100,100594,100,100142,100,100629,100,100138,200,100780,100,100115,100,100840,100,100084,200,100894,100,100015,100,,,100010,100
2019-06-28 09:55:25.542483771,100406,269,100318,169,100527,364,100294,264,100575,264,100282,264,100587,100,100254,100,100594,100,100142,100,100629,100,100138,200,100780,100,100115,100,100840,100,100084,200,100894,100,100015,100,,,100010,100
2019-06-28 09:55:30.000000000,100406,200,100294,200,100527,300,100282,200,100575,200,100254,200,100587,200,100142,200,100594,200,100138,300,100629,100,100115,100,100780,100,100084,200,100840,100,100015,100,100894,100,100010,100,,,100008,200
2019-06-28 09:55:40.000000000,100406,349,100294,349,100527,449,100282,349,100575,100,100254,100,100587,100,100142,100,100594,100,100138,200,100629,100,100115,100,100780,100,100084,200,100840,100,100015,100,100894,100,100010,100,,,100008,200
2019-06-28 09:55:45.227478393,100406,349,100294,349,100527,449,100282,349,100575,100,100254,100,100587,100,100142,100,100594,100,100138,200,100629,100,100115,100,100780,100,100084,200,100894,100,100015,100,,,100010,100,,,100008,200
2019-06-28 09:55:50.000000000,100406,269,100294,269,100527,364,100282,264,100575,264,100254,264,100587,100,100142,100,100594,100,100138,200,100629,100,100115,100,100780,100,100084,200,100894,100,100015,100,,,100010,100,,,100008,200
2019-06-28 09:56:00.000000000,100406,269,100294,269,100527,364,100282,264,100575,264,100254,264,100587,100,100142,100,100594,100,100138,200,100629,100,100115,100,100780,100,100084,200,100894,100,100015,100,,,100010,100,,,100008,200
2019-06-28 09:56:10.000000000,100406,224,100294,224,100527,324,100282,224,100575,224,100254,224,100587,224,100142,224,100594,100,100138,200,100629,100,100115,100,100780,100,100084,200,100894,100,100015,100,,,100010,100,,,100008,200
2019-06-28 09:56:20.000000000,100406,269,100294,269,100527,364,100282,264,100575,264,100254,264,100587,100,100142,100,100594,100,100138,200,100629,100,100115,100,100780,100,100084,200,100894,100,100015,100,,,100010,100,,,100008,200
2019-06-28 09:56:30.000000000,100406,269,100294,269,100527,364,100282,264,100575,264,100254,264,100587,100,100142,100,100594,100,100138,200,100629,100,100115,100,100780,100,100084,200,100894,100,100015,100,,,100010,100,,,100008,200
2019-06-28 09:56:40.000000000,100406,224,100294,224,100527,324,100282,224,100575,224,100254,224,100587,224,100142,224,100594,100,100138,200,100629,100,100115,100,100780,100,100084,200,100894,100,100015,100,,,100010,100,,,100008,200
2019-06-28 09:56:46.147431729,100319,100,100294,224,100406,224,100282,224,100527,324,100254,224,100575,224,100142,224,100587,224,100138,200,100594,100,100115,100,100629,100,100084,200,100780,100,100015,100,100894,100,100010,100,,,100008,200
2019-06-28 09:56:50.000000000,100319,598,100294,598,100406,100,100282,100,100527,200,100254,100,100575,100,100142,100,100587,100,100138,200,100594,100,100115,100,100629,100,100084,200,100780,100,100015,100,100894,100,100010,100,,,100008,200
2019-06-28 09:57:00.000000000,100319,598,100294,598,100406,100,100282,100,100527,200,100254,100,100575,100,100142,100,100587,100,100138,200,100594,100,100115,100,100629,100,100084,200,100780,100,100015,100,100894,100,100010,100,,,100008,200
2019-06-28 09:57:02.421756698,100319,598,100294,598,100406,100,100282,100,100527,200,100254,100,100575,100,100142,100,100587,100,100138,200,100594,100,100115,100,100629,100,100084,200,100894,100,100015,100,,,100010,100,,,100008,200
2019-06-28 09:57:10.000000000,100319,224,100294,224,100406,224,100282,224,100527,324,100254,224,100575,224,100142,224,100587,100,100138,200,100594,100,100115,100,100629,100,100084,200,100894,100,100015,100,,,100010,100,,,100008,200
2019-06-28 09:57:11.875290504,100319,224,100294,224,100406,224,100282,224,100527,324,100254,224,100575,224,100142,224,100587,100,100138,200,100594,100,100115,100,100629,100,100084,200,100894,100,100015,100,,,100010,100,,,100008,200
2019-06-28 09:57:20.000000000,100319,598,100294,598,100406,100,100282,100,100527,200,100254,100,100575,100,100142,100,100587,100,100138,200,100594,100,100115,100,100629,100,100084,200,100894,100,100015,100,,,100010,100,,,100008,200
2019-06-28 09:57:30.000000000,100319,200,100294,200,100406,200,100282,200,100527,300,100254,200,100575,200,100142,200,100587,200,100138,300,100594,100,100115,100,100629,100,100084,200,100894,100,100015,100,,,100010,100,,,100008,200
2019-06-28 09:57:40.000000000,100319,598,100294,598,100406,100,100282,100,100527,200,100254,100,100575,100,100142,100,100587,100,100138,200,100594,100,100115,100,100629,100,100084,200,100894,100,100015,100,,,100010,100,,,100008,200
2019-06-28 09:57:50.000000000,100319,598,100294,598,100406,100,100282,100,100527,200,100254,100,100575,100,100142,100,100587,100,100138,200,100594,100,100115,100,100629,100,100084,200,100894,100,100015,100,,,100010,100,,,100008,200
2019-06-28 09:58:00.000000000,100319,349,100294,349,100406,349,100282,349,100527,200,100254,100,100575,100,100142,100,100587,100,100138,200,100594,100,100115,100,100629,100,100084,200,100894,100,100015,100,,,100010,100,,,100008,200
2019-06-28 09:58:09.921977829,100319,349,100294,349,100406,349,100282,349,100527,200,100254,100,100575,100,100142,100,100587,100,100138,200,100594,100,100115,100,100629,100,100084,200,100894,100,100015,100,,,100010,100,,,100008,200
2019-06-28 09:58:10.000000000,100319,349,100294,349,100406,349,100282,349,100527,200,100254,100,100575,100,100142,100,100587,100,100138,200,100594,100,100115,100,100629,100,100084,200,100894,100,100015,100,,,100010,100,,,100008,200
2019-06-28 09:58:12.465456704,100319,349,100294,349,100406,349,100282,349,100527,200,100254,100,100575,100,100142,100,100587,100,100138,200,100594,100,100115,100,100629,100,100084,200,100894,100,100015,100,,,100010,100,,,100008,200
2019-06-28 09:58:20.000000000,100319,598,100294,598,100406,100,100282,100,100527,200,100254,100,100575,100,100142,100,100587,100,100138,200,100594,100,100115,100,100629,100,100084,200,100894,100,100015,100,,,100010,100,,,100008,200
2019-06-28 09:58:25.821312848,100319,598,100294,598,100406,100,100282,100,100527,200,100254,100,100575,100,100142,100,100587,100,100138,200,100594,100,100115,100,100629,100,100084,200,100894,100,100015,100,,,100010,100,,,100008,200
2019-06-28 09:58:30.000000000,100319,224,100294,224,100406,224,100282,224,100527,324,100254,224,100575,224,100142,224,100587,100,100138,200,100594,100,100115,100,100629,100,100084,200,100894,100,100015,100,,,100010,100,,,100008,200
2019-06-28 09:58:39.409227449,100319,324,100294,224,100406,124,100282,224,100527,324,100254,224,100575,224,100142,224,100587,100,100138,200,100594,100,100115,100,100629,100,100084,200,100894,100,100015,100,,,100010,100,,,100008,200
2019-06-28 09:58:40.000000000,100319,449,100294,349,100527,449,100282,349,100575,100,100254,100,100587,100,100142,100,100594,100,100138,200,100629,100,100115,100,100894,100,100084,200,,,100015,100,,,100010,100,,,100008,200
2019-06-28 09:58:40.734766010,100319,449,100294,249,100527,449,100282,349,100575,100,100254,100,100587,100,100142,100,100594,100,100138,200,100629,100,100115,100,100894,100,100084,200,,,100015,100,,,100010,100,,,100008,200
2019-06-28 09:58:50.000000000,100319,300,100282,200,100527,300,100254,200,100575,200,100142,200,100587,200,100138,300,100594,200,100115,200,100629,100,100084,200,100894,100,100015,100,,,100010,100,,,100008,200,,,99978,100
2019-06-28 09:58:52.440111934,100319,300,100282,100,100527,300,100254,200,100575,200,100142,200,100587,200,100138,300,100594,200,100115,200,100629,100,100084,200,100894,100,100015,100,,,100010,100,,,100008,200,,,99978,100
2019-06-28 09:58:54.635487634,100319,300,100282,100,100527,300,100254,200,100575,100,100142,200,100587,200,100138,300,100594,200,100115,200,100629,100,100084,200,100894,100,100015,100,,,100010,100,,,100008,200,,,99978,100
2019-06-28 09:59:00.000000000,100319,324,100254,224,100527,324,100142,224,100587,224,100138,324,100594,224,100115,224,100629,100,100084,200,100894,100,100015,100,,,100010,100,,,100008,200,,,99978,100,,,99952,100
2019-06-28 09:59:01.501038783,100294,100,100254,224,100319,324,100142,224,100527,324,100138,324,100587,224,100115,224,100594,224,100084,200,100629,100,100015,100,100894,100,100010,100,,,100008,100,,,99978,100,,,99952,100
2019-06-28 09:59:10.000000000,100294,224,100254,224,100319,324,100142,224,100527,324,100138,324,100587,224,100115,224,100594,100,100084,200,100629,100,100015,100,100894,100,100010,100,,,100008,100,,,99978,100,,,99952,100
2019-06-28 09:59:20.000000000,100294,224,100254,224,100319,324,100142,224,100527,324,100138,324,100587,224,100115,224,100594,100,100084,200,100629,100,100015,100,100894,100,100010,100,,,100008,100,,,99978,100,,,99952,100
2019-06-28 09:59:24.156432173,100294,224,100254,124,100319,324,100142,224,100527,324,100138,324,100587,224,100115,224,100594,100,100084,200,100629,100,100015,100,100894,100,100010,100,,,100008,100,,,99978,100,,,99952,100
2019-06-28 09:59:24.826709391,100294,224,100254,124,100319,324,100142,224,100527,324,100138,324,100587,224,100115,224,100594,100,100084,200,100629,100,100015,100,100894,100,100010,100,,,100008,100,,,99978,100,,,99952,100
2019-06-28 09:59:30.000000000,100294,598,100142,598,100319,200,100138,200,100527,200,100115,100,100587,100,100084,200,100594,100,100015,100,100629,100,100010,100,100894,100,100008,100,,,99978,100,,,99952,100,,,99864,100
2019-06-28 09:59:40.000000000,100294,349,100142,349,100319,449,100138,449,100527,200,100115,100,100587,100,100084,200,100594,100,100015,100,100629,100,100010,100,100894,100,100008,100,,,99978,100,,,99952,100,,,99864,100
2019-06-28 09:59:47.169661352,100294,349,100142,249,100319,449,100138,449,100527,200,100115,100,100587,100,100084,200,100594,100,100015,100,100629,100,100010,100,100894,100,100008,100,,,99978,100,,,99952,100,,,99864,100
2019-06-28 09:59:50.000000000,100294,224,100138,324,100319,324,100115,224,100527,324,100084,324,100587,224,100015,224,100594,100,100010,100,100629,100,100008,100,100894,100,99978,100,,,99952,100,,,99864,100,,,99854,100
2019-06-28 10:00:00.000000000,100294,269,100138,369,100319,364,100115,264,100527,364,100084,364,100587,100,100015,100,100594,100,100010,100,100629,100,100008,100,100894,100,99978,100,,,99952,100,,,99864,100,,,99854,100
2019-06-28 10:00:10.000000000,100294,224,100138,324,100319,324,100115,224,100527,324,100084,324,100587,224,100015,224,100594,100,100010,100,100629,100,100008,100,100894,100,99978,100,,,99952,100,,,99864,100,,,99854,100
2019-06-28 10:00:20.000000000,100294,269,100138,369,100319,364,100115,264,100527,364,100084,364,100587,100,100015,100,100594,100,100010,100,100629,100,100008,100,100894,100,99978,100,,,99952,100,,,99864,100,,,99854,100
2019-06-28 10:00:30.000000000,100294,598,100138,698,100319,200,100115,100,100527,200,100084,200,100587,100,100015,100,100594,100,100010,100,100629,100,100008,100,100894,100,99978,100,,,99952,100,,,99864,100,,,99854,100
2019-06-28 10:00:40.000000000,100294,349,100138,449,100319,449,100115,349,100527,200,100084,200,100587,100,100015,100,100594,100,100010,100,100629,100,100008,100,100894,100,99978,100,,,99952,100,,,99864,100,,,99854,100
2019-06-28 10:00:42.658474861,100294,349,100255,100,100319,449,100138,449,100527,100,100115,349,100587,100,100084,200,100594,100,100015,100,100629,100,100010,100,100894,100,100008,100,,,99978,100,,,99952,100,,,99864,100
2019-06-28 10:00:50.000000000,100294,269,100255,269,100319,364,100138,364,100527,264,100115,264,100587,100,100084,200,100594,100,100015,100,100629,100,100010,100,100894,100,100008,100,,,99978,100,,,99952,100,,,99864,100
2019-06-28 10:01:00.000000000,100294,269,100255,269,100319,364,100138,364,100527,264,100115,264,100587,100,100084,200,100594,100,100015,100,100629,100,100010,100,100894,100,100008,100,,,99978,100,,,99952,100,,,99864,100
2019-06-28 10:01:10.000000000,100294,598,100255,598,100319,200,100138,200,100527,100,100115,100,100587,100,100084,200,100594,100,100015,100,100629,100,100010,100,100894,100,100008,100,,,99978,100,,,99952,100,,,99864,100
2019-06-28 10:01:20.000000000,100294,598,100255,598,100319,200,100138,200,100527,100,100115,100,100587,100,100084,200,100594,100,100015,100,100629,100,100010,100,100894,100,100008,100,,,99978,100,,,99952,100,,,99864,100
2019-06-28 10:01:30.000000000,100294,224,100255,224,100319,324,100138,324,100527,224,100115,224,100587,224,100084,324,100594,100,100015,100,100629,100,100010,100,100894,100,100008,100,,,99978,100,,,99952,100,,,99864,100
2019-06-28 10:01:30.113172194,100294,224,100255,224,100319,324,100138,324,100490,100,100115,224,100527,224,100084,324,100587,224,100015,100,100594,100,100010,100,100629,100,100008,100,100894,100,99978,100,,,99952,100,,,99864,100
2019-06-28 10:01:40.000000000,100294,349,100255,349,100319,449,100138,449,100490,100,100115,100,100527,100,100084,200,100587,100,100015,100,100594,100,100010,100,100629,100,100008,100,100894,100,99978,100,,,99952,100,,,99864,100
2019-06-28 10:01:41.250580122,100294,349,100255,349,100319,449,100138,449,100473,100,100115,100,100490,100,100084,200,100527,100,100015,100,100587,100,100010,100,100594,100,100008,100,100629,100,99978,100,100894,100,99952,100,,,99864,100
2019-06-28 10:01:44.230572531,100294,349,100255,449,100319,449,100138,449,100473,100,100115,100,100490,100,100084,200,100527,100,100015,100,100587,100,100010,100,100594,100,100008,100,100629,100,99978,100,100894,100,99952,100,,,99864,100
2019-06-28 10:01:50.000000000,100294,200,100255,300,100319,300,100138,300,100473,200,100115,200,100490,200,100084,300,100527,200,100015,200,100587,100,100010,100,100594,100,100008,100,100629,100,99978,100,100894,100,99952,100,,,99864,100
2019-06-28 10:01:58.702002527,100294,200,100255,300,100319,300,100138,300,100473,200,100115,200,100490,200,100084,300,100527,200,100067,100,100587,100,100015,200,100594,100,100010,100,100629,100,100008,100,100894,100,99978,100,,,99952,100
2019-06-28 10:02:00.000000000,100294,349,100255,449,100319,449,100138,449,100473,100,100115,100,100490,100,100084,200,100527,100,100067,100,100587,100,100015,100,100594,100,100010,100,100629,100,100008,100,100894,100,99978,100,,,99952,100
2019-06-28 10:02:10.000000000,100294,200,100255,300,100319,300,100138,300,100473,200,100115,200,100490,200,100084,300,100527,200,100067,200,100587,100,100015,100,100594,100,100010,100,100629,100,100008,100,100894,100,99978,100,,,99952,100
2019-06-28 10:02:18.759242360,100267,100,100255,300,100294,200,100138,300,100319,300,100115,200,100473,200,100084,300,100490,200,100067,200,100527,200,100015,100,100587,100,100010,100,100594,100,100008,100,100629,100,99978,100,100894,100,99952,100
2019-06-28 10:02:20.000000000,100267,200,100255,300,100294,200,100138,300,100319,300,100115,200,100473,200,100084,300,100490,200,100067,200,100527,100,100015,100,100587,100,100010,100,100594,100,100008,100,100629,100,99978,100,100894,100,99952,100
2019-06-28 10:02:29.542592055,100267,200,100255,300,100294,200,100191,100,100319,300,100138,300,100473,200,100115,200,100490,200,100084,300,100527,100,100067,200,100587,100,100015,100,100594,100,100010,100,100629,100,100008,100,100894,100,99978,100
2019-06-28 10:02:30.000000000,100267,200,100255,300,100294,200,100191,200,100319,300,100138,300,100473,200,100115,200,100490,200,100084,300,100527,100,100067,100,100587,100,100015,100,100594,100,100010,100,100629,100,100008,100,100894,100,99978,100
2019-06-28 10:02:33.622687407,100267,200,100255,300,100294,200,100237,100,100319,300,100191,200,100473,200,100138,300,100490,200,100115,200,100527,100,100084,300,100587,100,100067,100,100594,100,100015,100,100629,100,100010,100,100894,100,100008,100
2019-06-28 10:02:40.000000000,100267,598,100255,698,100294,100,100237,100,100319,200,100191,100,100473,100,100138,200,100490,100,100115,100,100527,100,100084,200,100587,100,100067,100,100594,100,100015,100,100629,100,100010,100,100894,100,100008,100
2019-06-28 10:02:44.119528141,100267,598,100255,698,100294,100,100237,100,100319,200,100191,100,100473,100,100184,100,100490,100,100138,200,100527,100,100115,100,100587,100,100084,200,100594,100,100067,100,100629,100,100015,100,100894,100,100010,100
2019-06-28 10:02:50.000000000,100267,349,100255,449,100294,349,100237,349,100319,200,100191,100,100473,100,100184,100,100490,100,100138,200,100527,100,100115,100,100587,100,100084,200,100594,100,100067,100,100629,100,100015,100,100894,100,100010,100
2019-06-28 10:02:59.837014708,100267,349,100255,449,100294,349,100237,349,100319,200,100191,100,100473,100,100184,100,100490,100,100138,200,100527,100,100115,100,100587,100,100084,200,100594,100,100067,100,100629,100,100015,100,100719,100,100010,100
2019-06-28 10:03:00.000000000,100267,349,100255,449,100294,349,100237,349,100319,200,100191,100,100473,100,100184,100,100490,100,100138,200,100527,100,100115,100,100587,100,100084,200,100594,100,100067,100,100629,100,100015,100,100719,100,100010,100
2019-06-28 10:03:02.988786703,100267,349,100255,449,100294,349,100237,349,100319,200,100191,100,100473,100,100184,100,100490,100,100138,200,100516,100,100115,100,100527,100,100084,200,100587,100,100067,100,100594,100,100015,100,100629,100,100010,100
2019-06-28 10:03:09.328708560,100267,349,100255,449,100294,349,100237,349,100319,200,100191,200,100473,100,100184,100,100490,100,100138,200,100516,100,100115,100,100527,100,100084,200,100587,100,100067,100,100594,100,100015,100,100629,100,100010,100
2019-06-28 10:03:10.000000000,100267,349,100255,449,100294,349,100237,349,100319,200,100191,200,100473,100,100184,100,100490,100,100138,200,100516,100,100115,100,100527,100,100084,200,100587,100,100067,100,100594,100,100015,100,100629,100,100010,100
2019-06-28 10:03:20.000000000,100267,200,100255,300,100294,200,100237,200,100319,300,100191,300,100473,200,100184,200,100490,200,100138,300,100516,100,100115,100,100527,100,100084,200,100587,100,100067,100,100594,100,100015,100,100629,100,100010,100
2019-06-28 10:03:22.702708430,100267,100,100255,300,100294,200,100237,200,100319,300,100191,300,100473,200,100184,200,100490,200,100138,300,100516,100,100115,100,100527,100,100084,200,100587,100,100067,100,100594,100,100015,100,100629,100,100010,100
2019-06-28 10:03:30.000000000,100294,224,100255,324,100319,324,100237,224,100473,224,100191,324,100490,224,100184,224,100516,100,100138,200,100527,100,100115,100,100587,100,100084,200,100594,100,100067,100,100629,100,100015,100,100719,100,100010,100
2019-06-28 10:03:40.000000000,100294,349,100255,449,100319,449,100237,349,100473,100,100191,200,100490,100,100184,100,100516,100,100138,200,100527,100,100115,100,100587,100,100084,200,100594,100,100067,100,100629,100,100015,100,100719,100,100010,100
2019-06-28 10:03:50.000000000,100294,349,100255,449,100319,449,100237,349,100473,100,100191,200,100490,100,100184,100,100516,100,100138,200,100527,100,100115,100,100587,100,100084,200,100594,100,100067,100,100629,100,100015,100,100719,100,100010,100
2019-06-28 10:03:52.109966397,100294,349,100255,449,100319,449,100237,349,100384,100,100191,200,100473,100,100184,100,100490,100,100138,200,100516,100,100115,100,100527,100,100084,200,100587,100,100067,100,100594,100,100015,100,100629,100,100010,100
2019-06-28 10:04:00.000000000,100294,349,100255,449,100319,449,100237,349,100384,100,100191,200,100473,100,100184,100,100490,100,100138,200,100516,100,100115,100,100527,100,100084,200,100587,100,100067,100,100594,100,100015,100,100629,100,100010,100
2019-06-28 10:04:10.000000000,100294,598,100255,698,100319,200,100237,100,100384,100,100191,200,100473,100,100184,100,100490,100,100138,200,100516,100,100115,100,100527,100,100084,200,100587,100,100067,100,100594,100,100015,100,100629,100,100010,100
2019-06-28 10:04:11.767012194,100294,598,100256,100,100319,200,100255,598,100384,100,100237,100,100473,100,100191,200,100490,100,100184,100,100516,100,100138,200,100527,100,100115,100,100587,100,100084,200,100594,100,100067,100,100629,100,100015,100
2019-06-28 10:04:14.681791805,100294,498,100256,100,100319,200,100255,598,100384,100,100237,100,100473,100,100191,200,100490,100,100184,100,100516,100,100138,200,100527,100,100115,100,100587,100,100084,200,100594,100,100067,100,100629,100,100015,100
2019-06-28 10:04:20.000000000,100319,324,100256,224,100384,224,100255,224,100473,224,100237,224,100490,224,100191,324,100516,100,100184,100,100527,100,100138,200,100587,100,100115,100,100594,100,100084,200,100629,100,100067,100,100719,100,100015,100
2019-06-28 10:04:21.732424672,100319,224,100256,224,100384,224,100255,224,100473,224,100237,224,100490,224,100191,224,100516,100,100184,100,100527,100,100138,200,100587,100,100115,100,100594,100,100084,200,100629,100,100067,100,100719,100,100015,100
2019-06-28 10:04:30.000000000,100319,349,100256,349,100384,349,100255,349,100473,100,100237,100,100490,100,100191,100,100516,100,100184,100,100527,100,100138,200,100587,100,100115,100,100594,100,100084,200,100629,100,100067,100,100719,100,100015,100
2019-06-28 10:04:40.000000000,100319,269,100256,269,100384,264,100255,264,100473,264,100237,264,100490,100,100191,100,100516,100,100184,100,100527,100,100138,200,100587,100,100115,100,100594,100,100084,200,100629,100,100067,100,100719,100,100015,100
2019-06-28 10:04:50.000000000,100319,598,100256,598,100384,100,100255,100,100473,100,100237,100,100490,100,100191,100,100516,100,100184,100,100527,100,100138,200,100587,100,100115,100,100594,100,100084,200,100629,100,100067,100,100719,100,100015,100
2019-06-28 10:05:00.000000000,100319,269,100256,269,100384,264,100255,264,100473,264,100237,264,100490,100,100191,100,100516,100,100184,100,100527,100,100138,200,100587,100,100115,100,100594,100,100084,200,100629,100,100067,100,100719,100,100015,100
2019-06-28 10:05:10.000000000,100319,224,100256,224,100384,224,100255,224,100473,224,100237,224,100490,224,100191,224,100516,100,100184,100,100527,100,100138,200,100587,100,100115,100,100594,100,100084,200,100629,100,100067,100,100719,100,100015,100
2019-06-28 10:05:16.492112638,100319,124,100256,224,100384,224,100255,224,100473,224,100237,224,100490,224,100191,224,100516,100,100184,100,100527,100,100138,200,100587,100,100115,100,100594,100,100084,200,100629,100,100067,100,100719,100,100015,100
2019-06-28 10:05:20.000000000,100384,269,100256,269,100473,264,100255,264,100490,264,100237,264,100516,100,100191,100,100527,100,100184,100,100587,100,100138,200,100594,100,100115,100,100629,100,100084,200,100719,100,100067,100,100894,100,100015,100
2019-06-28 10:05:30.000000000,100384,224,100256,224,100473,224,100255,224,100490,224,100237,224,100516,224,100191,224,100527,100,100184,100,100587,100,100138,200,100594,100,100115,100,100629,100,100084,200,100719,100,100067,100,100894,100,100015,100
2019-06-28 10:05:36.941701178,100384,224,100319,100,100473,224,100256,224,100490,224,100255,224,100516,224,100237,224,100527,100,100191,224,100587,100,100184,100,100594,100,100138,200,100629,100,100115,100,100719,100,100084,200,100894,100,100067,100
2019-06-28 10:05:40.000000000,100384,200,100319,200,100473,200,100256,200,100490,200,100255,200,100516,200,100237,200,100527,200,100191,200,100587,100,100184,100,100594,100,100138,200,100629,100,100115,100,100719,100,100084,200,100894,100,100067,100
2019-06-28 10:05:50.000000000,100384,598,100319,598,100473,100,100256,100,100490,100,100255,100,100516,100,100237,100,100527,100,100191,100,100587,100,100184,100,100594,100,100138,200,100629,100,100115,100,100719,100,100084,200,100894,100,100067,100
2019-06-28 10:06:00.000000000,100384,598,100319,598,100473,100,100256,100,100490,100,100255,100,100516,100,100237,100,100527,100,100191,100,100587,100,100184,100,100594,100,100138,200,100629,100,100115,100,100719,100,100084,200,100894,100,100067,100
2019-06-28 10:06:10.000000000,100384,598,100319,598,100473,100,100256,100,100490,100,100255,100,100516,100,100237,100,100527,100,100191,100,100587,100,100184,100,100594,100,100138,200,100629,100,100115,100,100719,100,100084,200,100894,100,100067,100
2019-06-28 10:06:10.403272724,100384,598,100319,598,100473,100,100256,100,100490,100,100255,100,100516,100,100237,100,100527,100,100191,100,100587,100,100184,100,100594,100,100138,200,100629,100,100115,100,100719,100,100084,200,100894,100,100067,100
2019-06-28 10:06:10.934651549,100384,598,100319,598,100473,100,100256,100,100490,100,100255,100,100516,100,100237,100,100527,100,100191,100,100587,100,100184,100,100594,100,100138,100,100629,100,100115,100,100719,100,100084,200,100894,100,100067,100
2019-06-28 10:06:19.243556968,100384,598,100319,598,100473,100,100256,100,100490,100,100255,100,100516,100,100191,100,100527,100,100184,100,100587,100,100138,100,100594,100,100115,100,100629,100,100084,200,100719,100,100067,100,100894,100,100015,100
2019-06-28 10:06:20.000000000,100384,269,100319,269,100473,264,100256,264,100490,264,100255,264,100516,100,100191,100,100527,100,100184,100,100587,100,100138,100,100594,100,100115,100,100629,100,100084,200,100719,100,100067,100,100894,100,100015,100
2019-06-28 10:06:21.534146811,100384,169,100319,269,100473,264,100256,264,100490,264,100255,264,100516,100,100191,100,100527,100,100184,100,100587,100,100138,100,100594,100,100115,100,100629,100,100084,200,100719,100,100067,100,100894,100,100015,100
2019-06-28 10:06:25.116035339,100384,169,100320,100,100473,264,100319,269,100490,264,100256,264,100516,100,100255,264,100527,100,100191,100,100587,100,100184,100,100594,100,100138,100,100629,100,100115,100,100719,100,100084,200,100894,100,100067,100
2019-06-28 10:06:30.000000000,100473,200,100320,200,100490,200,100319,200,100516,200,100256,200,100527,200,100255,200,100587,200,100191,200,100594,100,100184,100,100629,100,100138,100,100719,100,100115,100,100894,100,100084,200,101624,100,100067,100
2019-06-28 10:06:40.000000000,100473,224,100320,224,100490,224,100319,224,100516,224,100256,224,100527,224,100255,224,100587,100,100191,100,100594,100,100184,100,100629,100,100138,100,100719,100,100115,100,100894,100,100084,200,101624,100,100067,100
2019-06-28 10:06:50.000000000,100473,224,100320,224,100490,224,100319,224,100516,224,100256,224,100527,224,100255,224,100587,100,100191,100,100594,100,100184,100,100629,100,100138,100,100719,100,100115,100,100894,100,100084,200,101624,100,100067,100
2019-06-28 10:06:58.105953289,100473,224,100320,224,100490,224,100319,224,100516,224,100256,224,100527,224,100255,224,100594,100,100191,100,100629,100,100184,100,100719,100,100138,100,100894,100,100115,100,101292,100,100084,200,101624,100,100067,100
2019-06-28 10:07:00.000000000,100473,349,100320,349,100490,349,100319,349,100516,100,100256,100,100527,100,100255,100,100594,100,100191,100,100629,100,100184,100,100719,100,100138,100,100894,100,100115,100,101292,100,100084,200,101624,100,100067,100
2019-06-28 10:07:10.000000000,100473,200,100320,200,100490,200,100319,200,100516,200,100256,200,100527,200,100255,200,100594,200,100191,200,100629,100,100184,100,100719,100,100138,100,100894,100,100115,100,101292,100,100084,200,101624,100,100067,100
2019-06-28 10:07:15.900226309,100473,100,100320,200,100490,200,100319,200,100516,200,100256,200,100527,200,100255,200,100594,200,100191,200,100629,100,100184,100,100719,100,100138,100,100894,100,100115,100,101292,100,100084,200,101624,100,100067,100
2019-06-28 10:07:17.255796216,100473,100,100320,200,100490,200,100319,200,100516,200,100256,200,100527,200,100255,200,100594,200,100191,200,100629,100,100184,100,100719,100,100138,100,100894,100,100115,100,101292,100,100084,200,101622,100,100067,100
2019-06-28 10:07:20.000000000,100490,224,100320,224,100516,224,100319,224,100527,224,100256,224,100594,224,100255,224,100629,100,100191,100,100719,100,100184,100,100894,100,100138,100,101292,100,100115,100,101622,100,100084,200,101624,100,100067,100
2019-06-28 10:07:24.736306958,100490,224,100320,224,100516,224,100319,224,100527,224,100256,224,100594,224,100255,224,100629,100,100191,100,100719,100,100184,100,100894,100,100138,100,101071,100,100115,100,101292,100,100084,200,101622,100,100067,100
2019-06-28 10:07:30.000000000,100490,269,100320,269,100516,264,100319,264,100527,264,100256,264,100594,100,100255,100,100629,100,100191,100,100719,100,100184,100,100894,100,100138,100,101071,100,100115,100,101292,100,100084,200,101622,100,100067,100
