,ask_price_1,ask_size_1,bid_price_1,bid_size_1,ask_price_2,ask_size_2,bid_price_2,bid_size_2,ask_price_3,ask_size_3,bid_price_3,bid_size_3,ask_price_4,ask_size_4,bid_price_4,bid_size_4,ask_price_5,ask_size_5,bid_price_5,bid_size_5,ask_price_6,ask_size_6,bid_price_6,bid_size_6,ask_price_7,ask_size_7,bid_price_7,bid_size_7,ask_price_8,ask_size_8,bid_price_8,bid_size_8,ask_price_9,ask_size_9,bid_price_9,bid_size_9,ask_price_10,ask_size_10,bid_price_10,bid_size_10
2019-06-28 09:30:00.000000000,,,99945,100,,,,,,,,,,,,,,,,,,,,,,,,,,,,,,,,,,,,
2019-06-28 09:30:00.000000002,,,100077,100,,,99945,100,,,,,,,,,,,,,,,,,,,,,,,,,,,,,,,,
2019-06-28 09:30:00.000000004,,,100077,100,,,99962,100,,,99945,100,,,,,,,,,,,,,,,,,,,,,,,,,,,,
2019-06-28 09:30:00.000000005,,,99962,100,,,99945,100,,,99827,100,,,,,,,,,,,,,,,,,,,,,,,,,,,,
2019-06-28 09:30:00.000000011,,,99962,100,,,99945,100,,,99858,100,,,99827,100,,,,,,,,,,,,,,,,,,,,,,,,
2019-06-28 09:30:00.000000012,100094,100,100004,100,,,99962,100,,,99945,100,,,99903,100,,,99858,100,,,99827,100,,,,,,,,,,,,,,,,
2019-06-28 09:30:00.000000013,100088,100,100043,100,100094,100,100004,100,,,99962,100,,,99950,100,,,99945,100,,,99903,100,,,99858,100,,,99827,100,,,,,,,,
2019-06-28 09:30:00.000000018,100088,100,100004,100,100094,100,99962,100,,,99950,100,,,99945,100,,,99903,100,,,99858,100,,,99827,100,,,,,,,,,,,,
2019-06-28 09:30:00.000000019,100088,100,100004,100,100094,100,99962,100,,,99950,100,,,99945,100,,,99903,100,,,99872,100,,,99858,100,,,99827,100,,,,,,,,
2019-06-28 09:30:00.000000022,100088,100,100004,100,100094,100,99962,100,,,99950,100,,,99945,100,,,99903,100,,,99872,100,,,99858,100,,,99827,100,,,99802,100,,,,
2019-06-28 09:30:00.000000023,99983,100,99962,100,100088,100,99950,100,100094,100,99945,100,,,99903,100,,,99872,100,,,99858,100,,,99827,100,,,99802,100,,,,,,,,
2019-06-28 09:30:00.000000024,100004,100,99962,100,100088,100,99950,100,100094,100,99945,100,,,99903,100,,,99872,100,,,99858,100,,,99827,100,,,99802,100,,,,,,,,
2019-06-28 09:30:00.000000026,100004,100,99983,100,100088,100,99962,100,100094,100,99950,100,,,99945,100,,,99903,100,,,99872,100,,,99858,100,,,99827,100,,,99802,100,,,,
2019-06-28 09:30:00.000000027,100039,100,99983,100,100088,100,99962,100,100094,100,99950,100,,,99945,100,,,99903,100,,,99872,100,,,99858,100,,,99827,100,,,99802,100,,,,
2019-06-28 09:30:00.000000028,100039,100,99983,100,100053,100,99962,100,100088,100,99950,100,100094,100,99945,100,,,99903,100,,,99872,100,,,99858,100,,,99827,100,,,99802,100,,,,
2019-06-28 09:30:00.000000035,100039,100,99983,100,100053,100,99962,100,100088,100,99950,100,100094,100,99945,100,,,99905,100,,,99903,100,,,99872,100,,,99858,100,,,99827,100,,,99802,100
2019-06-28 09:30:00.000000041,100020,100,99983,100,100039,100,99962,100,100053,100,99950,100,100088,100,99945,100,100094,100,99905,100,,,99903,100,,,99872,100,,,99858,100,,,99827,100,,,99802,100
2019-06-28 09:30:00.000000043,100020,100,100010,100,100039,100,99983,100,100053,100,99962,100,100088,100,99950,100,100094,100,99945,100,,,99905,100,,,99903,100,,,99872,100,,,99858,100,,,99827,100
2019-06-28 09:30:00.000000044,100020,100,99983,100,100039,100,99962,100,100053,100,99950,100,100088,100,99945,100,100094,100,99905,100,,,99903,100,,,99872,100,,,99858,100,,,99827,100,,,99802,100
2019-06-28 09:30:00.000000045,100020,100,99962,100,100039,100,99960,100,100053,100,99950,100,100088,100,99945,100,100094,100,99905,100,,,99903,100,,,99872,100,,,99858,100,,,99827,100,,,99802,100
2019-06-28 09:30:00.000000048,100020,100,99962,100,100033,100,99960,100,100039,100,99950,100,100053,100,99945,100,100088,100,99905,100,100094,100,99903,100,,,99872,100,,,99858,100,,,99827,100,,,99802,100
2019-06-28 09:30:00.000000054,100020,100,99963,100,100033,100,99962,100,100039,100,99960,100,100053,100,99950,100,100088,100,99945,100,100094,100,99905,100,,,99903,100,,,99872,100,,,99858,100,,,99827,100
2019-06-28 09:30:00.000000055,100020,100,99963,100,100033,100,99962,100,100039,100,99960,100,100053,100,99950,100,100088,100,99945,100,100094,100,99905,100,,,99903,100,,,99872,100,,,99869,100,,,99858,100
2019-06-28 09:30:00.000000057,100020,100,99963,100,100033,100,99962,100,100039,100,99960,100,100053,100,99950,100,100088,100,99945,100,100094,100,99905,100,100129,100,99903,100,,,99872,100,,,99869,100,,,99858,100
2019-06-28 09:30:00.000000058,100020,100,99963,100,100033,100,99962,100,100039,100,99960,100,100053,100,99950,100,100088,100,99945,100,100094,100,99905,100,100129,100,99903,100,,,99872,100,,,99869,100,,,99862,100
2019-06-28 09:30:00.000000059,100010,100,99963,100,100020,100,99962,100,100033,100,99960,100,100039,100,99950,100,100053,100,99945,100,100088,100,99927,100,100094,100,99905,100,100129,100,99903,100,,,99872,100,,,99869,100
2019-06-28 09:30:00.000000060,100010,100,99963,100,100020,100,99962,100,100033,100,99960,100,100039,100,99950,100,100053,100,99945,100,100069,100,99927,100,100088,100,99905,100,100094,100,99903,100,100129,100,99872,100,,,99869,100
2019-06-28 09:30:00.000000062,100020,100,99963,100,100033,100,99962,100,100039,100,99960,100,100053,100,99950,100,100069,100,99945,100,100088,100,99927,100,100094,100,99905,100,100129,100,99903,100,,,99872,100,,,99869,100
2019-06-28 09:30:00.000000063,100020,100,99983,200,100033,100,99963,100,100039,100,99962,100,100053,100,99960,100,100063,100,99950,100,100069,100,99945,100,100088,100,99927,100,100094,100,99905,100,100129,100,99903,100,,,99872,100
2019-06-28 09:30:00.000000065,100033,100,99983,200,100039,100,99963,100,100053,100,99962,100,100058,100,99960,100,100063,100,99950,100,100069,100,99945,100,100088,100,99927,100,100094,100,99905,100,100129,100,99903,100,,,99872,100
2019-06-28 09:30:00.000000067,100033,100,99983,200,100039,100,99973,100,100053,100,99963,100,100055,100,99962,100,100058,100,99960,100,100063,100,99950,100,100069,100,99945,100,100088,100,99927,100,100094,100,99905,100,100129,100,99903,100
2019-06-28 09:30:00.000000069,100033,100,99983,200,100039,100,99973,100,100053,100,99963,100,100055,100,99962,100,100058,100,99960,100,100063,100,99950,100,100069,100,99945,100,100088,100,99927,100,100094,100,99905,100,100129,100,99903,100
2019-06-28 09:30:00.000000074,100033,100,99983,200,100039,100,99973,100,100053,100,99963,100,100055,100,99962,100,100058,100,99960,100,100063,100,99950,100,100069,100,99945,100,100088,100,99927,200,100094,100,99905,100,100129,100,99903,100
2019-06-28 09:30:00.000000079,100033,100,99983,200,100039,100,99973,100,100053,100,99963,100,100055,100,99962,100,100058,100,99960,100,100063,100,99950,100,100069,100,99945,100,100088,100,99927,200,100094,100,99905,100,100129,100,99903,100
2019-06-28 09:30:00.000000080,100033,100,100001,100,100039,100,99983,200,100053,100,99973,100,100055,100,99963,100,100058,100,99962,100,100063,100,99960,100,100069,100,99950,100,100088,100,99945,100,100094,100,99927,200,100129,100,99905,100
2019-06-28 09:30:00.000000081,100033,100,99983,200,100039,100,99973,100,100053,100,99963,100,100055,100,99962,100,100058,100,99960,100,100063,100,99950,100,100069,100,99945,100,100088,100,99927,200,100094,100,99905,100,100129,100,99903,100
2019-06-28 09:30:00.000000082,100033,100,100001,100,100039,100,99983,200,100053,100,99973,100,100055,100,99963,100,100058,100,99962,100,100063,100,99960,100,100069,100,99950,100,100088,100,99945,100,100094,100,99927,200,100129,100,99905,100
2019-06-28 09:30:00.000000084,100033,100,100001,100,100039,100,99999,100,100053,100,99983,200,100055,100,99973,100,100058,100,99963,100,100063,100,99962,100,100069,100,99960,100,100071,100,99950,100,100088,100,99945,100,100094,100,99927,200
2019-06-28 09:30:00.000000087,100033,100,100001,100,100039,100,99999,100,100053,100,99983,200,100055,100,99973,100,100058,100,99963,100,100063,100,99962,100,100069,100,99960,100,100071,100,99950,100,100088,100,99945,100,100094,100,99927,200
2019-06-28 09:30:00.000000092,100033,100,100001,100,100039,100,99999,100,100053,100,99983,200,100055,100,99973,100,100058,100,99963,100,100063,100,99962,100,100069,100,99960,100,100071,100,99950,100,100088,100,99945,100,100094,100,99927,200
2019-06-28 09:30:00.000000095,100033,100,100001,100,100039,100,99999,100,100053,100,99983,200,100055,100,99973,100,100058,100,99963,100,100063,100,99962,100,100069,100,99960,100,100071,100,99950,100,100078,100,99945,100,100088,100,99927,200
2019-06-28 09:30:00.000000097,100033,100,100001,100,100039,100,99999,100,100044,100,99983,200,100053,100,99973,100,100055,100,99963,100,100058,100,99962,100,100063,100,99960,100,100069,100,99950,100,100071,100,99945,100,100078,100,99927,200
2019-06-28 09:30:05.925204462,100033,100,100001,100,100039,100,99999,100,100044,100,99983,200,100053,100,99973,100,100055,100,99963,100,100058,100,99962,100,100063,100,99960,100,100069,100,99950,100,100071,100,99945,100,100078,100,99927,200
2019-06-28 09:30:10.000000000,100033,548,100001,548,100039,100,99999,100,100044,100,99983,200,100053,100,99973,100,100055,100,99963,100,100058,100,99962,100,100063,100,99960,100,100069,100,99950,100,100071,100,99945,100,100078,100,99927,200
2019-06-28 09:30:20.000000000,100033,190,100001,190,100039,190,99999,190,100044,190,99983,290,100053,190,99973,190,100055,190,99963,190,100058,100,99962,100,100063,100,99960,100,100069,100,99950,100,100071,100,99945,100,100078,100,99927,200
2019-06-28 09:30:26.125357357,100033,190,100001,90,100039,190,99999,190,100044,190,99983,290,100053,190,99973,190,100055,190,99963,190,100058,100,99962,100,100063,100,99960,100,100069,100,99950,100,100071,100,99945,100,100078,100,99927,200
2019-06-28 09:30:30.000000000,100033,190,99999,190,100039,190,99983,290,100044,190,99973,190,100053,190,99963,190,100055,190,99962,190,100058,100,99960,100,100063,100,99950,100,100069,100,99945,100,100071,100,99927,200,100078,100,99905,100
2019-06-28 09:30:38.729108821,100033,190,99999,90,100039,190,99983,290,100044,190,99973,190,100053,190,99963,190,100055,190,99962,190,100058,100,99960,100,100063,100,99950,100,100069,100,99945,100,100071,100,99927,200,100078,100,99905,100
2019-06-28 09:30:40.000000000,100033,324,99983,424,100039,324,99973,324,100044,100,99963,100,100053,100,99962,100,100055,100,99960,100,100058,100,99950,100,100063,100,99945,100,100069,100,99927,200,100071,100,99905,100,100078,100,99903,100
2019-06-28 09:30:50.000000000,100033,190,99983,290,100039,190,99973,190,100044,190,99963,190,100053,190,99962,190,100055,190,99960,190,100058,100,99950,100,100063,100,99945,100,100069,100,99927,200,100071,100,99905,100,100078,100,99903,100
2019-06-28 09:31:00.000000000,100033,212,99983,312,100039,212,99973,212,100044,212,99963,212,100053,212,99962,212,100055,100,99960,100,100058,100,99950,100,100063,100,99945,100,100069,100,99927,200,100071,100,99905,100,100078,100,99903,100
2019-06-28 09:31:02.426186226,100001,100,99983,312,100033,212,99973,212,100039,212,99963,212,100044,212,99962,212,100053,212,99960,100,100055,100,99950,100,100058,100,99945,100,100063,100,99927,200,100069,100,99905,100,100071,100,99903,100
2019-06-28 09:31:10.000000000,100001,252,99983,352,100033,248,99973,248,100039,248,99963,248,100044,100,99962,100,100053,100,99960,100,100055,100,99950,100,100058,100,99945,100,100063,100,99927,200,100069,100,99905,100,100071,100,99903,100
2019-06-28 09:31:20.000000000,100001,548,99983,648,100033,100,99973,100,100039,100,99963,100,100044,100,99962,100,100053,100,99960,100,100055,100,99950,100,100058,100,99945,100,100063,100,99927,200,100069,100,99905,100,100071,100,99903,100
2019-06-28 09:31:30.000000000,100001,190,99983,290,100033,190,99973,190,100039,190,99963,190,100044,190,99962,190,100053,190,99960,190,100055,100,99950,100,100058,100,99945,100,100063,100,99927,200,100069,100,99905,100,100071,100,99903,100
2019-06-28 09:31:34.464453567,100001,90,99983,290,100033,190,99973,190,100039,190,99963,190,100044,190,99962,190,100053,190,99960,190,100055,100,99950,100,100058,100,99945,100,100063,100,99927,200,100069,100,99905,100,100071,100,99903,100
2019-06-28 09:31:40.000000000,100033,548,99983,648,100039,100,99973,100,100044,100,99963,100,100053,100,99962,100,100055,100,99960,100,100058,100,99950,100,100063,100,99945,100,100069,100,99927,200,100071,100,99905,100,100078,100,99903,100
2019-06-28 09:31:50.000000000,100033,212,99983,312,100039,212,99973,212,100044,212,99963,212,100053,212,99962,212,100055,100,99960,100,100058,100,99950,100,100063,100,99945,100,100069,100,99927,200,100071,100,99905,100,100078,100,99903,100
2019-06-28 09:31:50.209871166,100000,100,99983,312,100033,212,99973,212,100039,212,99963,212,100044,212,99962,212,100053,212,99960,100,100055,100,99950,100,100058,100,99945,100,100063,100,99927,200,100069,100,99905,100,100071,100,99903,100
2019-06-28 09:31:56.136929144,100000,100,99983,312,100021,100,99973,212,100033,212,99963,212,100039,212,99962,212,100044,212,99960,100,100053,212,99950,100,100055,100,99945,100,100058,100,99927,200,100063,100,99905,100,100069,100,99903,100
2019-06-28 09:32:00.000000000,100000,190,99983,290,100021,190,99973,190,100033,190,99963,190,100039,190,99962,190,100044,190,99960,190,100053,100,99950,100,100055,100,99945,100,100058,100,99927,200,100063,100,99905,100,100069,100,99903,100
2019-06-28 09:32:09.069926511,100000,190,99983,190,100021,190,99973,190,100033,190,99963,190,100039,190,99962,190,100044,190,99960,190,100053,100,99950,100,100055,100,99945,100,100058,100,99927,200,100069,100,99905,100,100071,100,99903,100
2019-06-28 09:32:10.000000000,100000,252,99983,252,100021,248,99973,248,100033,248,99963,248,100039,100,99962,100,100044,100,99960,100,100053,100,99950,100,100055,100,99945,100,100058,100,99927,200,100069,100,99905,100,100071,100,99903,100
2019-06-28 09:32:15.978809733,100000,252,99983,252,100021,248,99973,248,100033,248,99963,248,100044,100,99962,100,100053,100,99960,100,100055,100,99950,100,100058,100,99945,100,100069,100,99927,200,100071,100,99905,100,100078,100,99903,100
2019-06-28 09:32:20.000000000,100000,252,99983,252,100021,248,99973,248,100033,248,99963,248,100044,100,99962,100,100053,100,99960,100,100055,100,99950,100,100058,100,99945,100,100069,100,99927,200,100071,100,99905,100,100078,100,99903,100
2019-06-28 09:32:30.000000000,100000,190,99983,190,100021,190,99973,190,100033,190,99963,190,100044,190,99962,190,100053,190,99960,190,100055,100,99950,100,100058,100,99945,100,100069,100,99927,200,100071,100,99905,100,100078,100,99903,100
2019-06-28 09:32:40.000000000,100000,252,99983,252,100021,248,99973,248,100033,248,99963,248,100044,100,99962,100,100053,100,99960,100,100055,100,99950,100,100058,100,99945,100,100069,100,99927,200,100071,100,99905,100,100078,100,99903,100
2019-06-28 09:32:41.310770213,100000,252,99983,252,100021,248,99973,248,100033,248,99963,248,100044,100,99962,100,100053,100,99960,100,100055,100,99950,100,100058,100,99945,100,100069,100,99927,200,100071,100,99905,100,100078,100,99903,100
2019-06-28 09:32:50.000000000,100000,324,99983,324,100021,324,99973,324,100033,100,99963,100,100044,100,99962,100,100053,100,99960,100,100055,100,99950,100,100058,100,99945,100,100069,100,99927,200,100071,100,99905,100,100078,100,99903,100
2019-06-28 09:33:00.000000000,100000,212,99983,212,100021,212,99973,212,100033,212,99963,212,100044,212,99962,212,100053,100,99960,100,100055,100,99950,100,100058,100,99945,100,100069,100,99927,200,100071,100,99905,100,100078,100,99903,100
2019-06-28 09:33:09.519603025,99999,100,99983,212,100000,212,99973,212,100021,212,99963,212,100033,212,99962,212,100044,212,99960,100,100053,100,99950,100,100055,100,99945,100,100058,100,99927,200,100069,100,99905,100,100071,100,99903,100
2019-06-28 09:33:10.000000000,99999,212,99983,212,100000,212,99973,212,100021,212,99963,212,100033,212,99962,212,100044,100,99960,100,100053,100,99950,100,100055,100,99945,100,100058,100,99927,200,100069,100,99905,100,100071,100,99903,100
2019-06-28 09:33:20.000000000,99999,190,99983,190,100000,190,99973,190,100021,190,99963,190,100033,190,99962,190,100044,190,99960,190,100053,100,99950,100,100055,100,99945,100,100058,100,99927,200,100069,100,99905,100,100071,100,99903,100
2019-06-28 09:33:30.000000000,99999,252,99983,252,100000,248,99973,248,100021,248,99963,248,100033,100,99962,100,100044,100,99960,100,100053,100,99950,100,100055,100,99945,100,100058,100,99927,200,100069,100,99905,100,100071,100,99903,100
2019-06-28 09:33:40.000000000,99999,212,99983,212,100000,212,99973,212,100021,212,99963,212,100033,212,99962,212,100044,100,99960,100,100053,100,99950,100,100055,100,99945,100,100058,100,99927,200,100069,100,99905,100,100071,100,99903,100
2019-06-28 09:33:48.060387902,99999,212,99983,112,100000,212,99973,212,100021,212,99963,212,100033,212,99962,212,100044,100,99960,100,100055,100,99950,100,100058,100,99945,100,100069,100,99927,200,100071,100,99905,100,100078,100,99903,100
2019-06-28 09:33:50.000000000,99999,548,99973,548,100000,100,99963,100,100021,100,99962,100,100033,100,99960,100,100044,100,99950,100,100055,100,99945,100,100058,100,99927,200,100069,100,99905,100,100071,100,99903,100,100078,100,99892,100
2019-06-28 09:33:53.167492502,99999,548,99973,448,100000,100,99963,100,100021,100,99962,100,100033,100,99960,100,100044,100,99950,100,100055,100,99945,100,100058,100,99927,200,100069,100,99905,100,100071,100,99903,100,100078,100,99892,100
2019-06-28 09:34:00.000000000,99999,548,99963,548,100000,100,99962,100,100021,100,99960,100,100033,100,99950,100,100044,100,99945,100,100055,100,99927,200,100058,100,99905,100,100069,100,99903,100,100071,100,99892,100,100078,100,99885,100
2019-06-28 09:34:10.000000000,99999,548,99963,548,100000,100,99962,100,100021,100,99960,100,100033,100,99950,100,100044,100,99945,100,100055,100,99927,200,100058,100,99905,100,100069,100,99903,100,100071,100,99892,100,100078,100,99885,100
2019-06-28 09:34:18.686398278,99999,548,99963,548,100000,100,99962,100,100021,100,99960,100,100033,100,99950,100,100044,100,99945,100,100055,100,99927,200,100058,100,99905,100,100069,100,99892,100,100071,100,99885,100,100078,100,99872,100
2019-06-28 09:34:20.000000000,99999,212,99963,212,100000,212,99962,212,100021,212,99960,212,100033,212,99950,212,100044,100,99945,100,100055,100,99927,200,100058,100,99905,100,100069,100,99892,100,100071,100,99885,100,100078,100,99872,100
2019-06-28 09:34:20.921036702,99983,100,99963,212,99999,212,99962,212,100000,212,99960,212,100021,212,99950,212,100033,212,99945,100,100044,100,99927,200,100055,100,99905,100,100058,100,99892,100,100069,100,99885,100,100071,100,99872,100
2019-06-28 09:34:23.832816019,99983,100,99963,112,99999,212,99962,212,100000,212,99960,212,100021,212,99950,212,100033,212,99945,100,100044,100,99927,200,100055,100,99905,100,100058,100,99892,100,100069,100,99885,100,100071,100,99872,100
2019-06-28 09:34:28.159125009,99983,100,99963,112,99999,212,99962,212,100000,212,99960,212,100021,212,99950,212,100033,212,99945,100,100044,100,99927,200,100055,100,99905,100,100058,100,99892,100,100069,100,99885,100,100071,100,99872,100
2019-06-28 09:34:30.000000000,99983,252,99962,252,99999,248,99960,248,100000,248,99950,248,100021,100,99945,100,100033,100,99927,200,100044,100,99905,100,100055,100,99892,100,100058,100,99885,100,100069,100,99872,100,100071,100,99860,100
2019-06-28 09:34:40.000000000,99983,324,99962,324,99999,324,99960,324,100000,100,99950,100,100021,100,99945,100,100033,100,99927,200,100044,100,99905,100,100055,100,99892,100,100058,100,99885,100,100069,100,99872,100,100071,100,99860,100
2019-06-28 09:34:45.304286685,99983,324,99962,224,99999,324,99960,324,100000,100,99950,100,100021,100,99945,100,100033,100,99927,200,100044,100,99905,100,100055,100,99892,100,100058,100,99885,100,100069,100,99872,100,100078,100,99860,100
2019-06-28 09:34:50.000000000,99983,212,99960,212,99999,212,99950,212,100000,212,99945,212,100021,212,99927,312,100033,100,99905,100,100044,100,99892,100,100055,100,99885,100,100058,100,99872,100,100069,100,99860,100,100078,100,99725,100
2019-06-28 09:35:00.000000000,99983,324,99960,324,99999,324,99950,324,100000,100,99945,100,100021,100,99927,200,100033,100,99905,100,100044,100,99892,100,100055,100,99885,100,100058,100,99872,100,100069,100,99860,100,100078,100,99725,100
2019-06-28 09:35:10.000000000,99983,190,99960,190,99999,190,99950,190,100000,190,99945,190,100021,190,99927,290,100033,190,99905,190,100044,100,99892,100,100055,100,99885,100,100058,100,99872,100,100069,100,99860,100,100078,100,99725,100
2019-06-28 09:35:13.789663408,99983,190,99960,90,99999,190,99950,190,100000,190,99945,190,100021,190,99927,290,100033,190,99905,190,100044,100,99892,100,100055,100,99885,100,100058,100,99872,100,100069,100,99860,100,100078,100,99307,100
2019-06-28 09:35:20.000000000,99983,190,99950,190,99999,190,99945,190,100000,190,99927,290,100021,190,99905,190,100033,190,99892,190,100044,100,99885,100,100055,100,99872,100,100058,100,99860,100,100069,100,99307,100,100078,100,99216,100
2019-06-28 09:35:30.000000000,99983,548,99950,548,99999,100,99945,100,100000,100,99927,200,100021,100,99905,100,100033,100,99892,100,100044,100,99885,100,100055,100,99872,100,100058,100,99860,100,100069,100,99307,100,100078,100,99216,100
2019-06-28 09:35:31.503493004,99962,100,99950,548,99983,548,99945,100,99999,100,99927,200,100000,100,99905,100,100021,100,99892,100,100033,100,99885,100,100044,100,99872,100,100055,100,99860,100,100058,100,99307,100,100069,100,99216,100
2019-06-28 09:35:34.760772510,99962,200,99950,548,99983,548,99945,100,99999,100,99927,200,100021,100,99905,100,100033,100,99892,100,100044,100,99885,100,100055,100,99872,100,100058,100,99860,100,100069,100,99307,100,100078,100,99216,100
2019-06-28 09:35:40.000000000,99962,352,99950,252,99983,248,99945,248,99999,248,99927,348,100021,100,99905,100,100033,100,99892,100,100044,100,99885,100,100055,100,99872,100,100058,100,99860,100,100069,100,99307,100,100078,100,99216,100
2019-06-28 09:35:50.000000000,99962,312,99950,212,99983,212,99945,212,99999,212,99927,312,100021,212,99905,212,100033,100,99892,100,100044,100,99885,100,100055,100,99872,100,100058,100,99860,100,100069,100,99307,100,100078,100,99216,100
2019-06-28 09:35:57.204385314,99962,312,99950,112,99983,212,99945,212,99999,212,99927,312,100021,212,99905,212,100033,100,99892,100,100044,100,99885,100,100055,100,99872,100,100058,100,99860,100,100069,100,99307,100,100078,100,99216,100
2019-06-28 09:36:00.000000000,99962,312,99945,212,99983,212,99927,312,99999,212,99905,212,100021,212,99892,212,100033,100,99885,100,100044,100,99872,100,100055,100,99860,100,100058,100,99307,100,100069,100,99216,100,100078,100,,
2019-06-28 09:36:10.000000000,99962,352,99945,252,99983,248,99927,348,99999,248,99905,248,100021,100,99892,100,100033,100,99885,100,100044,100,99872,100,100055,100,99860,100,100058,100,99307,100,100069,100,99216,100,100078,100,,
2019-06-28 09:36:16.319708411,99962,352,99945,152,99983,248,99927,348,99999,248,99905,248,100021,100,99892,100,100033,100,99885,100,100044,100,99872,100,100055,100,99860,100,100058,100,99307,100,100069,100,99216,100,100078,100,,
2019-06-28 09:36:16.760135276,99962,352,99945,52,99983,248,99927,348,99999,248,99905,248,100021,100,99892,100,100033,100,99885,100,100044,100,99872,100,100055,100,99860,100,100058,100,99307,100,100069,100,99216,100,100078,100,,
2019-06-28 09:36:20.000000000,99962,648,99927,648,99983,100,99905,100,99999,100,99892,100,100021,100,99885,100,100033,100,99872,100,100044,100,99860,100,100055,100,99307,100,100058,100,99216,100,100069,100,,,100078,100,,
2019-06-28 09:36:23.646827417,99962,648,99927,548,99983,100,99905,100,99999,100,99892,100,100021,100,99885,100,100033,100,99872,100,100044,100,99860,100,100055,100,99307,100,100058,100,99216,100,100069,100,,,100078,100,,
2019-06-28 09:36:25.818589955,99962,648,99927,548,99983,100,99905,100,99999,100,99892,100,100021,100,99885,100,100033,100,99872,100,100044,100,99860,100,100055,100,99307,100,100058,100,99216,100,100069,100,99034,100,100078,100,,
2019-06-28 09:36:27.888102695,99945,100,99927,548,99962,648,99905,100,99983,100,99892,100,99999,100,99885,100,100021,100,99872,100,100033,100,99860,100,100044,100,99307,100,100055,100,99216,100,100058,100,99034,100,100069,100,,
2019-06-28 09:36:30.000000000,99945,324,99927,324,99962,424,99905,324,99983,100,99892,100,99999,100,99885,100,100021,100,99872,100,100033,100,99860,100,100044,100,99307,100,100055,100,99216,100,100058,100,99034,100,100069,100,,
2019-06-28 09:36:40.000000000,99945,324,99927,324,99962,424,99905,324,99983,100,99892,100,99999,100,99885,100,100021,100,99872,100,100033,100,99860,100,100044,100,99307,100,100055,100,99216,100,100058,100,99034,100,100069,100,,
2019-06-28 09:36:50.000000000,99945,212,99927,212,99962,312,99905,212,99983,212,99892,212,99999,212,99885,212,100021,100,99872,100,100033,100,99860,100,100044,100,99307,100,100055,100,99216,100,100058,100,99034,100,100069,100,,
2019-06-28 09:37:00.000000000,99945,190,99927,190,99962,290,99905,190,99983,190,99892,190,99999,190,99885,190,100021,190,99872,190,100033,100,99860,100,100044,100,99307,100,100055,100,99216,100,100058,100,99034,100,100069,100,,
2019-06-28 09:37:10.000000000,99945,252,99927,252,99962,348,99905,248,99983,248,99892,248,99999,100,99885,100,100021,100,99872,100,100033,100,99860,100,100044,100,99307,100,100055,100,99216,100,100058,100,99034,100,100069,100,,
2019-06-28 09:37:20.000000000,99945,548,99927,548,99962,200,99905,100,99983,100,99892,100,99999,100,99885,100,100021,100,99872,100,100033,100,99860,100,100044,100,99307,100,100055,100,99216,100,100058,100,99034,100,100069,100,,
2019-06-28 09:37:30.000000000,99945,548,99927,548,99962,200,99905,100,99983,100,99892,100,99999,100,99885,100,100021,100,99872,100,100033,100,99860,100,100044,100,99307,100,100055,100,99216,100,100058,100,99034,100,100069,100,,
2019-06-28 09:37:36.442300456,99945,448,99927,548,99962,200,99905,100,99983,100,99892,100,99999,100,99885,100,100021,100,99872,100,100033,100,99860,100,100044,100,99307,100,100055,100,99216,100,100058,100,99034,100,100069,100,,
2019-06-28 09:37:40.000000000,99962,648,99927,548,99983,100,99905,100,99999,100,99892,100,100021,100,99885,100,100033,100,99872,100,100044,100,99860,100,100055,100,99307,100,100058,100,99216,100,100069,100,99034,100,100078,100,,
2019-06-28 09:37:49.693839794,99962,648,99928,100,99983,100,99927,548,99999,100,99905,100,100021,100,99892,100,100033,100,99885,100,100044,100,99872,100,100055,100,99860,100,100058,100,99307,100,100069,100,99216,100,100078,100,99034,100
2019-06-28 09:37:50.000000000,99962,424,99928,324,99983,324,99927,324,99999,100,99905,100,100021,100,99892,100,100033,100,99885,100,100044,100,99872,100,100055,100,99860,100,100058,100,99307,100,100069,100,99216,100,100078,100,99034,100
2019-06-28 09:37:56.746329365,99962,424,99928,424,99983,324,99927,324,99999,100,99905,100,100021,100,99892,100,100033,100,99885,100,100044,100,99872,100,100055,100,99860,100,100058,100,99307,100,100069,100,99216,100,100078,100,99034,100
2019-06-28 09:38:00.000000000,99962,312,99928,312,99983,212,99927,212,99999,212,99905,212,100021,212,99892,212,100033,100,99885,100,100044,100,99872,100,100055,100,99860,100,100058,100,99307,100,100069,100,99216,100,100078,100,99034,100
2019-06-28 09:38:10.000000000,99962,648,99928,648,99983,100,99927,100,99999,100,99905,100,100021,100,99892,100,100033,100,99885,100,100044,100,99872,100,100055,100,99860,100,100058,100,99307,100,100069,100,99216,100,100078,100,99034,100
2019-06-28 09:38:20.000000000,99962,352,99928,352,99983,248,99927,248,99999,248,99905,248,100021,100,99892,100,100033,100,99885,100,100044,100,99872,100,100055,100,99860,100,100058,100,99307,100,100069,100,99216,100,100078,100,99034,100
2019-06-28 09:38:30.000000000,99962,312,99928,312,99983,212,99927,212,99999,212,99905,212,100021,212,99892,212,100033,100,99885,100,100044,100,99872,100,100055,100,99860,100,100058,100,99307,100,100069,100,99216,100,100078,100,99034,100
2019-06-28 09:38:33.080562470,99962,312,99928,312,99983,212,99927,212,99999,212,99905,212,100021,212,99892,212,100033,100,99885,100,100044,100,99872,100,100055,100,99860,100,100058,100,99307,100,100069,100,99216,100,100078,100,99034,100
2019-06-28 09:38:40.000000000,99962,648,99928,648,99983,100,99927,100,99999,100,99905,100,100021,100,99892,100,100033,100,99885,100,100044,100,99872,100,100055,100,99860,100,100058,100,99307,100,100069,100,99216,100,100078,100,99034,100
2019-06-28 09:38:50.000000000,99962,424,99928,424,99983,324,99927,324,99999,100,99905,100,100021,100,99892,100,100033,100,99885,100,100044,100,99872,100,100055,100,99860,100,100058,100,99307,100,100069,100,99216,100,100078,100,99034,100
2019-06-28 09:38:50.034707246,99962,324,99928,424,99983,324,99927,324,99999,100,99905,100,100021,100,99892,100,100033,100,99885,100,100044,100,99872,100,100055,100,99860,100,100058,100,99307,100,100069,100,99216,100,100078,100,99034,100
2019-06-28 09:38:59.335785432,99962,224,99928,424,99983,324,99927,324,99999,100,99905,100,100021,100,99892,100,100033,100,99885,100,100044,100,99860,100,100055,100,99307,100,100058,100,99216,100,100069,100,99034,100,100078,100,,
2019-06-28 09:39:00.000000000,99983,324,99928,424,99999,324,99927,324,100021,100,99905,100,100033,100,99892,100,100044,100,99885,100,100055,100,99860,100,100058,100,99307,100,100069,100,99216,100,100078,100,99034,100,100088,100,,
2019-06-28 09:39:05.648900297,99983,224,99928,424,99999,324,99927,324,100021,100,99905,100,100033,100,99892,100,100044,100,99885,100,100055,100,99860,100,100058,100,99307,100,100069,100,99216,100,100078,100,99034,100,100088,100,,
2019-06-28 09:39:10.000000000,99999,548,99928,648,100021,100,99927,100,100033,100,99905,100,100044,100,99892,100,100055,100,99885,100,100058,100,99860,100,100069,100,99307,100,100078,100,99216,100,100088,100,99034,100,100129,100,,
2019-06-28 09:39:20.000000000,99999,324,99928,424,100021,324,99927,324,100033,100,99905,100,100044,100,99892,100,100055,100,99885,100,100058,100,99860,100,100069,100,99307,100,100078,100,99216,100,100088,100,99034,100,100129,100,,
2019-06-28 09:39:30.000000000,99999,212,99928,312,100021,212,99927,212,100033,212,99905,212,100044,212,99892,212,100055,100,99885,100,100058,100,99860,100,100069,100,99307,100,100078,100,99216,100,100088,100,99034,100,100129,100,,
2019-06-28 09:39:39.578410769,99999,112,99928,312,100021,212,99927,212,100033,212,99905,212,100044,212,99892,212,100055,100,99885,100,100058,100,99860,100,100069,100,99307,100,100088,100,99216,100,100129,100,99034,100,100133,100,,
2019-06-28 09:39:40.000000000,100021,190,99928,290,100033,190,99927,190,100044,190,99905,190,100055,190,99892,190,100058,190,99885,190,100069,100,99860,100,100088,100,99307,100,100129,100,99216,100,100133,100,99034,100,100181,100,,
2019-06-28 09:39:42.666116927,100021,90,99928,290,100033,190,99927,190,100044,190,99905,190,100055,190,99892,190,100058,190,99885,190,100069,100,99860,100,100088,100,99307,100,100129,100,99216,100,100133,100,99034,100,100181,100,,
2019-06-28 09:39:46.589135841,100033,190,100021,10,100044,190,99928,290,100055,190,99927,190,100058,190,99905,190,100069,100,99892,190,100088,100,99885,190,100129,100,99860,100,100133,100,99307,100,100181,100,99216,100,100243,100,99034,100
2019-06-28 09:39:50.000000000,100033,324,100021,234,100044,324,99928,424,100055,100,99927,100,100058,100,99905,100,100069,100,99892,100,100088,100,99885,100,100129,100,99860,100,100133,100,99307,100,100181,100,99216,100,100243,100,99034,100
2019-06-28 09:40:00.000000000,100033,252,100021,162,100044,248,99928,348,100055,248,99927,248,100058,100,99905,100,100069,100,99892,100,100088,100,99885,100,100129,100,99860,100,100133,100,99307,100,100181,100,99216,100,100243,100,99034,100
2019-06-28 09:40:08.839906933,100033,252,100021,162,100044,248,99928,348,100055,248,99927,248,100058,100,99905,100,100069,100,99892,100,100088,100,99885,100,100129,100,99860,100,100133,100,99307,100,100181,100,99216,100,100243,100,99034,100
2019-06-28 09:40:10.000000000,100033,212,100021,122,100044,212,99928,312,100055,212,99927,212,100058,212,99905,212,100069,100,99892,100,100088,100,99885,100,100129,100,99860,100,100133,100,99307,100,100181,100,99216,100,100243,100,99034,100
2019-06-28 09:40:20.000000000,100033,252,100021,162,100044,248,99928,348,100055,248,99927,248,100058,100,99905,100,100069,100,99892,100,100088,100,99885,100,100129,100,99860,100,100133,100,99307,100,100181,100,99216,100,100243,100,99034,100
2019-06-28 09:40:28.578301225,100033,252,100021,262,100044,248,99928,348,100055,248,99927,248,100058,100,99905,100,100069,100,99892,100,100088,100,99885,100,100129,100,99860,100,100133,100,99307,100,100181,100,99216,100,100243,100,99034,100
2019-06-28 09:40:30.000000000,100033,324,100021,334,100044,324,99928,424,100055,100,99927,100,100058,100,99905,100,100069,100,99892,100,100088,100,99885,100,100129,100,99860,100,100133,100,99307,100,100181,100,99216,100,100243,100,99034,100
2019-06-28 09:40:35.888724643,100033,324,100021,334,100044,324,99928,424,100058,100,99927,100,100069,100,99905,100,100088,100,99892,100,100129,100,99885,100,100133,100,99860,100,100181,100,99307,100,100243,100,99216,100,100803,100,99034,100
2019-06-28 09:40:40.000000000,100033,324,100021,334,100044,324,99928,424,100058,100,99927,100,100069,100,99905,100,100088,100,99892,100,100129,100,99885,100,100133,100,99860,100,100181,100,99307,100,100243,100,99216,100,100803,100,99034,100
2019-06-28 09:40:44.824324451,100033,224,100021,324,100044,324,99928,424,100058,100,99927,100,100069,100,99905,100,100088,100,99892,100,100129,100,99885,100,100133,100,99860,100,100181,100,99307,100,100243,100,99216,100,100803,100,99034,100
2019-06-28 09:40:49.318037713,100033,224,100022,100,100044,324,100021,324,100058,100,99928,424,100069,100,99927,100,100129,100,99905,100,100133,100,99892,100,100181,100,99885,100,100243,100,99860,100,100803,100,99307,100,100931,100,99216,100
2019-06-28 09:40:50.000000000,100044,212,100022,212,100058,212,100021,212,100069,212,99928,312,100129,212,99927,212,100133,100,99905,100,100181,100,99892,100,100243,100,99885,100,100803,100,99860,100,100931,100,99307,100,,,99216,100
2019-06-28 09:40:50.038721485,100044,112,100022,212,100058,212,100021,212,100069,212,99928,312,100129,212,99927,212,100133,100,99905,100,100181,100,99892,100,100243,100,99885,100,100931,100,99860,100,,,99307,100,,,99216,100
2019-06-28 09:40:57.027083216,100044,112,100022,212,100058,212,100021,212,100069,212,99928,312,100129,212,99927,212,100133,100,99905,100,100181,100,99892,100,100243,100,99885,100,100851,100,99860,100,100931,100,99307,100,,,99216,100
2019-06-28 09:41:00.000000000,100058,190,100022,190,100069,190,100021,190,100129,190,99928,290,100133,190,99927,190,100181,190,99905,190,100243,100,99892,100,100851,100,99885,100,100931,100,99860,100,,,99307,100,,,99216,100
2019-06-28 09:41:10.000000000,100058,190,100022,190,100069,190,100021,190,100129,190,99928,290,100133,190,99927,190,100181,190,99905,190,100243,100,99892,100,100851,100,99885,100,100931,100,99860,100,,,99307,100,,,99216,100
2019-06-28 09:41:14.703248489,100058,190,100022,190,100069,190,100021,190,100129,190,99928,290,100133,190,99927,190,100181,190,99905,190,100243,100,99892,100,100851,100,99885,100,100931,100,99860,100,101013,100,99307,100,,,99216,100
2019-06-28 09:41:20.000000000,100058,548,100022,548,100069,100,100021,100,100129,100,99928,200,100133,100,99927,100,100181,100,99905,100,100243,100,99892,100,100851,100,99885,100,100931,100,99860,100,101013,100,99307,100,,,99216,100
2019-06-28 09:41:30.000000000,100058,252,100022,252,100069,248,100021,248,100129,248,99928,348,100133,100,99927,100,100181,100,99905,100,100243,100,99892,100,100851,100,99885,100,100931,100,99860,100,101013,100,99307,100,,,99216,100
2019-06-28 09:41:34.467172559,100058,152,100022,252,100069,248,100021,248,100129,248,99928,348,100133,100,99927,100,100181,100,99905,100,100243,100,99892,100,100851,100,99860,100,100931,100,99307,100,101013,100,99216,100,,,99034,100
2019-06-28 09:41:40.000000000,100069,548,100022,548,100129,100,100021,100,100133,100,99928,200,100181,100,99927,100,100243,100,99905,100,100851,100,99892,100,100931,100,99860,100,101013,100,99307,100,,,99216,100,,,99034,100
2019-06-28 09:41:48.800670942,100069,548,100022,548,100129,100,100021,100,100133,100,99928,200,100243,100,99927,100,100851,100,99905,100,100931,100,99892,100,101013,100,99860,100,101222,100,99307,100,,,99216,100,,,99034,100
2019-06-28 09:41:50.000000000,100069,548,100022,548,100129,100,100021,100,100133,100,99928,200,100243,100,99927,100,100851,100,99905,100,100931,100,99892,100,101013,100,99860,100,101222,100,99307,100,,,99216,100,,,99034,100
2019-06-28 09:41:54.888570817,100069,548,100022,548,100129,100,100021,100,100243,100,99928,200,100851,100,99927,100,100931,100,99905,100,101013,100,99892,100,101127,100,99860,100,101222,100,99307,100,,,99216,100,,,99034,100
2019-06-28 09:41:59.763480149,100069,548,100044,100,100129,100,100022,548,100243,100,100021,100,100851,100,99928,200,100931,100,99927,100,101013,100,99905,100,101127,100,99892,100,101222,100,99860,100,,,99307,100,,,99216,100
2019-06-28 09:42:00.000000000,100069,212,100044,212,100129,212,100022,212,100243,212,100021,212,100851,212,99928,312,100931,100,99927,100,101013,100,99905,100,101127,100,99892,100,101222,100,99860,100,,,99307,100,,,99216,100
2019-06-28 09:42:10.000000000,100069,190,100044,190,100129,190,100022,190,100243,190,100021,190,100851,190,99928,290,100931,190,99927,190,101013,100,99905,100,101127,100,99892,100,101222,100,99860,100,,,99307,100,,,99216,100
2019-06-28 09:42:19.109769831,100069,190,100044,190,100129,190,100022,190,100243,190,100021,190,100851,190,99928,290,100931,190,99927,90,101013,100,99905,100,101093,100,99892,100,101127,100,99860,100,101222,100,99307,100,,,99216,100
2019-06-28 09:42:20.000000000,100069,190,100044,190,100129,190,100022,190,100243,190,100021,190,100851,190,99928,290,100931,190,99905,190,101013,100,99892,100,101093,100,99860,100,101127,100,99307,100,101222,100,99216,100,,,99034,100
2019-06-28 09:42:27.566787297,100069,90,100044,190,100129,190,100022,190,100243,190,100021,190,100851,190,99928,290,100931,190,99905,190,101013,100,99892,100,101093,100,99860,100,101127,100,99307,100,101222,100,99216,100,,,99034,100
2019-06-28 09:42:28.031121500,100069,90,100044,190,100129,190,100022,190,100243,190,100021,190,100851,190,99928,290,100931,190,99905,190,100932,100,99892,100,101013,100,99860,100,101093,100,99307,100,101127,100,99216,100,101222,100,99034,100
2019-06-28 09:42:30.000000000,100129,324,100044,324,100243,324,100022,324,100851,100,100021,100,100931,100,99928,200,100932,100,99905,100,101013,100,99892,100,101093,100,99860,100,101127,100,99307,100,101222,100,99216,100,,,99034,100
2019-06-28 09:42:40.000000000,100129,212,100044,212,100243,212,100022,212,100851,212,100021,212,100931,212,99928,312,100932,100,99905,100,101013,100,99892,100,101093,100,99860,100,101127,100,99307,100,101222,100,99216,100,,,99034,100
2019-06-28 09:42:45.616313799,100129,212,100058,100,100243,212,100044,212,100851,212,100022,212,100931,212,100021,212,100932,100,99928,312,101013,100,99905,100,101093,100,99892,100,101127,100,99860,100,101222,100,99307,100,,,99216,100
2019-06-28 09:42:45.904305037,100129,212,100058,200,100243,212,100044,212,100851,212,100022,212,100931,212,100021,212,100932,100,99928,312,101013,100,99905,100,101093,100,99892,100,101127,100,99860,100,101222,100,99307,100,,,99216,100
2019-06-28 09:42:50.000000000,100129,252,100058,352,100243,248,100044,248,100851,248,100022,248,100931,100,100021,100,100932,100,99928,200,101013,100,99905,100,101093,100,99892,100,101127,100,99860,100,101222,100,99307,100,,,99216,100
2019-06-28 09:43:00.000000000,100129,190,100058,290,100243,190,100044,190,100851,190,100022,190,100931,190,100021,190,100932,190,99928,290,101013,100,99905,100,101093,100,99892,100,101127,100,99860,100,101222,100,99307,100,,,99216,100
2019-06-28 09:43:09.249127128,100129,90,100058,290,100243,190,100044,190,100851,190,100022,190,100931,190,100021,190,100932,190,99928,290,101013,100,99905,100,101093,100,99892,100,101127,100,99860,100,101222,100,99307,100,,,99216,100
2019-06-28 09:43:10.000000000,100243,190,100058,290,100851,190,100044,190,100931,190,100022,190,100932,190,100021,190,101013,190,99928,290,101093,100,99905,100,101127,100,99892,100,101222,100,99860,100,,,99307,100,,,99216,100
2019-06-28 09:43:20.000000000,100243,190,100058,290,100851,190,100044,190,100931,190,100022,190,100932,190,100021,190,101013,190,99928,290,101093,100,99905,100,101127,100,99892,100,101222,100,99860,100,,,99307,100,,,99216,100
2019-06-28 09:43:24.124380224,100243,190,100058,290,100851,190,100044,190,100931,190,100022,190,100932,190,100021,190,101013,190,99928,290,101093,100,99905,100,101127,100,99892,100,101146,100,99860,100,101222,100,99307,100,,,99216,100
2019-06-28 09:43:30.000000000,100243,548,100058,648,100851,100,100044,100,100931,100,100022,100,100932,100,100021,100,101013,100,99928,200,101093,100,99905,100,101127,100,99892,100,101146,100,99860,100,101222,100,99307,100,,,99216,100
2019-06-28 09:43:33.159680703,100243,548,100058,648,100851,100,100044,100,100931,100,100022,100,100932,100,100021,100,101013,100,99928,200,101093,100,99905,100,101108,100,99892,100,101127,100,99860,100,101146,100,99307,100,101222,100,99216,100
2019-06-28 09:43:40.000000000,100243,548,100058,648,100851,100,100044,100,100931,100,100022,100,100932,100,100021,100,101013,100,99928,200,101093,100,99905,100,101108,100,99892,100,101127,100,99860,100,101146,100,99307,100,101222,100,99216,100
2019-06-28 09:43:47.839103579,100243,448,100058,648,100851,100,100044,100,100931,100,100022,100,100932,100,100021,100,101013,100,99928,200,101093,100,99905,100,101108,100,99892,100,101127,100,99860,100,101146,100,99307,100,101222,100,99216,100
2019-06-28 09:43:50.000000000,100851,190,100058,290,100931,190,100044,190,100932,190,100022,190,101013,190,100021,190,101093,190,99928,290,101108,100,99905,100,101127,100,99892,100,101146,100,99860,100,101222,100,99307,100,,,99216,100
2019-06-28 09:44:00.000000000,100851,252,100058,352,100931,248,100044,248,100932,248,100022,248,101013,100,100021,100,101093,100,99928,200,101108,100,99905,100,101127,100,99892,100,101146,100,99860,100,101222,100,99307,100,,,99216,100
2019-06-28 09:44:10.000000000,100851,548,100058,648,100931,100,100044,100,100932,100,100022,100,101013,100,100021,100,101093,100,99928,200,101108,100,99905,100,101127,100,99892,100,101146,100,99860,100,101222,100,99307,100,,,99216,100
2019-06-28 09:44:11.807875123,100851,548,100058,648,100931,100,100044,100,100932,100,100022,100,101013,100,100021,100,101093,100,99928,200,101108,100,99905,100,101127,100,99892,100,101146,100,99860,100,101222,100,99307,100,101407,100,99216,100
2019-06-28 09:44:20.000000000,100851,324,100058,424,100931,324,100044,324,100932,100,100022,100,101013,100,100021,100,101093,100,99928,200,101108,100,99905,100,101127,100,99892,100,101146,100,99860,100,101222,100,99307,100,101407,100,99216,100
2019-06-28 09:44:30.000000000,100851,324,100058,424,100931,324,100044,324,100932,100,100022,100,101013,100,100021,100,101093,100,99928,200,101108,100,99905,100,101127,100,99892,100,101146,100,99860,100,101222,100,99307,100,101407,100,99216,100
2019-06-28 09:44:36.533721434,100851,324,100058,424,100931,324,100044,324,100932,100,100022,100,101013,100,100021,100,101093,100,99928,200,101108,100,99905,100,101127,100,99892,100,101146,100,99860,100,101222,100,99307,100,101277,100,99216,100
2019-06-28 09:44:40.000000000,100851,190,100058,290,100931,190,100044,190,100932,190,100022,190,101013,190,100021,190,101093,190,99928,290,101108,100,99905,100,101127,100,99892,100,101146,100,99860,100,101222,100,99307,100,101277,100,99216,100
2019-06-28 09:44:50.000000000,100851,190,100058,290,100931,190,100044,190,100932,190,100022,190,101013,190,100021,190,101093,190,99928,290,101108,100,99905,100,101127,100,99892,100,101146,100,99860,100,101222,100,99307,100,101277,100,99216,100
2019-06-28 09:45:00.000000000,100851,252,100058,352,100931,248,100044,248,100932,248,100022,248,101013,100,100021,100,101093,100,99928,200,101108,100,99905,100,101127,100,99892,100,101146,100,99860,100,101222,100,99307,100,101277,100,99216,100
2019-06-28 09:45:10.000000000,100851,548,100058,648,100931,100,100044,100,100932,100,100022,100,101013,100,100021,100,101093,100,99928,200,101108,100,99905,100,101127,100,99892,100,101146,100,99860,100,101222,100,99307,100,101277,100,99216,100
2019-06-28 09:45:20.000000000,100851,212,100058,312,100931,212,100044,212,100932,212,100022,212,101013,212,100021,212,101093,100,99928,200,101108,100,99905,100,101127,100,99892,100,101146,100,99860,100,101222,100,99307,100,101277,100,99216,100
2019-06-28 09:45:29.578095015,100851,212,100058,312,100931,212,100044,212,100932,212,100022,212,100973,100,100021,212,101013,212,99928,200,101093,100,99905,100,101108,100,99892,100,101127,100,99860,100,101146,100,99307,100,101222,100,99216,100
2019-06-28 09:45:30.000000000,100851,548,100058,648,100931,100,100044,100,100932,100,100022,100,100973,100,100021,100,101013,100,99928,200,101093,100,99905,100,101108,100,99892,100,101127,100,99860,100,101146,100,99307,100,101222,100,99216,100
2019-06-28 09:45:30.050034801,100851,548,100058,648,100931,100,100044,100,100932,100,100022,100,100946,100,100021,100,100973,100,99928,200,101013,100,99905,100,101093,100,99892,100,101108,100,99860,100,101127,100,99307,100,101146,100,99216,100
2019-06-28 09:45:35.597658215,100851,548,100058,648,100931,100,100044,100,100932,100,100022,100,100946,100,100021,100,100973,100,99928,200,101081,100,99905,100,101093,100,99892,100,101108,100,99860,100,101127,100,99307,100,101146,100,99216,100
2019-06-28 09:45:40.000000000,100851,252,100058,352,100931,248,100044,248,100932,248,100022,248,100946,100,100021,100,100973,100,99928,200,101081,100,99905,100,101093,100,99892,100,101108,100,99860,100,101127,100,99307,100,101146,100,99216,100
2019-06-28 09:45:50.000000000,100851,324,100058,424,100931,324,100044,324,100932,100,100022,100,100946,100,100021,100,100973,100,99928,200,101081,100,99905,100,101093,100,99892,100,101108,100,99860,100,101127,100,99307,100,101146,100,99216,100
2019-06-28 09:46:00.000000000,100851,548,100058,648,100931,100,100044,100,100932,100,100022,100,100946,100,100021,100,100973,100,99928,200,101081,100,99905,100,101093,100,99892,100,101108,100,99860,100,101127,100,99307,100,101146,100,99216,100
2019-06-28 09:46:00.929585639,100851,548,100129,100,100931,100,100058,648,100932,100,100044,100,100946,100,100022,100,100973,100,100021,100,101081,100,99928,200,101093,100,99905,100,101108,100,99892,100,101127,100,99860,100,101146,100,99307,100
2019-06-28 09:46:10.000000000,100851,212,100129,212,100931,212,100058,312,100932,212,100044,212,100946,212,100022,212,100973,100,100021,100,101081,100,99928,200,101093,100,99905,100,101108,100,99892,100,101127,100,99860,100,101146,100,99307,100
2019-06-28 09:46:20.000000000,100851,212,100129,212,100931,212,100058,312,100932,212,100044,212,100946,212,100022,212,100973,100,100021,100,101081,100,99928,200,101093,100,99905,100,101108,100,99892,100,101127,100,99860,100,101146,100,99307,100
2019-06-28 09:46:25.943056505,100851,212,100845,100,100931,212,100129,212,100932,212,100058,312,100946,212,100044,212,100973,100,100022,212,101081,100,100021,100,101093,100,99928,200,101108,100,99905,100,101127,100,99892,100,101146,100,99860,100
2019-06-28 09:46:30.000000000,100851,190,100845,190,100931,190,100129,190,100932,190,100058,290,100946,190,100044,190,100973,190,100022,190,101081,100,100021,100,101093,100,99928,200,101108,100,99905,100,101127,100,99892,100,101146,100,99860,100
2019-06-28 09:46:35.783299353,100851,190,100845,90,100931,190,100129,190,100932,190,100058,290,100946,190,100044,190,100973,190,100022,190,101081,100,100021,100,101093,100,99928,200,101108,100,99905,100,101127,100,99892,100,101146,100,99860,100
2019-06-28 09:46:40.000000000,100851,190,100129,190,100931,190,100058,290,100932,190,100044,190,100946,190,100022,190,100973,190,100021,190,101081,100,99928,200,101093,100,99905,100,101108,100,99892,100,101127,100,99860,100,101146,100,99307,100
2019-06-28 09:46:46.984761420,100851,90,100129,190,100931,190,100058,290,100932,190,100044,190,100946,190,100022,190,100973,190,100021,190,101081,100,99928,200,101093,100,99905,100,101108,100,99892,100,101127,100,99860,100,101222,100,99307,100
2019-06-28 09:46:50.000000000,100931,190,100129,190,100932,190,100058,290,100946,190,100044,190,100973,190,100022,190,101081,190,100021,190,101093,100,99928,200,101108,100,99905,100,101127,100,99892,100,101222,100,99860,100,101277,100,99307,100
2019-06-28 09:47:00.000000000,100931,212,100129,212,100932,212,100058,312,100946,212,100044,212,100973,212,100022,212,101081,100,100021,100,101093,100,99928,200,101108,100,99905,100,101127,100,99892,100,101222,100,99860,100,101277,100,99307,100
2019-06-28 09:47:04.758927631,100931,212,100451,100,100932,212,100129,212,100946,212,100058,312,100973,212,100044,212,101081,100,100022,212,101093,100,100021,100,101108,100,99928,200,101127,100,99905,100,101222,100,99892,100,101277,100,99860,100
2019-06-28 09:47:07.643785826,100739,100,100451,100,100931,212,100129,212,100932,212,100058,312,100946,212,100044,212,100973,212,100022,212,101081,100,100021,100,101093,100,99928,200,101108,100,99905,100,101127,100,99892,100,101222,100,99860,100
2019-06-28 09:47:10.000000000,100739,548,100451,548,100931,100,100129,100,100932,100,100058,200,100946,100,100044,100,100973,100,100022,100,101081,100,100021,100,101093,100,99928,200,101108,100,99905,100,101127,100,99892,100,101222,100,99860,100
2019-06-28 09:47:20.000000000,100739,212,100451,212,100931,212,100129,212,100932,212,100058,312,100946,212,100044,212,100973,100,100022,100,101081,100,100021,100,101093,100,99928,200,101108,100,99905,100,101127,100,99892,100,101222,100,99860,100
2019-06-28 09:47:30.000000000,100739,252,100451,252,100931,248,100129,248,100932,248,100058,348,100946,100,100044,100,100973,100,100022,100,101081,100,100021,100,101093,100,99928,200,101108,100,99905,100,101127,100,99892,100,101222,100,99860,100
2019-06-28 09:47:40.000000000,100739,190,100451,190,100931,190,100129,190,100932,190,100058,290,100946,190,100044,190,100973,190,100022,190,101081,100,100021,100,101093,100,99928,200,101108,100,99905,100,101127,100,99892,100,101222,100,99860,100
2019-06-28 09:47:50.000000000,100739,252,100451,252,100931,248,100129,248,100932,248,100058,348,100946,100,100044,100,100973,100,100022,100,101081,100,100021,100,101093,100,99928,200,101108,100,99905,100,101127,100,99892,100,101222,100,99860,100
2019-06-28 09:48:00.000000000,100739,190,100451,190,100931,190,100129,190,100932,190,100058,290,100946,190,100044,190,100973,190,100022,190,101081,100,100021,100,101093,100,99928,200,101108,100,99905,100,101127,100,99892,100,101222,100,99860,100
2019-06-28 09:48:10.000000000,100739,212,100451,212,100931,212,100129,212,100932,212,100058,312,100946,212,100044,212,100973,100,100022,100,101081,100,100021,100,101093,100,99928,200,101108,100,99905,100,101127,100,99892,100,101222,100,99860,100
2019-06-28 09:48:18.827869603,100739,212,100451,212,100931,212,100129,212,100932,212,100058,312,100946,212,100044,212,100973,100,100022,100,101081,100,100021,100,101093,100,99928,200,101108,100,99905,100,101127,100,99892,100,101222,100,99860,100
2019-06-28 09:48:20.000000000,100739,190,100451,190,100931,190,100129,190,100932,190,100058,290,100946,190,100044,190,100973,190,100022,190,101081,100,100021,100,101093,100,99928,200,101108,100,99905,100,101127,100,99892,100,101222,100,99860,100
2019-06-28 09:48:30.000000000,100739,190,100451,190,100931,190,100129,190,100932,190,100058,290,100946,190,100044,190,100973,190,100022,190,101081,100,100021,100,101093,100,99928,200,101108,100,99905,100,101127,100,99892,100,101222,100,99860,100
2019-06-28 09:48:40.000000000,100739,190,100451,190,100931,190,100129,190,100932,190,100058,290,100946,190,100044,190,100973,190,100022,190,101081,100,100021,100,101093,100,99928,200,101108,100,99905,100,101127,100,99892,100,101222,100,99860,100
2019-06-28 09:48:50.000000000,100739,212,100451,212,100931,212,100129,212,100932,212,100058,312,100946,212,100044,212,100973,100,100022,100,101081,100,100021,100,101093,100,99928,200,101108,100,99905,100,101127,100,99892,100,101222,100,99860,100
2019-06-28 09:48:53.433247240,100739,212,100451,112,100931,212,100129,212,100932,212,100058,312,100946,212,100044,212,100973,100,100022,100,101081,100,100021,100,101093,100,99928,200,101127,100,99905,100,101222,100,99892,100,101277,100,99860,100
2019-06-28 09:49:00.000000000,100739,548,100129,548,100931,100,100058,200,100932,100,100044,100,100946,100,100022,100,100973,100,100021,100,101081,100,99928,200,101093,100,99905,100,101127,100,99892,100,101222,100,99860,100,101277,100,99307,100
2019-06-28 09:49:01.979778112,100739,448,100129,548,100931,100,100058,200,100932,100,100044,100,100946,100,100022,100,100973,100,100021,100,101081,100,99928,200,101093,100,99905,100,101127,100,99892,100,101222,100,99860,100,101277,100,99593,100
2019-06-28 09:49:10.000000000,100931,548,100129,548,100932,100,100058,200,100946,100,100044,100,100973,100,100022,100,101081,100,100021,100,101093,100,99928,200,101127,100,99905,100,101222,100,99892,100,101277,100,99860,100,101407,100,99593,100
2019-06-28 09:49:11.916055749,100931,548,100129,448,100932,100,100058,200,100946,100,100044,100,100973,100,100022,100,101081,100,100021,100,101093,100,99928,200,101127,100,99905,100,101222,100,99892,100,101277,100,99860,100,101407,100,99593,100
2019-06-28 09:49:20.000000000,100931,212,100058,312,100932,212,100044,212,100946,212,100022,212,100973,212,100021,212,101081,100,99928,200,101093,100,99905,100,101127,100,99892,100,101222,100,99860,100,101277,100,99593,100,101407,100,99307,100
2019-06-28 09:49:25.365721290,100451,100,100058,312,100931,212,100044,112,100932,212,100022,212,100946,212,100021,212,100973,212,99928,200,101081,100,99905,100,101093,100,99892,100,101127,100,99860,100,101222,100,99593,100,101277,100,99307,100
2019-06-28 09:49:30.000000000,100451,252,100058,352,100931,248,100022,248,100932,248,100021,248,100946,100,99928,200,100973,100,99905,100,101081,100,99892,100,101093,100,99860,100,101127,100,99593,100,101222,100,99307,100,101277,100,99265,100
2019-06-28 09:49:40.000000000,100451,190,100058,290,100931,190,100022,190,100932,190,100021,190,100946,190,99928,290,100973,190,99905,190,101081,100,99892,100,101093,100,99860,100,101127,100,99593,100,101222,100,99307,100,101277,100,99265,100
2019-06-28 09:49:50.000000000,100451,190,100058,290,100931,190,100022,190,100932,190,100021,190,100946,190,99928,290,100973,190,99905,190,101081,100,99892,100,101093,100,99860,100,101127,100,99593,100,101222,100,99307,100,101277,100,99265,100
2019-06-28 09:49:57.561720962,100451,190,100058,190,100931,190,100022,190,100932,190,100021,190,100946,190,99928,290,100973,190,99905,190,101081,100,99892,100,101093,100,99860,100,101127,100,99593,100,101222,100,99307,100,101277,100,99265,100
2019-06-28 09:50:00.000000000,100451,190,100058,190,100931,190,100022,190,100932,190,100021,190,100946,190,99928,290,100973,190,99905,190,101081,100,99892,100,101093,100,99860,100,101127,100,99593,100,101222,100,99307,100,101277,100,99265,100
2019-06-28 09:50:00.393963872,100451,190,100058,90,100931,190,100022,190,100932,190,100021,190,100946,190,99928,290,100973,190,99905,190,101081,100,99892,100,101127,100,99860,100,101222,100,99593,100,101277,100,99307,100,101407,100,99265,100
2019-06-28 09:50:08.536141729,100451,190,100058,90,100931,190,100022,190,100932,190,100021,190,100946,190,99928,290,100973,190,99905,190,101081,100,99892,100,101127,100,99780,100,101222,100,99593,100,101277,100,99307,100,101407,100,99265,100
2019-06-28 09:50:09.558671417,100451,190,100058,90,100931,190,100022,190,100932,190,100021,190,100946,190,99928,290,100973,190,99905,190,101081,100,99892,100,101127,100,99780,100,101222,100,99644,100,101277,100,99593,100,101407,100,99307,100
2019-06-28 09:50:10.000000000,100451,212,100022,212,100931,212,100021,212,100932,212,99928,312,100946,212,99905,212,100973,100,99892,100,101081,100,99780,100,101127,100,99644,100,101222,100,99593,100,101277,100,99307,100,101407,100,99265,100
2019-06-28 09:50:15.705789480,100451,212,100022,112,100931,212,100021,212,100932,212,99928,312,100946,212,99905,212,100973,100,99892,100,101081,100,99780,100,101127,100,99644,100,101222,100,99593,100,101277,100,99307,100,101407,100,99216,100
2019-06-28 09:50:20.000000000,100451,324,100021,324,100931,324,99928,424,100932,100,99905,100,100946,100,99892,100,100973,100,99780,100,101081,100,99644,100,101127,100,99593,100,101222,100,99307,100,101277,100,99216,100,101407,100,99034,100
2019-06-28 09:50:26.607914573,100451,324,100021,224,100931,324,99928,424,100932,100,99905,100,100946,100,99892,100,100973,100,99780,100,101081,100,99644,100,101127,100,99593,100,101222,100,99216,100,101277,100,99034,100,101407,100,,
2019-06-28 09:50:30.000000000,100451,548,99928,648,100931,100,99905,100,100932,100,99892,100,100946,100,99780,100,100973,100,99644,100,101081,100,99593,100,101127,100,99216,100,101222,100,99034,100,101277,100,,,101407,100,,
2019-06-28 09:50:40.000000000,100451,252,99928,352,100931,248,99905,248,100932,248,99892,248,100946,100,99780,100,100973,100,99644,100,101081,100,99593,100,101127,100,99216,100,101222,100,99034,100,101277,100,,,101407,100,,
2019-06-28 09:50:46.732973603,100451,252,99928,252,100931,248,99905,148,100932,248,99892,248,100946,100,99780,100,100973,100,99644,100,101081,100,99593,100,101127,100,99216,100,101222,100,99034,100,101277,100,,,101407,100,,
2019-06-28 09:50:50.000000000,100451,190,99928,190,100931,190,99892,190,100932,190,99780,190,100946,190,99644,190,100973,190,99593,190,101081,100,99216,100,101127,100,99034,100,101222,100,,,101277,100,,,101407,100,,
2019-06-28 09:51:00.000000000,100451,212,99928,212,100931,212,99892,212,100932,212,99780,212,100946,212,99644,212,100973,100,99593,100,101081,100,99216,100,101127,100,99034,100,101222,100,,,101277,100,,,101407,100,,
2019-06-28 09:51:10.000000000,100451,190,99928,190,100931,190,99892,190,100932,190,99780,190,100946,190,99644,190,100973,190,99593,190,101081,100,99216,100,101127,100,99034,100,101222,100,,,101277,100,,,101407,100,,
2019-06-28 09:51:20.000000000,100451,212,99928,212,100931,212,99892,212,100932,212,99780,212,100946,212,99644,212,100973,100,99593,100,101081,100,99216,100,101127,100,99034,100,101222,100,,,101277,100,,,101407,100,,
2019-06-28 09:51:30.000000000,100451,212,99928,212,100931,212,99892,212,100932,212,99780,212,100946,212,99644,212,100973,100,99593,100,101081,100,99216,100,101127,100,99034,100,101222,100,,,101277,100,,,101407,100,,
2019-06-28 09:51:40.000000000,100451,212,99928,212,100931,212,99892,212,100932,212,99780,212,100946,212,99644,212,100973,100,99593,100,101081,100,99216,100,101127,100,99034,100,101222,100,,,101277,100,,,101407,100,,
2019-06-28 09:51:42.295028603,100451,212,99928,112,100931,212,99892,212,100932,212,99780,212,100946,212,99644,212,100973,100,99593,100,101081,100,99216,100,101127,100,99034,100,101222,100,,,101277,100,,,101407,100,,
2019-06-28 09:51:46.564283634,100451,212,99928,112,100931,212,99892,212,100932,212,99780,212,100946,212,99644,212,100973,100,99593,100,101081,100,99216,100,101127,100,99115,100,101222,100,99034,100,101277,100,,,101407,100,,
2019-06-28 09:51:49.445118332,100451,212,99928,112,100931,212,99892,212,100932,212,99780,212,100946,212,99644,212,100973,100,99593,100,101081,100,99216,100,101127,100,99115,100,101222,100,99034,100,101277,100,98936,100,101407,100,,
2019-06-28 09:51:50.000000000,100451,548,99892,548,100931,100,99780,100,100932,100,99644,100,100946,100,99593,100,100973,100,99216,100,101081,100,99115,100,101127,100,99034,100,101222,100,98936,100,101277,100,,,101407,100,,
2019-06-28 09:52:00.000000000,100451,252,99892,252,100931,248,99780,248,100932,248,99644,248,100946,100,99593,100,100973,100,99216,100,101081,100,99115,100,101127,100,99034,100,101222,100,98936,100,101277,100,,,101407,100,,
2019-06-28 09:52:01.196080401,100451,252,99892,152,100931,248,99780,248,100932,248,99644,248,100946,100,99593,100,100973,100,99216,100,101081,100,99115,100,101127,100,99034,100,101222,100,98936,100,101277,100,,,101407,100,,
2019-06-28 09:52:10.000000000,100451,548,99780,548,100931,100,99644,100,100932,100,99593,100,100946,100,99216,100,100973,100,99115,100,101081,100,99034,100,101127,100,98936,100,101222,100,,,101277,100,,,101407,100,,
2019-06-28 09:52:16.857276449,99928,100,99780,548,100451,548,99644,100,100931,100,99593,100,100932,100,99216,100,100946,100,99115,100,100973,100,99034,100,101081,100,98936,100,101127,100,,,101222,100,,,101277,100,,
2019-06-28 09:52:20.000000000,99928,212,99780,212,100451,212,99644,212,100931,212,99593,212,100932,212,99216,212,100946,100,99115,100,100973,100,99034,100,101081,100,98936,100,101127,100,,,101222,100,,,101277,100,,
2019-06-28 09:52:20.099604894,99928,112,99780,212,100451,212,99644,212,100931,212,99593,212,100932,212,99216,212,100946,100,99115,100,100973,100,99034,100,101081,100,98936,100,101127,100,,,101222,100,,,101277,100,,
2019-06-28 09:52:30.000000000,100451,324,99780,324,100931,324,99644,324,100932,100,99593,100,100946,100,99216,100,100973,100,99115,100,101081,100,99034,100,101127,100,98936,100,101222,100,,,101277,100,,,101407,100,,
2019-06-28 09:52:35.086244040,100451,324,99780,324,100931,324,99644,324,100932,100,99593,100,100946,100,99216,100,100973,100,99115,100,101081,100,99034,100,101127,100,98936,100,101222,100,98843,100,101277,100,,,101407,100,,
2019-06-28 09:52:40.000000000,100451,252,99780,252,100931,248,99644,248,100932,248,99593,248,100946,100,99216,100,100973,100,99115,100,101081,100,99034,100,101127,100,98936,100,101222,100,98843,100,101277,100,,,101407,100,,
2019-06-28 09:52:50.000000000,100451,212,99780,212,100931,212,99644,212,100932,212,99593,212,100946,212,99216,212,100973,100,99115,100,101081,100,99034,100,101127,100,98936,100,101222,100,98843,100,101277,100,,,101407,100,,
2019-06-28 09:52:59.479331582,99928,100,99780,212,100451,212,99644,212,100931,212,99593,212,100932,212,99216,212,100946,212,99115,100,100973,100,99034,100,101081,100,98936,100,101127,100,98843,100,101222,100,,,101277,100,,
2019-06-28 09:52:59.564992362,99928,200,99780,212,100451,212,99644,212,100931,212,99593,212,100932,212,99216,212,100946,212,99115,100,100973,100,99034,100,101081,100,98936,100,101127,100,98843,100,101222,100,,,101277,100,,
2019-06-28 09:53:00.000000000,99928,648,99780,548,100451,100,99644,100,100931,100,99593,100,100932,100,99216,100,100946,100,99115,100,100973,100,99034,100,101081,100,98936,100,101127,100,98843,100,101222,100,,,101277,100,,
2019-06-28 09:53:10.000000000,99928,290,99780,190,100451,190,99644,190,100931,190,99593,190,100932,190,99216,190,100946,190,99115,190,100973,100,99034,100,101081,100,98936,100,101127,100,98843,100,101222,100,,,101277,100,,
2019-06-28 09:53:20.000000000,99928,312,99780,212,100451,212,99644,212,100931,212,99593,212,100932,212,99216,212,100946,100,99115,100,100973,100,99034,100,101081,100,98936,100,101127,100,98843,100,101222,100,,,101277,100,,
2019-06-28 09:53:30.000000000,99928,290,99780,190,100451,190,99644,190,100931,190,99593,190,100932,190,99216,190,100946,190,99115,190,100973,100,99034,100,101081,100,98936,100,101127,100,98843,100,101222,100,,,101277,100,,
2019-06-28 09:53:40.000000000,99928,352,99780,252,100451,248,99644,248,100931,248,99593,248,100932,100,99216,100,100946,100,99115,100,100973,100,99034,100,101081,100,98936,100,101127,100,98843,100,101222,100,,,101277,100,,
2019-06-28 09:53:50.000000000,99928,424,99780,324,100451,324,99644,324,100931,100,99593,100,100932,100,99216,100,100946,100,99115,100,100973,100,99034,100,101081,100,98936,100,101127,100,98843,100,101222,100,,,101277,100,,
2019-06-28 09:54:00.000000000,99928,648,99780,548,100451,100,99644,100,100931,100,99593,100,100932,100,99216,100,100946,100,99115,100,100973,100,99034,100,101081,100,98936,100,101127,100,98843,100,101222,100,,,101277,100,,
2019-06-28 09:54:04.490619279,99928,548,99780,548,100451,100,99644,100,100931,100,99593,100,100932,100,99216,100,100946,100,99115,100,100973,100,99034,100,101081,100,98936,100,101127,100,98843,100,101222,100,,,101277,100,,
2019-06-28 09:54:10.000000000,99928,324,99780,324,100451,324,99644,324,100931,100,99593,100,100932,100,99216,100,100946,100,99115,100,100973,100,99034,100,101081,100,98936,100,101127,100,98843,100,101222,100,,,101277,100,,
2019-06-28 09:54:20.000000000,99928,252,99780,252,100451,248,99644,248,100931,248,99593,248,100932,100,99216,100,100946,100,99115,100,100973,100,99034,100,101081,100,98936,100,101127,100,98843,100,101222,100,,,101277,100,,
2019-06-28 09:54:27.576785942,99928,352,99780,252,100451,248,99644,248,100931,248,99593,248,100932,100,99216,100,100946,100,99115,100,100973,100,99034,100,101081,100,98936,100,101127,100,98843,100,101222,100,,,101277,100,,
2019-06-28 09:54:30.000000000,99928,424,99780,324,100451,324,99644,324,100931,100,99593,100,100932,100,99216,100,100946,100,99115,100,100973,100,99034,100,101081,100,98936,100,101127,100,98843,100,101222,100,,,101277,100,,
2019-06-28 09:54:35.219384118,99928,424,99780,324,100451,324,99644,324,100931,100,99593,100,100932,100,99216,100,100946,100,99115,100,100973,100,99034,100,101081,100,98936,100,101127,100,98843,100,101222,100,98721,100,101277,100,,
2019-06-28 09:54:35.278220379,99928,424,99780,224,100451,324,99644,324,100931,100,99593,100,100932,100,99216,100,100946,100,99115,100,100973,100,99034,100,101081,100,98936,100,101127,100,98843,100,101222,100,98721,100,101277,100,,
2019-06-28 09:54:40.000000000,99928,290,99644,190,100451,190,99593,190,100931,190,99216,190,100932,190,99115,190,100946,190,99034,190,100973,100,98936,100,101081,100,98843,100,101127,100,98721,100,101222,100,,,101277,100,,
2019-06-28 09:54:50.000000000,99928,290,99644,190,100451,190,99593,190,100931,190,99216,190,100932,190,99115,190,100946,190,99034,190,100973,100,98936,100,101081,100,98843,100,101127,100,98721,100,101222,100,,,101277,100,,
2019-06-28 09:54:53.001936022,99928,290,99644,90,100451,190,99593,190,100931,190,99216,190,100932,190,99115,190,100946,190,99034,190,100973,100,98936,100,101081,100,98843,100,101127,100,98721,100,101222,100,,,101277,100,,
2019-06-28 09:54:58.822169233,99928,290,99644,90,100451,190,99593,190,100931,190,99216,190,100932,190,99115,190,100946,190,99034,190,100973,100,98936,100,101081,100,98932,100,101127,100,98843,100,101222,100,98721,100,101277,100,,
2019-06-28 09:55:00.000000000,99928,648,99593,548,100451,100,99216,100,100931,100,99115,100,100932,100,99034,100,100946,100,98936,100,100973,100,98932,100,101081,100,98843,100,101127,100,98721,100,101222,100,,,101277,100,,
2019-06-28 09:55:00.902875792,99928,648,99593,548,100451,100,99216,100,100931,100,99115,100,100932,100,99034,100,100946,100,98936,100,100973,100,98932,100,101081,100,98843,100,101127,100,98721,100,101222,100,98706,100,101277,100,,
2019-06-28 09:55:10.000000000,99928,312,99593,212,100451,212,99216,212,100931,212,99115,212,100932,212,99034,212,100946,100,98936,100,100973,100,98932,100,101081,100,98843,100,101127,100,98721,100,101222,100,98706,100,101277,100,,
2019-06-28 09:55:20.000000000,99928,424,99593,324,100451,324,99216,324,100931,100,99115,100,100932,100,99034,100,100946,100,98936,100,100973,100,98932,100,101081,100,98843,100,101127,100,98721,100,101222,100,98706,100,101277,100,,
2019-06-28 09:55:26.720271100,99928,424,99593,224,100451,324,99216,324,100931,100,99115,100,100932,100,99034,100,100946,100,98936,100,100973,100,98843,100,101081,100,98721,100,101127,100,98706,100,101222,100,,,101277,100,,
2019-06-28 09:55:29.607823544,99928,424,99593,124,100451,324,99216,324,100931,100,99115,100,100932,100,99034,100,100946,100,98936,100,100973,100,98843,100,101081,100,98721,100,101127,100,98706,100,101222,100,,,101277,100,,
2019-06-28 09:55:30.000000000,99928,312,99216,212,100451,212,99115,212,100931,212,99034,212,100932,212,98936,212,100946,100,98843,100,100973,100,98721,100,101081,100,98706,100,101127,100,,,101222,100,,,101277,100,,
2019-06-28 09:55:40.000000000,99928,312,99216,212,100451,212,99115,212,100931,212,99034,212,100932,212,98936,212,100946,100,98843,100,100973,100,98721,100,101081,100,98706,100,101127,100,,,101222,100,,,101277,100,,
2019-06-28 09:55:47.617665836,99928,312,99216,112,100451,212,99115,212,100931,212,99034,112,100932,212,98936,212,100946,100,98843,100,100973,100,98721,100,101081,100,98706,100,101127,100,,,101222,100,,,101277,100,,
2019-06-28 09:55:50.000000000,99928,290,99115,190,100451,190,98936,190,100931,190,98843,190,100932,190,98721,190,100946,190,98706,190,100973,100,,,101081,100,,,101127,100,,,101222,100,,,101277,100,,
2019-06-28 09:55:56.617718264,99593,100,99115,190,99928,290,98936,190,100451,190,98843,190,100931,190,98721,190,100932,190,98706,190,100946,190,,,100973,100,,,101081,100,,,101127,100,,,101222,100,,
2019-06-28 09:55:59.249908612,99593,100,99115,90,99928,290,98936,190,100451,190,98843,190,100931,190,98721,190,100932,190,98706,190,100946,190,,,100973,100,,,101081,100,,,101127,100,,,101222,100,,
2019-06-28 09:56:00.000000000,99593,252,98936,252,99928,348,98843,248,100451,248,98721,248,100931,100,98706,100,100932,100,,,100946,100,,,100973,100,,,101081,100,,,101127,100,,,101222,100,,
2019-06-28 09:56:10.000000000,99593,548,98936,548,99928,200,98843,100,100451,100,98721,100,100931,100,98706,100,100932,100,,,100946,100,,,100973,100,,,101081,100,,,101127,100,,,101222,100,,
2019-06-28 09:56:20.000000000,99593,190,98936,190,99928,290,98843,190,100451,190,98721,190,100931,190,98706,190,100932,190,98705,90,100946,100,,,100973,100,,,101081,100,,,101127,100,,,101222,100,,
2019-06-28 09:56:26.976408426,99593,190,98936,90,99928,290,98843,190,100451,190,98721,190,100931,190,98706,190,100932,190,98705,90,100946,100,,,100973,100,,,101081,100,,,101127,100,,,101222,100,,
2019-06-28 09:56:30.000000000,99593,212,98843,212,99928,312,98721,212,100451,212,98706,212,100931,212,98705,112,100932,100,,,100946,100,,,100973,100,,,101081,100,,,101127,100,,,101222,100,,
2019-06-28 09:56:30.486517525,99593,212,98843,112,99928,312,98721,212,100451,212,98706,212,100931,212,98705,112,100932,100,,,100946,100,,,100973,100,,,101081,100,,,101127,100,,,101222,100,,
2019-06-28 09:56:40.000000000,99593,548,98721,548,99928,200,98706,100,100451,100,,,100931,100,,,100932,100,,,100946,100,,,100973,100,,,101081,100,,,101127,100,,,101222,100,,
2019-06-28 09:56:50.000000000,99593,324,98721,324,99928,424,98706,324,100451,100,,,100931,100,,,100932,100,,,100946,100,,,100973,100,,,101081,100,,,101127,100,,,101222,100,,
2019-06-28 09:56:50.714343370,98936,100,98721,324,99593,324,98706,324,99928,424,,,100451,100,,,100931,100,,,100932,100,,,100946,100,,,100973,100,,,101081,100,,,101127,100,,
2019-06-28 09:57:00.000000000,98936,252,98721,252,99593,248,98706,248,99928,348,98705,148,100451,100,,,100931,100,,,100932,100,,,100946,100,,,100973,100,,,101081,100,,,101127,100,,
2019-06-28 09:57:10.000000000,98936,252,98721,252,99593,248,98706,248,99928,348,98705,148,100451,100,,,100931,100,,,100932,100,,,100946,100,,,100973,100,,,101081,100,,,101127,100,,
2019-06-28 09:57:20.000000000,98936,190,98721,190,99593,190,98706,190,99928,290,98705,90,100451,190,,,100931,190,,,100932,100,,,100946,100,,,100973,100,,,101081,100,,,101127,100,,
2019-06-28 09:57:30.000000000,98936,190,98721,190,99593,190,98706,190,99928,290,98705,90,100451,190,,,100931,190,,,100932,100,,,100946,100,,,100973,100,,,101081,100,,,101127,100,,
2019-06-28 09:57:40.000000000,98936,252,98721,252,99593,248,98706,248,99928,348,98705,148,100451,100,,,100931,100,,,100932,100,,,100946,100,,,100973,100,,,101081,100,,,101127,100,,
2019-06-28 09:57:46.696851143,98936,352,98721,252,99593,248,98706,248,99928,348,98705,148,100451,100,,,100931,100,,,100932,100,,,100946,100,,,100973,100,,,101081,100,,,101127,100,,
2019-06-28 09:57:50.000000000,98936,648,98721,548,99593,100,98706,100,99928,200,,,100451,100,,,100931,100,,,100932,100,,,100946,100,,,100973,100,,,101081,100,,,101127,100,,
2019-06-28 09:57:52.891594470,98936,548,98721,548,99593,100,98706,100,99928,200,,,100451,100,,,100931,100,,,100932,100,,,100946,100,,,100973,100,,,101081,100,,,101127,100,,
2019-06-28 09:58:00.000000000,98936,548,98721,548,99593,100,98706,100,99928,200,,,100451,100,,,100931,100,,,100932,100,,,100946,100,,,100973,100,,,101081,100,,,101127,100,,
2019-06-28 09:58:10.000000000,98936,252,98721,252,99593,248,98706,248,99928,348,98705,148,100451,100,,,100931,100,,,100932,100,,,100946,100,,,100973,100,,,101081,100,,,101127,100,,
2019-06-28 09:58:20.000000000,98936,212,98721,212,99593,212,98706,212,99928,312,98705,112,100451,212,,,100931,100,,,100932,100,,,100946,100,,,100973,100,,,101081,100,,,101127,100,,
2019-06-28 09:58:25.981783400,98936,212,98721,112,99593,212,98706,212,99928,312,98705,112,100451,212,,,100931,100,,,100932,100,,,100946,100,,,100973,100,,,101081,100,,,101127,100,,
2019-06-28 09:58:30.000000000,98936,190,98706,190,99593,190,98705,90,99928,290,,,100451,190,,,100931,190,,,100932,100,,,100946,100,,,100973,100,,,101081,100,,,101127,100,,
2019-06-28 09:58:40.000000000,98936,212,98706,212,99593,212,98705,112,99928,312,,,100451,212,,,100931,100,,,100932,100,,,100946,100,,,100973,100,,,101081,100,,,101127,100,,
2019-06-28 09:58:43.123150179,98843,100,98706,212,98936,212,98705,112,99593,212,,,99928,312,,,100451,212,,,100931,100,,,100932,100,,,100946,100,,,100973,100,,,101081,100,,
2019-06-28 09:58:50.000000000,98843,190,98706,190,98936,190,98705,90,99593,190,,,99928,290,,,100451,190,,,100931,100,,,100932,100,,,100946,100,,,100973,100,,,101081,100,,
2019-06-28 09:59:00.000000000,98843,212,98706,212,98936,212,98705,112,99593,212,,,99928,312,,,100451,100,,,100931,100,,,100932,100,,,100946,100,,,100973,100,,,101081,100,,
2019-06-28 09:59:09.997871822,98843,212,98706,112,98936,212,98705,112,99593,212,,,99928,312,,,100451,100,,,100931,100,,,100932,100,,,100946,100,,,100973,100,,,101081,100,,
2019-06-28 09:59:10.000000000,98843,100,,,98936,100,,,99593,100,,,99928,200,,,100451,100,,,100931,100,,,100932,100,,,100946,100,,,100973,100,,,101081,100,,
2019-06-28 09:59:18.106119492,98721,100,,,98843,100,,,98936,100,,,99593,100,,,99928,200,,,100451,100,,,100931,100,,,100932,100,,,100946,100,,,100973,100,,
2019-06-28 09:59:18.547440800,98721,100,,,98843,100,,,98936,100,,,99593,100,,,99928,100,,,100451,100,,,100931,100,,,100932,100,,,100946,100,,,100973,100,,
2019-06-28 09:59:34.306639629,98594,100,,,98721,100,,,98843,100,,,98936,100,,,99593,100,,,99928,100,,,100451,100,,,100931,100,,,100932,100,,,100946,100,,
2019-06-28 09:59:37.579682713,98721,100,,,98843,100,,,98936,100,,,99593,100,,,99928,100,,,100451,100,,,100931,100,,,100932,100,,,100946,100,,,100973,100,,
2019-06-28 10:00:01.733054676,98721,100,98707,100,98843,100,,,98936,100,,,99593,100,,,99928,100,,,100451,100,,,100931,100,,,100932,100,,,100946,100,,,100973,100,,
2019-06-28 10:00:10.000000000,98721,190,98707,190,98843,190,98706,90,98936,190,,,99593,190,,,99928,190,,,100451,100,,,100931,100,,,100932,100,,,100946,100,,,100973,100,,
2019-06-28 10:00:11.398848480,98721,190,98707,190,98843,190,98706,90,98936,190,,,99006,100,,,99593,190,,,99928,190,,,100451,100,,,100931,100,,,100932,100,,,100946,100,,
2019-06-28 10:00:20.000000000,98721,548,98707,548,98843,100,,,98936,100,,,99006,100,,,99593,100,,,99928,100,,,100451,100,,,100931,100,,,100932,100,,,100946,100,,
2019-06-28 10:00:30.000000000,98721,324,98707,324,98843,324,98706,224,98936,100,,,99006,100,,,99593,100,,,99928,100,,,100451,100,,,100931,100,,,100932,100,,,100946,100,,
2019-06-28 10:00:32.122516404,98721,324,98707,324,98843,224,98706,224,98936,100,,,99006,100,,,99593,100,,,99928,100,,,100451,100,,,100931,100,,,100932,100,,,100946,100,,
2019-06-28 10:00:35.749504587,98721,324,98707,324,98843,224,98706,224,98936,100,,,99006,100,,,99176,100,,,99593,100,,,99928,100,,,100451,100,,,100931,100,,,100932,100,,
2019-06-28 10:00:40.000000000,98721,252,98707,252,98936,248,98706,148,99006,248,,,99176,100,,,99593,100,,,99928,100,,,100451,100,,,100931,100,,,100932,100,,,100946,100,,
2019-06-28 10:00:47.071766876,98721,252,98707,152,98936,248,98706,148,99006,248,,,99176,100,,,99593,100,,,99928,100,,,100451,100,,,100931,100,,,100932,100,,,100946,100,,
2019-06-28 10:00:50.000000000,98721,100,,,98936,100,,,99006,100,,,99176,100,,,99593,100,,,99928,100,,,100451,100,,,100931,100,,,100932,100,,,100946,100,,
2019-06-28 10:01:44.982116070,98936,100,,,99006,100,,,99176,100,,,99593,100,,,99928,100,,,100451,100,,,100931,100,,,100932,100,,,100946,100,,,100973,100,,
2019-06-28 10:02:06.407322826,98936,100,98708,100,99006,100,,,99176,100,,,99593,100,,,99928,100,,,100451,100,,,100931,100,,,100932,100,,,100946,100,,,100973,100,,
2019-06-28 10:02:10.000000000,98936,212,98708,212,99006,212,98707,112,99176,212,,,99593,212,,,99928,100,,,100451,100,,,100931,100,,,100932,100,,,100946,100,,,100973,100,,
2019-06-28 10:02:20.000000000,98936,252,98708,252,99006,248,98707,148,99176,248,,,99593,100,,,99928,100,,,100451,100,,,100931,100,,,100932,100,,,100946,100,,,100973,100,,
2019-06-28 10:02:20.609726229,98936,252,98708,252,99006,248,98707,148,99176,248,,,99593,100,,,99634,100,,,99928,100,,,100451,100,,,100931,100,,,100932,100,,,100946,100,,
2019-06-28 10:02:30.000000000,98936,252,98708,252,99006,248,98707,148,99176,248,,,99593,100,,,99634,100,,,99928,100,,,100451,100,,,100931,100,,,100932,100,,,100946,100,,
2019-06-28 10:02:32.865099880,98936,152,98708,252,99006,248,98707,148,99176,248,,,99593,100,,,99634,100,,,99928,100,,,100451,100,,,100931,100,,,100932,100,,,100946,100,,
2019-06-28 10:02:40.000000000,99006,190,98708,190,99176,190,98707,90,99593,190,,,99634,190,,,99928,190,,,100451,100,,,100931,100,,,100932,100,,,100946,100,,,100973,100,,
2019-06-28 10:02:43.942082424,99006,190,98708,190,99176,190,98707,90,99593,190,,,99620,100,,,99634,190,,,99928,190,,,100451,100,,,100931,100,,,100932,100,,,100946,100,,
2019-06-28 10:02:50.000000000,99006,212,98708,212,99176,212,98707,112,99593,212,,,99620,212,,,99634,100,,,99928,100,,,100451,100,,,100931,100,,,100932,100,,,100946,100,,
2019-06-28 10:03:00.000000000,99006,548,98708,548,99176,100,,,99593,100,,,99620,100,,,99634,100,,,99928,100,,,100451,100,,,100931,100,,,100932,100,,,100946,100,,
2019-06-28 10:03:10.000000000,99006,190,98708,190,99176,190,98707,90,99593,190,,,99620,190,,,99634,190,,,99928,100,,,100451,100,,,100931,100,,,100932,100,,,100946,100,,
2019-06-28 10:03:13.419996145,99006,190,98721,100,99176,190,98708,190,99593,190,98707,90,99620,190,,,99634,190,,,99928,100,,,100451,100,,,100931,100,,,100932,100,,,100946,100,,
2019-06-28 10:03:20.000000000,99006,324,98721,324,99176,324,98708,324,99593,100,,,99620,100,,,99634,100,,,99928,100,,,100451,100,,,100931,100,,,100932,100,,,100946,100,,
2019-06-28 10:03:21.934783419,99006,324,98721,324,99176,324,98708,324,99247,100,,,99593,100,,,99620,100,,,99634,100,,,99928,100,,,100451,100,,,100931,100,,,100932,100,,
2019-06-28 10:03:30.000000000,99006,252,98721,252,99176,248,98708,248,99247,248,98707,148,99593,100,,,99620,100,,,99634,100,,,99928,100,,,100451,100,,,100931,100,,,100932,100,,
2019-06-28 10:03:31.607668634,99006,252,98721,352,99176,248,98708,248,99247,248,98707,148,99593,100,,,99620,100,,,99634,100,,,99928,100,,,100451,100,,,100931,100,,,100932,100,,
2019-06-28 10:03:34.131937612,99006,252,98721,452,99176,248,98708,248,99247,248,98707,148,99593,100,,,99620,100,,,99634,100,,,99928,100,,,100451,100,,,100931,100,,,100932,100,,
2019-06-28 10:03:40.000000000,99006,324,98721,524,99176,324,98708,324,99247,100,,,99593,100,,,99620,100,,,99634,100,,,99928,100,,,100451,100,,,100931,100,,,100932,100,,
2019-06-28 10:03:40.640963430,99006,324,98721,524,99176,324,98708,324,99247,100,,,99345,100,,,99593,100,,,99620,100,,,99634,100,,,99928,100,,,100451,100,,,100931,100,,
2019-06-28 10:03:50.000000000,99006,324,98721,524,99176,324,98708,324,99247,100,,,99345,100,,,99593,100,,,99620,100,,,99634,100,,,99928,100,,,100451,100,,,100931,100,,
2019-06-28 10:03:52.806710671,99006,324,98930,100,99176,324,98721,524,99247,100,98708,324,99345,100,,,99593,100,,,99620,100,,,99634,100,,,99928,100,,,100451,100,,,100931,100,,
2019-06-28 10:04:00.000000000,99006,190,98930,190,99176,190,98721,390,99247,190,98708,190,99345,190,98707,90,99593,190,,,99620,100,,,99634,100,,,99928,100,,,100451,100,,,100931,100,,
2019-06-28 10:04:10.000000000,99006,324,98930,324,99176,324,98721,524,99247,100,98708,100,99345,100,,,99593,100,,,99620,100,,,99634,100,,,99928,100,,,100451,100,,,100931,100,,
2019-06-28 10:04:20.000000000,99006,548,98930,548,99176,100,98721,300,99247,100,98708,100,99345,100,,,99593,100,,,99620,100,,,99634,100,,,99928,100,,,100451,100,,,100931,100,,
2019-06-28 10:04:22.496622029,99006,548,98930,548,99176,100,98795,100,99247,100,98721,300,99345,100,98708,100,99593,100,,,99620,100,,,99634,100,,,99928,100,,,100451,100,,,100931,100,,
2019-06-28 10:04:30.000000000,99006,212,98930,212,99176,212,98795,212,99247,212,98721,412,99345,212,98708,212,99593,100,,,99620,100,,,99634,100,,,99928,100,,,100451,100,,,100931,100,,
2019-06-28 10:04:30.658187422,98986,100,98930,212,99006,212,98795,212,99176,212,98721,412,99247,212,98708,212,99345,212,,,99593,100,,,99620,100,,,99634,100,,,99928,100,,,100451,100,,
2019-06-28 10:04:40.000000000,98986,252,98930,252,99006,248,98795,248,99176,248,98721,448,99247,100,98708,100,99345,100,,,99593,100,,,99620,100,,,99634,100,,,99928,100,,,100451,100,,
2019-06-28 10:04:50.000000000,98986,212,98930,212,99006,212,98795,212,99176,212,98721,412,99247,212,98708,212,99345,100,,,99593,100,,,99620,100,,,99634,100,,,99928,100,,,100451,100,,
2019-06-28 10:04:58.894963521,98986,112,98930,212,99006,212,98795,212,99176,212,98767,100,99247,212,98721,412,99345,100,98708,212,99593,100,,,99620,100,,,99634,100,,,99928,100,,,100451,100,,
2019-06-28 10:05:00.000000000,99006,190,98930,190,99176,190,98795,190,99247,190,98767,190,99345,190,98721,390,99593,190,98708,190,99620,100,,,99634,100,,,99928,100,,,100451,100,,,100931,100,,
2019-06-28 10:05:10.000000000,99006,548,98930,548,99176,100,98795,100,99247,100,98767,100,99345,100,98721,300,99593,100,98708,100,99620,100,,,99634,100,,,99928,100,,,100451,100,,,100931,100,,
2019-06-28 10:05:14.233994527,99006,548,98930,548,99176,100,98795,100,99247,100,98767,100,99345,100,98721,300,99593,100,98708,100,99620,100,98489,100,99634,100,,,99928,100,,,100451,100,,,100931,100,,
2019-06-28 10:05:16.675065558,98989,100,98930,548,99006,548,98795,100,99176,100,98767,100,99247,100,98721,300,99345,100,98708,100,99593,100,98489,100,99620,100,,,99928,100,,,100451,100,,,100931,100,,
2019-06-28 10:05:19.295761514,98989,100,98930,348,99006,548,98795,100,99176,100,98767,100,99247,100,98721,300,99345,100,98708,100,99593,100,98489,100,99620,100,,,99928,100,,,100451,100,,,100931,100,,
2019-06-28 10:05:20.000000000,98989,548,98795,548,99006,100,98767,100,99176,100,98721,300,99247,100,98708,100,99345,100,98489,100,99593,100,,,99620,100,,,99928,100,,,100451,100,,,100931,100,,
2019-06-28 10:05:30.000000000,98989,190,98795,190,99006,190,98767,190,99176,190,98721,390,99247,190,98708,190,99345,190,98489,190,99593,100,,,99620,100,,,99928,100,,,100451,100,,,100931,100,,
2019-06-28 10:05:40.000000000,98989,548,98795,548,99006,100,98767,100,99176,100,98721,300,99247,100,98708,100,99345,100,98489,100,99593,100,,,99620,100,,,99928,100,,,100451,100,,,100931,100,,
2019-06-28 10:05:50.000000000,98989,548,98795,548,99006,100,98767,100,99176,100,98721,300,99247,100,98708,100,99345,100,98489,100,99593,100,,,99620,100,,,99928,100,,,100451,100,,,100931,100,,
2019-06-28 10:05:52.167341513,98989,548,98795,448,99006,100,98767,100,99176,100,98721,300,99247,100,98708,100,99345,100,98489,100,99593,100,,,99620,100,,,99928,100,,,100451,100,,,100931,100,,
2019-06-28 10:06:00.000000000,98989,190,98767,190,99006,190,98721,390,99176,190,98708,190,99247,190,98489,190,99345,190,98488,90,99593,100,,,99620,100,,,99928,100,,,100451,100,,,100931,100,,
2019-06-28 10:06:10.000000000,98989,548,98767,548,99006,100,98721,300,99176,100,98708,100,99247,100,98489,100,99345,100,,,99593,100,,,99620,100,,,99928,100,,,100451,100,,,100931,100,,
2019-06-28 10:06:12.121239207,98989,548,98767,448,99006,100,98721,300,99176,100,98708,100,99247,100,,,99345,100,,,99593,100,,,99620,100,,,99928,100,,,100451,100,,,100931,100,,
2019-06-28 10:06:20.000000000,98989,190,98721,390,99006,190,98708,190,99176,190,98707,90,99247,190,,,99345,190,,,99593,100,,,99620,100,,,99928,100,,,100451,100,,,100931,100,,
2019-06-28 10:06:30.000000000,98989,252,98721,452,99006,248,98708,248,99176,248,98707,148,99247,100,,,99345,100,,,99593,100,,,99620,100,,,99928,100,,,100451,100,,,100931,100,,
2019-06-28 10:06:40.000000000,98989,190,98721,390,99006,190,98708,190,99176,190,98707,90,99247,190,,,99345,190,,,99593,100,,,99620,100,,,99928,100,,,100451,100,,,100931,100,,
2019-06-28 10:06:50.000000000,98989,548,98721,748,99006,100,98708,100,99176,100,,,99247,100,,,99345,100,,,99593,100,,,99620,100,,,99928,100,,,100451,100,,,100931,100,,
2019-06-28 10:06:57.436278302,98989,548,98721,748,99006,100,98708,100,99176,100,97298,100,99247,100,,,99345,100,,,99593,100,,,99620,100,,,99928,100,,,100451,100,,,100931,100,,
2019-06-28 10:06:58.670964298,98989,548,98721,648,99006,100,98708,100,99176,100,97298,100,99247,100,,,99345,100,,,99593,100,,,99928,100,,,100451,100,,,100931,100,,,100932,100,,
2019-06-28 10:07:00.000000000,98989,324,98721,424,99006,324,98708,324,99176,100,97298,100,99247,100,,,99345,100,,,99593,100,,,99928,100,,,100451,100,,,100931,100,,,100932,100,,
2019-06-28 10:07:01.137697368,98767,100,98721,424,98989,324,98708,324,99006,324,97298,100,99176,100,,,99247,100,,,99345,100,,,99593,100,,,99928,100,,,100451,100,,,100931,100,,
2019-06-28 10:07:10.000000000,98767,212,98721,312,98989,212,98708,212,99006,212,97298,212,99176,212,97297,112,99247,100,,,99345,100,,,99593,100,,,99928,100,,,100451,100,,,100931,100,,
2019-06-28 10:07:17.710473853,98767,212,98721,212,98989,212,98708,212,99006,212,97298,212,99176,212,97297,112,99247,100,,,99345,100,,,99593,100,,,99928,100,,,100451,100,,,100931,100,,
2019-06-28 10:07:20.000000000,98767,324,98721,324,98989,324,98708,324,99006,100,97298,100,99176,100,,,99247,100,,,99345,100,,,99593,100,,,99928,100,,,100451,100,,,100931,100,,
2019-06-28 10:07:30.000000000,98767,212,98721,212,98989,212,98708,212,99006,212,97298,212,99176,212,97297,112,99247,100,,,99345,100,,,99593,100,,,99928,100,,,100451,100,,,100931,100,,
2019-06-28 10:07:37.715437095,98767,212,98721,112,98989,212,98708,212,99006,212,97298,212,99176,212,97297,112,99247,100,,,99345,100,,,99593,100,,,99928,100,,,100451,100,,,100931,100,,
2019-06-28 10:07:40.000000000,98767,324,98708,324,98989,324,97298,324,99006,100,,,99176,100,,,99247,100,,,99345,100,,,99593,100,,,99928,100,,,100451,100,,,100931,100,,
2019-06-28 10:07:47.956162133,98721,100,98708,324,98767,324,97298,324,98989,324,,,99006,100,,,99176,100,,,99247,100,,,99345,100,,,99593,100,,,100451,100,,,100931,100,,
2019-06-28 10:07:50.000000000,98721,548,98708,548,98767,100,97298,100,98989,100,,,99006,100,,,99176,100,,,99247,100,,,99345,100,,,99593,100,,,100451,100,,,100931,100,,
2019-06-28 10:07:54.460792962,98721,548,98708,548,98767,100,97500,100,98989,100,97298,100,99006,100,,,99176,100,,,99247,100,,,99345,100,,,99593,100,,,100451,100,,,100931,100,,
2019-06-28 10:08:00.000000000,98721,324,98708,324,98767,324,97500,324,98989,100,97298,100,99006,100,,,99176,100,,,99247,100,,,99345,100,,,99593,100,,,100451,100,,,100931,100,,
2019-06-28 10:08:10.000000000,98721,252,98708,252,98767,248,97500,248,98989,248,97298,248,99006,100,,,99176,100,,,99247,100,,,99345,100,,,99593,100,,,100451,100,,,100931,100,,
2019-06-28 10:08:20.000000000,98721,324,98708,324,98767,324,97500,324,98989,100,97298,100,99006,100,,,99176,100,,,99247,100,,,99345,100,,,99593,100,,,100451,100,,,100931,100,,
2019-06-28 10:08:20.829216725,98721,324,98708,224,98767,324,97500,324,98989,100,97298,100,99006,100,,,99176,100,,,99247,100,,,99345,100,,,99593,100,,,100451,100,,,100931,100,,
2019-06-28 10:08:30.000000000,98721,190,97500,190,98767,190,97298,190,98989,190,97297,90,99006,190,,,99176,190,,,99247,100,,,99345,100,,,99593,100,,,100451,100,,,100931,100,,
2019-06-28 10:08:40.000000000,98721,252,97500,252,98767,248,97298,248,98989,248,97297,148,99006,100,,,99176,100,,,99247,100,,,99345,100,,,99593,100,,,100451,100,,,100931,100,,
2019-06-28 10:08:44.479001276,98161,100,97500,252,98721,252,97298,248,98767,248,97297,148,98989,248,,,99006,100,,,99176,100,,,99247,100,,,99345,100,,,99593,100,,,100451,100,,
2019-06-28 10:08:50.000000000,98161,252,97500,252,98721,248,97298,248,98767,248,97297,148,98989,100,,,99006,100,,,99176,100,,,99247,100,,,99345,100,,,99593,100,,,100451,100,,
2019-06-28 10:08:54.172567157,98161,252,97500,252,98720,100,97298,248,98721,248,97297,148,98767,248,,,98989,100,,,99006,100,,,99176,100,,,99247,100,,,99345,100,,,99593,100,,
2019-06-28 10:08:56.208568407,98161,252,97500,252,98720,200,97298,248,98721,248,97297,148,98767,248,,,98989,100,,,99006,100,,,99176,100,,,99247,100,,,99345,100,,,99593,100,,
2019-06-28 10:09:00.000000000,98161,252,97500,252,98720,348,97298,248,98721,248,97297,148,98767,100,,,98989,100,,,99006,100,,,99176,100,,,99247,100,,,99345,100,,,99593,100,,
2019-06-28 10:09:01.423221508,98161,252,97500,252,98720,448,97298,248,98721,248,97297,148,98767,100,,,98989,100,,,99006,100,,,99176,100,,,99247,100,,,99345,100,,,99593,100,,
2019-06-28 10:09:10.000000000,98161,324,97500,324,98720,524,97298,324,98721,100,,,98767,100,,,98989,100,,,99006,100,,,99176,100,,,99247,100,,,99345,100,,,99593,100,,
2019-06-28 10:09:16.993544996,98161,324,98081,100,98720,524,97500,324,98721,100,97298,324,98767,100,,,98989,100,,,99006,100,,,99176,100,,,99247,100,,,99345,100,,,99593,100,,
2019-06-28 10:09:20.000000000,98161,212,98081,212,98720,412,97500,212,98721,212,97298,212,98767,212,97297,112,98989,100,,,99006,100,,,99176,100,,,99247,100,,,99345,100,,,99593,100,,
2019-06-28 10:09:23.506361335,98161,212,98081,212,98720,412,98042,100,98721,212,97500,212,98767,212,97298,212,98989,100,97297,112,99006,100,,,99176,100,,,99247,100,,,99345,100,,,99593,100,,
2019-06-28 10:09:30.000000000,98161,324,98081,324,98720,524,98042,324,98721,100,97500,100,98767,100,97298,100,98989,100,,,99006,100,,,99176,100,,,99247,100,,,99345,100,,,99593,100,,
2019-06-28 10:09:31.905190954,98161,324,98081,324,98720,624,98042,324,98767,100,97500,100,98989,100,97298,100,99006,100,,,99176,100,,,99247,100,,,99345,100,,,99593,100,,,100451,100,,
2019-06-28 10:09:40.000000000,98161,548,98081,548,98720,400,98042,100,98767,100,97500,100,98989,100,97298,100,99006,100,,,99176,100,,,99247,100,,,99345,100,,,99593,100,,,100451,100,,
2019-06-28 10:09:50.000000000,98161,324,98081,324,98720,624,98042,324,98767,100,97500,100,98989,100,97298,100,99006,100,,,99176,100,,,99247,100,,,99345,100,,,99593,100,,,100451,100,,
2019-06-28 10:10:00.000000000,98161,212,98081,212,98720,512,98042,212,98767,212,97500,212,98989,212,97298,212,99006,100,,,99176,100,,,99247,100,,,99345,100,,,99593,100,,,100451,100,,
2019-06-28 10:10:10.000000000,98161,324,98081,324,98720,624,98042,324,98767,100,97500,100,98989,100,97298,100,99006,100,,,99176,100,,,99247,100,,,99345,100,,,99593,100,,,100451,100,,
2019-06-28 10:10:19.924560247,98161,224,98081,324,98720,624,98042,324,98767,100,97500,100,98989,100,97298,100,99006,100,,,99176,100,,,99247,100,,,99345,100,,,99593,100,,,100451,100,,
2019-06-28 10:10:20.000000000,98720,552,98081,252,98767,248,98042,248,98989,248,97500,248,99006,100,97298,100,99176,100,,,99247,100,,,99345,100,,,99593,100,,,100451,100,,,100931,100,,
2019-06-28 10:10:28.196722769,98708,100,98081,252,98720,552,98042,248,98767,248,97500,248,98989,248,97298,100,99006,100,,,99176,100,,,99247,100,,,99345,100,,,99593,100,,,100451,100,,
2019-06-28 10:10:30.000000000,98708,324,98081,324,98720,624,98042,324,98767,100,97500,100,98989,100,97298,100,99006,100,,,99176,100,,,99247,100,,,99345,100,,,99593,100,,,100451,100,,
2019-06-28 10:10:40.000000000,98708,324,98081,324,98720,624,98042,324,98767,100,97500,100,98989,100,97298,100,99006,100,,,99176,100,,,99247,100,,,99345,100,,,99593,100,,,100451,100,,
2019-06-28 10:10:48.868811538,98708,324,98161,100,98720,624,98081,324,98767,100,98042,324,98989,100,97500,100,99006,100,97298,100,99176,100,,,99247,100,,,99345,100,,,99593,100,,,100451,100,,
2019-06-28 10:10:50.000000000,98708,252,98161,252,98720,548,98081,248,98767,248,98042,248,98989,100,97500,100,99006,100,97298,100,99176,100,,,99247,100,,,99345,100,,,99593,100,,,100451,100,,
2019-06-28 10:10:52.612798446,98708,252,98221,100,98720,548,98161,252,98767,248,98081,248,98989,100,98042,148,99006,100,97500,100,99176,100,97298,100,99247,100,,,99345,100,,,99593,100,,,100451,100,,
2019-06-28 10:10:56.171553005,98708,252,98477,100,98720,548,98221,100,98767,248,98161,252,98989,100,98081,248,99006,100,98042,148,99176,100,97500,100,99247,100,97298,100,99345,100,,,99593,100,,,100451,100,,
2019-06-28 10:11:00.000000000,98708,190,98477,190,98720,490,98221,190,98767,190,98161,190,98989,190,98081,190,99006,190,97500,190,99176,100,97298,100,99247,100,,,99345,100,,,99593,100,,,100451,100,,
2019-06-28 10:11:08.836954226,98708,190,98477,190,98720,490,98221,190,98767,190,98161,290,98989,190,98081,190,99006,190,97500,190,99176,100,97298,100,99247,100,,,99345,100,,,99593,100,,,100451,100,,
2019-06-28 10:11:10.000000000,98708,190,98477,190,98720,490,98221,190,98767,190,98161,290,98989,190,98081,190,99006,190,97500,190,99176,100,97298,100,99247,100,,,99345,100,,,99593,100,,,100451,100,,
2019-06-28 10:11:20.000000000,98708,252,98477,252,98720,548,98221,248,98767,248,98161,348,98989,100,98081,100,99006,100,97500,100,99176,100,97298,100,99247,100,,,99345,100,,,99593,100,,,100451,100,,
2019-06-28 10:11:26.547173347,98708,252,98477,252,98720,548,98221,248,98767,248,98161,448,98989,100,98081,100,99006,100,97500,100,99176,100,97298,100,99247,100,,,99345,100,,,99593,100,,,100451,100,,
2019-06-28 10:11:30.000000000,98708,190,98477,190,98720,490,98221,190,98767,190,98161,390,98989,190,98081,190,99006,190,97500,190,99176,100,97298,100,99247,100,,,99345,100,,,99593,100,,,100451,100,,
2019-06-28 10:11:40.000000000,98708,252,98477,252,98720,548,98221,248,98767,248,98161,448,98989,100,98081,100,99006,100,97500,100,99176,100,97298,100,99247,100,,,99345,100,,,99593,100,,,100451,100,,
2019-06-28 10:11:49.632100035,98708,252,98477,252,98720,548,98221,248,98767,248,98161,448,98989,100,98081,100,99006,100,98058,100,99176,100,97500,100,99247,100,97298,100,99345,100,,,99593,100,,,100451,100,,
2019-06-28 10:11:50.000000000,98708,548,98477,548,98720,400,98221,100,98767,100,98161,300,98989,100,98081,100,99006,100,98058,100,99176,100,97500,100,99247,100,97298,100,99345,100,,,99593,100,,,100451,100,,
2019-06-28 10:12:00.000000000,98708,252,98477,252,98720,548,98221,248,98767,248,98161,448,98989,100,98081,100,99006,100,98058,100,99176,100,97500,100,99247,100,97298,100,99345,100,,,99593,100,,,100451,100,,
2019-06-28 10:12:10.000000000,98708,252,98477,252,98720,548,98221,248,98767,248,98161,448,98989,100,98081,100,99006,100,98058,100,99176,100,97500,100,99247,100,97298,100,99345,100,,,99593,100,,,100451,100,,
2019-06-28 10:12:20.000000000,98708,324,98477,324,98720,624,98221,324,98767,100,98161,300,98989,100,98081,100,99006,100,98058,100,99176,100,97500,100,99247,100,97298,100,99345,100,,,99593,100,,,100451,100,,
2019-06-28 10:12:30.000000000,98708,548,98477,548,98720,400,98221,100,98767,100,98161,300,98989,100,98081,100,99006,100,98058,100,99176,100,97500,100,99247,100,97298,100,99345,100,,,99593,100,,,100451,100,,
2019-06-28 10:12:40.000000000,98708,212,98477,212,98720,512,98221,212,98767,212,98161,412,98989,212,98081,212,99006,100,98058,100,99176,100,97500,100,99247,100,97298,100,99345,100,,,99593,100,,,100451,100,,
2019-06-28 10:12:50.000000000,98708,252,98477,252,98720,548,98221,248,98767,248,98161,448,98989,100,98081,100,99006,100,98058,100,99176,100,97500,100,99247,100,97298,100,99345,100,,,99593,100,,,100451,100,,
2019-06-28 10:12:51.236653417,98708,252,98477,252,98720,548,98221,248,98767,248,98161,448,98989,100,98081,100,99006,100,98058,100,99176,100,97580,100,99247,100,97500,100,99345,100,97298,100,99593,100,,,100451,100,,
2019-06-28 10:13:00.000000000,98708,252,98477,252,98720,548,98221,248,98767,248,98161,448,98989,100,98081,100,99006,100,98058,100,99176,100,97580,100,99247,100,97500,100,99345,100,97298,100,99593,100,,,100451,100,,
2019-06-28 10:13:10.000000000,98708,190,98477,190,98720,490,98221,190,98767,190,98161,390,98989,190,98081,190,99006,190,98058,190,99176,100,97580,100,99247,100,97500,100,99345,100,97298,100,99593,100,,,100451,100,,
2019-06-28 10:13:20.000000000,98708,252,98477,252,98720,548,98221,248,98767,248,98161,448,98989,100,98081,100,99006,100,98058,100,99176,100,97580,100,99247,100,97500,100,99345,100,97298,100,99593,100,,,100451,100,,
2019-06-28 10:13:20.311582890,98708,252,98477,152,98720,548,98221,248,98767,248,98161,448,98989,100,98081,100,99006,100,98058,100,99176,100,97580,100,99247,100,97500,100,99345,100,97298,100,99593,100,,,100451,100,,
2019-06-28 10:13:23.951250756,98708,252,98477,52,98720,548,98221,248,98767,248,98161,448,98989,100,98081,100,99006,100,98058,100,99176,100,97580,100,99247,100,97500,100,99345,100,97298,100,99593,100,,,100451,100,,
2019-06-28 10:13:30.000000000,98708,190,98221,190,98720,490,98161,390,98767,190,98081,190,98989,190,98058,190,99006,190,97580,190,99176,100,97500,100,99247,100,97298,100,99345,100,,,99593,100,,,100451,100,,
2019-06-28 10:13:31.450119810,98708,190,98221,190,98720,490,98161,390,98767,190,98094,100,98989,190,98081,190,99006,190,98058,190,99176,100,97580,190,99247,100,97500,100,99345,100,97298,100,99593,100,,,100451,100,,
2019-06-28 10:13:33.664105172,98344,100,98221,190,98708,190,98161,390,98720,490,98094,100,98767,190,98081,190,98989,190,98058,190,99006,190,97580,190,99176,100,97500,100,99247,100,97298,100,99345,100,,,99593,100,,
2019-06-28 10:13:40.000000000,98344,548,98221,548,98708,100,98161,300,98720,400,98094,100,98767,100,98081,100,98989,100,98058,100,99006,100,97580,100,99176,100,97500,100,99247,100,97298,100,99345,100,,,99593,100,,
2019-06-28 10:13:50.000000000,98344,324,98221,324,98708,324,98161,524,98720,400,98094,100,98767,100,98081,100,98989,100,98058,100,99006,100,97580,100,99176,100,97500,100,99247,100,97298,100,99345,100,,,99593,100,,
2019-06-28 10:13:53.678997835,98344,324,98221,324,98477,100,98161,524,98708,224,98094,100,98720,400,98081,100,98767,100,98058,100,98989,100,97580,100,99006,100,97500,100,99176,100,97298,100,99247,100,,,99345,100,,
2019-06-28 10:13:59.828755932,98344,324,98221,324,98432,100,98161,524,98477,100,98094,100,98708,224,98081,100,98720,400,98058,100,98767,100,97580,100,98989,100,97500,100,99006,100,97298,100,99176,100,,,99247,100,,
2019-06-28 10:13:59.990171002,98344,224,98221,324,98432,100,98161,524,98477,100,98094,100,98708,224,98081,100,98720,400,98058,100,98767,100,97580,100,98989,100,97500,100,99006,100,97298,100,99176,100,,,99247,100,,
2019-06-28 10:14:00.000000000,98432,252,98221,252,98477,248,98161,448,98720,548,98094,248,98767,100,98081,100,98989,100,98058,100,99006,100,97580,100,99176,100,97500,100,99247,100,97298,100,99345,100,,,99593,100,,
2019-06-28 10:14:05.974170821,98432,252,98405,100,98477,248,98221,252,98720,548,98161,448,98767,100,98094,248,98989,100,98081,100,99006,100,98058,100,99176,100,97580,100,99247,100,97500,100,99345,100,97298,100,99593,100,,
2019-06-28 10:14:10.000000000,98432,324,98405,324,98477,324,98221,324,98720,400,98161,300,98767,100,98094,100,98989,100,98081,100,99006,100,98058,100,99176,100,97580,100,99247,100,97500,100,99345,100,97298,100,99593,100,,
2019-06-28 10:14:11.316191204,98432,224,98405,324,98477,324,98221,324,98720,400,98161,300,98767,100,98094,100,98989,100,98081,100,99006,100,98058,100,99247,100,97580,100,99345,100,97500,100,99593,100,97298,100,100451,100,,
2019-06-28 10:14:16.598794362,98432,224,98405,224,98477,324,98221,324,98720,400,98161,300,98767,100,98094,100,98989,100,98081,100,99006,100,98058,100,99247,100,97580,100,99345,100,97500,100,99593,100,97298,100,100451,100,,
2019-06-28 10:14:20.000000000,98477,190,98221,190,98720,490,98161,390,98767,190,98094,190,98989,190,98081,190,99006,190,98058,190,99247,100,97580,100,99345,100,97500,100,99593,100,97298,100,100451,100,,,100931,100,,
