,ask_price_1,ask_size_1,bid_price_1,bid_size_1,ask_price_2,ask_size_2,bid_price_2,bid_size_2,ask_price_3,ask_size_3,bid_price_3,bid_size_3,ask_price_4,ask_size_4,bid_price_4,bid_size_4,ask_price_5,ask_size_5,bid_price_5,bid_size_5,ask_price_6,ask_size_6,bid_price_6,bid_size_6,ask_price_7,ask_size_7,bid_price_7,bid_size_7,ask_price_8,ask_size_8,bid_price_8,bid_size_8,ask_price_9,ask_size_9,bid_price_9,bid_size_9,ask_price_10,ask_size_10,bid_price_10,bid_size_10
2019-06-28 09:30:00.000000000,,,99917,100,,,,,,,,,,,,,,,,,,,,,,,,,,,,,,,,,,,,
2019-06-28 09:30:00.000000002,100147,100,99936,100,,,,,,,,,,,,,,,,,,,,,,,,,,,,,,,,,,,,
2019-06-28 09:30:00.000000003,99959,100,99936,100,100147,100,99920,100,,,,,,,,,,,,,,,,,,,,,,,,,,,,,,,,
2019-06-28 09:30:00.000000004,99959,100,99936,100,100023,100,99920,100,100099,100,,,100147,100,,,,,,,,,,,,,,,,,,,,,,,,,,
2019-06-28 09:30:00.000000005,99959,100,99936,100,100023,100,99920,100,100055,100,,,100099,100,,,100147,100,,,,,,,,,,,,,,,,,,,,,,
2019-06-28 09:30:00.000000006,99959,100,99936,100,100023,100,99920,100,100055,100,,,100093,100,,,100099,100,,,100147,100,,,,,,,,,,,,,,,,,,
2019-06-28 09:30:00.000000009,100023,100,99936,100,100055,100,99920,100,100093,100,,,100099,100,,,100147,100,,,,,,,,,,,,,,,,,,,,,,
2019-06-28 09:30:00.000000012,100023,100,100019,100,100055,100,99936,100,100093,100,99920,100,100099,100,,,100147,100,,,,,,,,,,,,,,,,,,,,,,
2019-06-28 09:30:00.000000017,100023,100,100019,100,100055,100,99936,100,100093,100,99920,100,100099,100,99815,100,100147,100,,,,,,,,,,,,,,,,,,,,,,
2019-06-28 09:30:00.000000018,100023,100,100019,100,100055,100,99936,100,100093,100,99920,100,100099,100,99815,100,100109,100,,,100147,100,,,,,,,,,,,,,,,,,,
2019-06-28 09:30:00.000000021,100023,100,100019,100,100055,100,99936,100,100093,100,99920,100,100099,100,99916,100,100109,100,99815,100,100147,100,,,,,,,,,,,,,,,,,,
2019-06-28 09:30:00.000000028,100023,100,100019,100,100055,100,99936,100,100093,100,99920,100,100099,100,99916,100,100109,100,99815,100,100126,100,,,100147,100,,,,,,,,,,,,,,
2019-06-28 09:30:00.000000031,100023,100,100019,100,100055,100,99936,100,100093,100,99920,100,100099,100,99916,100,100109,100,99815,100,100126,100,,,100147,100,,,100171,100,,,,,,,,,,
2019-06-28 09:30:00.000000032,100023,100,100019,100,100055,100,99936,100,100093,100,99920,100,100099,100,99916,100,100109,100,99815,100,100126,100,,,100147,100,,,100171,100,,,100236,100,,,,,,
2019-06-28 09:30:00.000000033,100023,100,100019,100,100055,100,99936,100,100093,100,99920,100,100099,100,99916,100,100109,100,99815,100,100120,100,,,100126,100,,,100147,100,,,100171,100,,,100236,100,,
2019-06-28 09:30:00.000000034,100023,100,99936,100,100055,100,99920,100,100093,100,99916,100,100099,100,99815,100,100109,100,,,100120,100,,,100126,100,,,100147,100,,,100171,100,,,100216,100,,
2019-06-28 09:30:00.000000036,100023,100,99936,100,100055,100,99920,100,100061,100,99916,100,100093,100,99815,100,100099,100,,,100109,100,,,100120,100,,,100126,100,,,100147,100,,,100171,100,,
2019-06-28 09:30:00.000000037,100023,200,99936,100,100055,100,99920,100,100061,100,99916,100,100093,100,99815,100,100099,100,,,100109,100,,,100120,100,,,100126,100,,,100147,100,,,100171,100,,
2019-06-28 09:30:00.000000038,100011,100,99936,100,100023,200,99920,100,100055,100,99916,100,100061,100,99815,100,100088,100,,,100093,100,,,100099,100,,,100109,100,,,100120,100,,,100126,100,,
2019-06-28 09:30:00.000000039,100011,100,99936,100,100019,100,99920,100,100023,200,99916,100,100055,100,99815,100,100061,100,,,100088,100,,,100093,100,,,100099,100,,,100109,100,,,100120,100,,
2019-06-28 09:30:00.000000043,100019,100,99936,100,100023,200,99920,100,100055,100,99916,100,100061,100,99815,100,100088,100,,,100091,100,,,100093,100,,,100099,100,,,100109,100,,,100120,100,,
2019-06-28 09:30:00.000000045,100019,100,99920,100,100023,200,99916,100,100055,100,99815,100,100061,100,,,100088,100,,,100091,100,,,100093,100,,,100099,100,,,100109,100,,,100120,100,,
2019-06-28 09:30:00.000000046,100011,100,99920,100,100019,100,99916,100,100023,200,99815,100,100055,100,,,100061,100,,,100088,100,,,100091,100,,,100093,100,,,100099,100,,,100109,100,,
2019-06-28 09:30:00.000000047,100011,100,99920,100,100019,100,99916,100,100023,200,99815,100,100055,100,,,100061,100,,,100088,100,,,100091,100,,,100093,100,,,100099,100,,,100109,100,,
2019-06-28 09:30:00.000000048,99972,100,99920,100,100011,100,99916,100,100019,100,99815,100,100023,200,,,100055,100,,,100061,100,,,100088,100,,,100091,100,,,100093,100,,,100099,100,,
2019-06-28 09:30:00.000000053,99972,100,99920,100,100011,200,99916,100,100019,100,99815,100,100023,200,,,100055,100,,,100061,100,,,100088,100,,,100091,100,,,100093,100,,,100099,100,,
2019-06-28 09:30:00.000000058,100011,200,99920,100,100019,100,99916,100,100023,200,99815,100,100055,100,,,100061,100,,,100088,100,,,100091,100,,,100093,100,,,100099,100,,,100109,100,,
2019-06-28 09:30:00.000000062,100011,200,99920,100,100019,100,99916,100,100023,200,99815,100,100044,100,,,100055,100,,,100061,100,,,100088,100,,,100091,100,,,100093,100,,,100099,100,,
2019-06-28 09:30:00.000000065,100011,200,99920,100,100019,100,99916,100,100023,200,99850,100,100044,100,99815,100,100055,100,,,100061,100,,,100088,100,,,100091,100,,,100093,100,,,100099,100,,
2019-06-28 09:30:00.000000070,100011,200,99936,100,100019,100,99920,100,100023,200,99916,100,100044,100,99850,100,100055,100,99815,100,100061,100,,,100088,100,,,100091,100,,,100093,100,,,100099,100,,
2019-06-28 09:30:00.000000072,100011,200,99936,100,100019,100,99920,100,100023,200,99916,100,100044,100,99850,100,100055,100,99815,100,100061,100,,,100078,100,,,100088,100,,,100091,100,,,100093,100,,
2019-06-28 09:30:00.000000073,100011,200,99936,100,100013,100,99920,100,100019,100,99916,100,100023,200,99877,100,100044,100,99850,100,100055,100,99815,100,100061,100,,,100078,100,,,100088,100,,,100091,100,,
2019-06-28 09:30:00.000000074,100011,200,99936,100,100013,100,99920,100,100019,100,99916,100,100023,200,99877,100,100044,100,99850,100,100055,100,99815,100,100061,100,,,100078,100,,,100088,100,,,100091,100,,
2019-06-28 09:30:00.000000076,100011,200,99936,100,100013,100,99920,100,100019,100,99916,100,100023,200,99877,100,100044,100,99850,100,100055,100,99815,100,100061,100,,,100078,100,,,100088,100,,,100091,100,,
2019-06-28 09:30:00.000000077,100011,200,99995,100,100013,100,99936,100,100019,100,99920,100,100023,200,99916,100,100044,100,99877,100,100055,100,99850,100,100061,100,99815,100,100078,100,,,100088,100,,,100091,100,,
2019-06-28 09:30:00.000000079,100011,200,99995,100,100013,100,99936,100,100019,100,99920,100,100023,200,99916,100,100044,100,99877,100,100055,100,99850,100,100061,100,99815,100,100078,100,,,100088,100,,,100091,100,,
2019-06-28 09:30:00.000000080,100011,200,99995,100,100013,100,99936,200,100019,100,99920,100,100023,200,99916,100,100044,100,99877,100,100055,100,99850,100,100061,100,99815,100,100078,100,,,100088,100,,,100091,100,,
2019-06-28 09:30:00.000000081,100011,200,99995,100,100013,100,99936,200,100019,100,99920,100,100023,200,99916,100,100029,100,99877,100,100044,100,99850,100,100055,100,99815,100,100061,100,,,100078,100,,,100088,100,,
2019-06-28 09:30:00.000000082,100011,200,99995,100,100013,100,99936,200,100019,100,99920,100,100023,200,99916,100,100029,100,99877,100,100044,100,99850,100,100055,100,99815,100,100061,100,,,100078,100,,,100087,100,,
2019-06-28 09:30:00.000000083,100011,200,99995,100,100013,100,99936,300,100019,100,99920,100,100023,200,99916,100,100029,100,99877,100,100044,100,99850,100,100055,100,99815,100,100061,100,,,100078,100,,,100087,100,,
2019-06-28 09:30:00.000000085,100011,200,99995,100,100013,100,99936,400,100019,100,99920,100,100023,200,99916,100,100029,100,99877,100,100044,100,99850,100,100055,100,99815,100,100061,100,,,100078,100,,,100087,100,,
2019-06-28 09:30:00.000000086,100011,200,99995,100,100013,100,99936,400,100019,100,99920,100,100023,200,99916,100,100029,100,99877,100,100044,100,99850,100,100055,100,99815,100,100061,100,,,100078,100,,,100087,100,,
2019-06-28 09:30:00.000000088,100011,200,99995,100,100013,100,99936,500,100019,100,99920,100,100023,200,99916,100,100024,100,99877,100,100029,100,99850,100,100044,100,99815,100,100055,100,,,100061,100,,,100078,100,,
2019-06-28 09:30:00.000000092,100011,200,99995,100,100013,100,99956,100,100019,100,99936,500,100023,200,99920,100,100024,100,99916,100,100029,100,99877,100,100044,100,99850,100,100055,100,99815,100,100061,100,,,100078,100,,
2019-06-28 09:30:00.000000093,100011,200,99995,100,100013,100,99956,100,100019,100,99936,500,100023,200,99933,100,100024,100,99920,100,100029,100,99916,100,100044,100,99877,100,100055,100,99850,100,100061,100,99815,100,100078,100,,
2019-06-28 09:30:00.000000094,100011,200,99995,100,100013,100,99976,100,100019,100,99956,100,100023,200,99936,500,100024,100,99933,100,100029,100,99920,100,100044,100,99916,100,100055,100,99877,100,100061,100,99857,100,100078,100,99850,100
2019-06-28 09:30:00.000000095,100011,200,99995,100,100013,100,99976,100,100019,100,99956,100,100023,200,99936,500,100024,100,99933,100,100029,100,99920,100,100044,100,99916,100,100055,100,99915,100,100061,100,99877,100,100078,100,99857,100
2019-06-28 09:30:00.000000096,100011,200,99995,100,100013,100,99976,100,100019,100,99956,100,100023,200,99936,500,100024,100,99933,100,100029,100,99920,100,100044,100,99916,100,100055,100,99915,100,100061,100,99877,100,100078,100,99857,100
2019-06-28 09:30:01.889089271,100011,200,99995,100,100013,100,99976,100,100019,100,99956,100,100023,200,99936,500,100024,100,99933,100,100029,100,99920,100,100044,100,99916,100,100055,100,99915,100,100061,100,99877,100,100078,100,99857,100
2019-06-28 09:30:10.000000000,100011,285,99995,185,100013,185,99976,185,100019,185,99956,185,100023,285,99936,585,100024,185,99933,185,100029,100,99920,100,100044,100,99916,100,100055,100,99915,100,100061,100,99877,100,100078,100,99857,100
2019-06-28 09:30:12.169160140,100011,285,99995,185,100013,185,99976,185,100019,185,99956,185,100023,285,99936,485,100024,185,99933,185,100029,100,99920,100,100044,100,99916,100,100055,100,99915,100,100061,100,99877,100,100078,100,99857,100
2019-06-28 09:30:12.918490216,100011,285,99995,185,100013,185,99976,185,100019,185,99956,185,100023,285,99936,485,100024,185,99933,185,100029,100,99920,100,100044,100,99916,100,100055,100,99915,100,100061,100,99877,100,100078,100,99857,100
2019-06-28 09:30:19.444327450,100011,285,99995,185,100013,185,99976,185,100019,185,99956,185,100023,285,99936,485,100024,185,99933,185,100029,100,99920,100,100044,100,99916,100,100055,100,99915,100,100061,100,99877,100,100078,100,99857,100
2019-06-28 09:30:20.000000000,100011,285,99995,185,100013,185,99976,185,100019,185,99956,185,100023,285,99936,485,100024,185,99933,185,100029,100,99920,100,100044,100,99916,100,100055,100,99915,100,100061,100,99877,100,100078,100,99857,100
2019-06-28 09:30:23.429926803,100011,285,99995,185,100013,185,99976,185,100019,185,99956,185,100023,285,99936,485,100024,185,99933,185,100029,100,99920,100,100044,100,99916,100,100053,100,99915,100,100055,100,99877,100,100061,100,99857,100
2019-06-28 09:30:25.883983789,100011,285,99995,185,100013,185,99976,185,100019,185,99956,185,100023,285,99936,485,100024,185,99933,185,100029,100,99916,100,100044,100,99915,100,100053,100,99877,100,100055,100,99857,100,100061,100,99850,100
2019-06-28 09:30:30.000000000,100011,624,99995,524,100013,100,99976,100,100019,100,99956,100,100023,200,99936,400,100024,100,99933,100,100029,100,99916,100,100044,100,99915,100,100053,100,99877,100,100055,100,99857,100,100061,100,99850,100
2019-06-28 09:30:40.000000000,100011,344,99995,244,100013,240,99976,240,100019,240,99956,240,100023,200,99936,400,100024,100,99933,100,100029,100,99916,100,100044,100,99915,100,100053,100,99877,100,100055,100,99857,100,100061,100,99850,100
2019-06-28 09:30:50.000000000,100011,624,99995,524,100013,100,99976,100,100019,100,99956,100,100023,200,99936,400,100024,100,99933,100,100029,100,99916,100,100044,100,99915,100,100053,100,99877,100,100055,100,99857,100,100061,100,99850,100
2019-06-28 09:31:00.000000000,100011,344,99995,244,100013,240,99976,240,100019,240,99956,240,100023,200,99936,400,100024,100,99933,100,100029,100,99916,100,100044,100,99915,100,100053,100,99877,100,100055,100,99857,100,100061,100,99850,100
2019-06-28 09:31:10.000000000,100011,285,99995,185,100013,185,99976,185,100019,185,99956,185,100023,285,99936,485,100024,185,99933,185,100029,100,99916,100,100044,100,99915,100,100053,100,99877,100,100055,100,99857,100,100061,100,99850,100
2019-06-28 09:31:12.833262660,100011,285,99995,185,100013,185,99976,185,100019,85,99956,185,100023,285,99936,585,100024,185,99933,185,100029,100,99916,100,100044,100,99915,100,100053,100,99877,100,100055,100,99857,100,100061,100,99850,100
2019-06-28 09:31:16.092504700,100011,285,99995,185,100013,185,99976,185,100019,85,99956,185,100023,185,99936,585,100024,185,99933,185,100029,100,99916,100,100044,100,99915,100,100053,100,99877,100,100055,100,99857,100,100061,100,99850,100
2019-06-28 09:31:17.396053387,100011,285,99995,185,100013,185,99976,185,100019,85,99956,185,100023,185,99936,585,100024,85,99933,185,100029,100,99916,100,100044,100,99915,100,100053,100,99877,100,100055,100,99857,100,100061,100,99850,100
2019-06-28 09:31:20.000000000,100011,412,99995,312,100013,312,99976,312,100023,100,99956,100,100029,100,99936,500,100044,100,99933,100,100053,100,99916,100,100055,100,99915,100,100061,100,99877,100,100078,100,99857,100,100087,100,99850,100
2019-06-28 09:31:30.000000000,100011,624,99995,524,100013,100,99976,100,100023,100,99956,100,100029,100,99936,500,100044,100,99933,100,100053,100,99916,100,100055,100,99915,100,100061,100,99877,100,100078,100,99857,100,100087,100,99850,100
2019-06-28 09:31:40.000000000,100011,306,99995,206,100013,206,99976,206,100023,206,99956,206,100029,206,99936,606,100044,100,99933,100,100053,100,99916,100,100055,100,99915,100,100061,100,99877,100,100078,100,99857,100,100087,100,99850,100
2019-06-28 09:31:41.789065780,100011,206,99995,206,100013,206,99976,206,100023,206,99956,206,100029,206,99936,606,100044,100,99933,100,100053,100,99916,100,100055,100,99915,100,100061,100,99877,100,100078,100,99857,100,100087,100,99850,100
2019-06-28 09:31:50.000000000,100011,206,99995,206,100013,206,99976,206,100023,206,99956,206,100029,206,99936,606,100044,100,99933,100,100053,100,99916,100,100055,100,99915,100,100061,100,99877,100,100078,100,99857,100,100087,100,99850,100
2019-06-28 09:31:52.266113450,100011,106,99995,206,100013,206,99976,206,100023,206,99956,206,100029,206,99936,606,100044,100,99933,100,100053,100,99916,100,100055,100,99915,100,100061,100,99877,100,100078,100,99857,100,100087,100,99850,100
2019-06-28 09:32:00.000000000,100013,312,99995,312,100023,312,99976,312,100029,100,99956,100,100044,100,99936,500,100053,100,99933,100,100055,100,99916,100,100061,100,99915,100,100078,100,99877,100,100087,100,99857,100,100088,100,99850,100
2019-06-28 09:32:05.831509955,100013,312,99996,100,100023,312,99995,312,100029,100,99976,312,100044,100,99956,100,100053,100,99936,500,100055,100,99933,100,100061,100,99916,100,100078,100,99915,100,100087,100,99877,100,100088,100,99857,100
2019-06-28 09:32:10.000000000,100013,524,99996,524,100023,100,99995,100,100029,100,99976,100,100044,100,99956,100,100053,100,99936,500,100055,100,99933,100,100061,100,99916,100,100078,100,99915,100,100087,100,99877,100,100088,100,99857,100
2019-06-28 09:32:10.560584879,100013,524,99996,624,100023,100,99995,100,100029,100,99976,100,100044,100,99956,100,100053,100,99936,500,100055,100,99933,100,100061,100,99916,100,100078,100,99915,100,100087,100,99877,100,100088,100,99857,100
2019-06-28 09:32:14.496562420,100013,424,99996,624,100023,100,99995,100,100029,100,99976,100,100044,100,99956,100,100053,100,99936,500,100055,100,99933,100,100061,100,99916,100,100078,100,99915,100,100087,100,99877,100,100088,100,99857,100
2019-06-28 09:32:15.721042739,100013,324,99996,624,100023,100,99995,100,100029,100,99976,100,100044,100,99956,100,100053,100,99936,500,100055,100,99933,100,100061,100,99916,100,100078,100,99915,100,100087,100,99877,100,100088,100,99857,100
2019-06-28 09:32:20.000000000,100023,312,99996,412,100029,312,99995,312,100044,100,99976,100,100053,100,99956,100,100055,100,99936,500,100061,100,99933,100,100078,100,99916,100,100087,100,99915,100,100088,100,99877,100,100091,100,99857,100
2019-06-28 09:32:30.000000000,100023,524,99996,624,100029,100,99995,100,100044,100,99976,100,100053,100,99956,100,100055,100,99936,500,100061,100,99933,100,100078,100,99916,100,100087,100,99915,100,100088,100,99877,100,100091,100,99857,100
2019-06-28 09:32:39.062864175,100023,524,99996,624,100029,100,99995,100,100044,100,99976,100,100055,100,99956,100,100061,100,99936,500,100078,100,99933,100,100087,100,99916,100,100088,100,99915,100,100091,100,99877,100,100093,100,99857,100
2019-06-28 09:32:40.000000000,100023,206,99996,306,100029,206,99995,206,100044,206,99976,206,100055,206,99956,206,100061,100,99936,500,100078,100,99933,100,100087,100,99916,100,100088,100,99915,100,100091,100,99877,100,100093,100,99857,100
2019-06-28 09:32:50.000000000,100023,524,99996,624,100029,100,99995,100,100044,100,99976,100,100055,100,99956,100,100061,100,99936,500,100078,100,99933,100,100087,100,99916,100,100088,100,99915,100,100091,100,99877,100,100093,100,99857,100
2019-06-28 09:32:51.573617859,100023,424,99996,624,100029,100,99995,100,100044,100,99976,100,100055,100,99956,100,100061,100,99936,500,100078,100,99933,100,100087,100,99916,100,100088,100,99915,100,100091,100,99877,100,100093,100,99857,100
2019-06-28 09:33:00.000000000,100029,185,99996,285,100044,185,99995,185,100055,185,99976,185,100061,185,99956,185,100078,185,99936,585,100087,100,99933,100,100088,100,99916,100,100091,100,99915,100,100093,100,99877,100,100100,100,99857,100
2019-06-28 09:33:10.000000000,100029,185,99996,285,100044,185,99995,185,100055,185,99976,185,100061,185,99956,185,100078,185,99936,585,100087,100,99933,100,100088,100,99916,100,100091,100,99915,100,100093,100,99877,100,100100,100,99857,100
2019-06-28 09:33:12.915223195,100029,185,100013,100,100044,185,99996,285,100055,185,99995,185,100061,185,99976,185,100078,185,99956,185,100087,100,99936,585,100088,100,99933,100,100091,100,99916,100,100093,100,99915,100,100100,100,99877,100
2019-06-28 09:33:20.000000000,100029,185,100013,185,100044,185,99996,285,100055,185,99995,185,100061,185,99976,185,100078,185,99956,185,100087,100,99936,500,100088,100,99933,100,100091,100,99916,100,100093,100,99915,100,100100,100,99877,100
2019-06-28 09:33:30.000000000,100029,206,100013,206,100044,206,99996,306,100055,206,99995,206,100061,206,99976,206,100078,100,99956,100,100087,100,99936,500,100088,100,99933,100,100091,100,99916,100,100093,100,99915,100,100100,100,99877,100
2019-06-28 09:33:40.000000000,100029,244,100013,244,100044,240,99996,340,100055,240,99995,240,100061,100,99976,100,100078,100,99956,100,100087,100,99936,500,100088,100,99933,100,100091,100,99916,100,100093,100,99915,100,100100,100,99877,100
2019-06-28 09:33:50.000000000,100029,524,100013,524,100044,100,99996,200,100055,100,99995,100,100061,100,99976,100,100078,100,99956,100,100087,100,99936,500,100088,100,99933,100,100091,100,99916,100,100093,100,99915,100,100100,100,99877,100
2019-06-28 09:33:54.321815448,100029,424,100013,524,100044,100,99996,200,100055,100,99995,100,100061,100,99976,100,100078,100,99956,100,100087,100,99936,500,100088,100,99933,100,100091,100,99916,100,100093,100,99915,100,100100,100,99877,100
2019-06-28 09:34:00.000000000,100044,244,100013,244,100055,240,99996,340,100061,240,99995,240,100078,100,99976,100,100087,100,99956,100,100088,100,99936,500,100091,100,99933,100,100093,100,99916,100,100100,100,99915,100,100109,100,99877,100
2019-06-28 09:34:10.000000000,100044,206,100013,206,100055,206,99996,306,100061,206,99995,206,100078,206,99976,206,100087,100,99956,100,100088,100,99936,500,100091,100,99933,100,100093,100,99916,100,100100,100,99915,100,100109,100,99877,100
2019-06-28 09:34:20.000000000,100044,312,100013,312,100055,312,99996,412,100061,100,99995,100,100078,100,99976,100,100087,100,99956,100,100088,100,99936,500,100091,100,99933,100,100093,100,99916,100,100100,100,99915,100,100109,100,99877,100
2019-06-28 09:34:30.000000000,100044,312,100013,312,100055,312,99996,412,100061,100,99995,100,100078,100,99976,100,100087,100,99956,100,100088,100,99936,500,100091,100,99933,100,100093,100,99916,100,100100,100,99915,100,100109,100,99877,100
2019-06-28 09:34:32.729304028,100044,312,100013,312,100055,312,99996,412,100061,100,99995,100,100078,100,99985,100,100087,100,99976,100,100088,100,99956,100,100091,100,99936,500,100093,100,99933,100,100100,100,99916,100,100109,100,99915,100
2019-06-28 09:34:37.761673898,100044,312,100013,312,100055,312,99996,412,100061,100,99995,100,100078,100,99985,100,100087,100,99976,100,100088,100,99956,100,100091,100,99936,500,100093,100,99933,100,100100,100,99916,100,100126,100,99915,100
2019-06-28 09:34:40.000000000,100044,524,100013,524,100055,100,99996,200,100061,100,99995,100,100078,100,99985,100,100087,100,99976,100,100088,100,99956,100,100091,100,99936,500,100093,100,99933,100,100100,100,99916,100,100126,100,99915,100
2019-06-28 09:34:50.000000000,100044,312,100013,312,100055,312,99996,412,100061,100,99995,100,100078,100,99985,100,100087,100,99976,100,100088,100,99956,100,100091,100,99936,500,100093,100,99933,100,100100,100,99916,100,100126,100,99915,100
2019-06-28 09:35:00.000000000,100044,312,100013,312,100055,312,99996,412,100061,100,99995,100,100078,100,99985,100,100087,100,99976,100,100088,100,99956,100,100091,100,99936,500,100093,100,99933,100,100100,100,99916,100,100126,100,99915,100
2019-06-28 09:35:10.000000000,100044,185,100013,185,100055,185,99996,285,100061,185,99995,185,100078,185,99985,185,100087,185,99976,185,100088,100,99956,100,100091,100,99936,500,100093,100,99933,100,100100,100,99916,100,100126,100,99915,100
2019-06-28 09:35:14.011985436,100044,185,100023,100,100055,185,100013,185,100061,185,99996,285,100078,185,99995,185,100087,185,99985,185,100088,100,99976,185,100091,100,99956,100,100093,100,99936,500,100100,100,99933,100,100126,100,99916,100
2019-06-28 09:35:20.000000000,100044,312,100023,312,100055,312,100013,312,100061,100,99996,200,100078,100,99995,100,100087,100,99985,100,100088,100,99976,100,100091,100,99956,100,100093,100,99936,500,100100,100,99933,100,100126,100,99916,100
2019-06-28 09:35:27.315396278,100044,212,100023,312,100055,312,100013,312,100061,100,99996,200,100078,100,99995,100,100087,100,99985,100,100088,100,99976,100,100091,100,99956,100,100093,100,99936,500,100100,100,99933,100,100126,100,99916,100
2019-06-28 09:35:29.845761299,100044,212,100029,100,100055,312,100023,312,100061,100,100013,312,100078,100,99996,200,100087,100,99995,100,100088,100,99985,100,100091,100,99976,100,100093,100,99956,100,100100,100,99936,400,100126,100,99933,100
2019-06-28 09:35:30.000000000,100055,206,100029,206,100061,206,100023,206,100078,206,100013,206,100087,206,99996,306,100088,100,99995,100,100091,100,99985,100,100093,100,99976,100,100100,100,99956,100,100126,100,99936,400,100128,100,99933,100
2019-06-28 09:35:38.333855340,100055,106,100029,206,100061,206,100023,206,100078,206,100013,206,100087,206,99996,306,100088,100,99995,100,100091,100,99985,100,100093,100,99976,100,100100,100,99956,100,100126,100,99936,400,100128,100,99933,100
2019-06-28 09:35:40.000000000,100061,312,100029,312,100078,312,100023,312,100087,100,100013,100,100088,100,99996,200,100091,100,99995,100,100093,100,99985,100,100100,100,99976,100,100126,100,99956,100,100128,100,99936,400,100130,100,99933,100
2019-06-28 09:35:41.256917684,100061,312,100029,312,100078,312,100023,312,100087,100,100013,100,100088,100,99996,200,100091,100,99995,100,100093,100,99985,100,100100,100,99976,100,100126,100,99956,100,100128,100,99936,400,100130,100,99933,100
2019-06-28 09:35:50.000000000,100061,185,100029,185,100078,185,100023,185,100087,185,100013,185,100088,185,99996,285,100091,185,99995,185,100093,100,99985,100,100100,100,99976,100,100126,100,99956,100,100128,100,99936,400,100130,100,99933,100
2019-06-28 09:36:00.000000000,100061,524,100029,524,100078,100,100023,100,100087,100,100013,100,100088,100,99996,200,100091,100,99995,100,100093,100,99985,100,100100,100,99976,100,100126,100,99956,100,100128,100,99936,400,100130,100,99933,100
2019-06-28 09:36:10.000000000,100061,312,100029,312,100078,312,100023,312,100087,100,100013,100,100088,100,99996,200,100091,100,99995,100,100093,100,99985,100,100100,100,99976,100,100126,100,99956,100,100128,100,99936,400,100130,100,99933,100
2019-06-28 09:36:20.000000000,100061,524,100029,524,100078,100,100023,100,100087,100,100013,100,100088,100,99996,200,100091,100,99995,100,100093,100,99985,100,100100,100,99976,100,100126,100,99956,100,100128,100,99936,400,100130,100,99933,100
2019-06-28 09:36:30.000000000,100061,185,100029,185,100078,185,100023,185,100087,185,100013,185,100088,185,99996,285,100091,185,99995,185,100093,100,99985,100,100100,100,99976,100,100126,100,99956,100,100128,100,99936,400,100130,100,99933,100
2019-06-28 09:36:40.000000000,100061,206,100029,206,100078,206,100023,206,100087,206,100013,206,100088,206,99996,306,100091,100,99995,100,100093,100,99985,100,100100,100,99976,100,100126,100,99956,100,100128,100,99936,400,100130,100,99933,100
2019-06-28 09:36:50.000000000,100061,206,100029,206,100078,206,100023,206,100087,206,100013,206,100088,206,99996,306,100091,100,99995,100,100093,100,99985,100,100100,100,99976,100,100126,100,99956,100,100128,100,99936,400,100130,100,99933,100
2019-06-28 09:36:50.792920568,100061,106,100029,206,100078,206,100023,206,100087,206,100013,206,100088,206,99996,306,100091,100,99995,100,100093,100,99985,100,100100,100,99976,100,100126,100,99956,100,100128,100,99936,400,100130,100,99933,100
2019-06-28 09:37:00.000000000,100078,185,100029,185,100087,185,100023,185,100088,185,100013,185,100091,185,99996,285,100093,185,99995,185,100100,100,99985,100,100126,100,99976,100,100128,100,99956,100,100130,100,99936,400,100133,100,99933,100
2019-06-28 09:37:10.000000000,100078,312,100029,312,100087,312,100023,312,100088,100,100013,100,100091,100,99996,200,100093,100,99995,100,100100,100,99985,100,100126,100,99976,100,100128,100,99956,100,100130,100,99936,400,100133,100,99933,100
2019-06-28 09:37:20.000000000,100078,206,100029,206,100087,206,100023,206,100088,206,100013,206,100091,206,99996,306,100093,100,99995,100,100100,100,99985,100,100126,100,99976,100,100128,100,99956,100,100130,100,99936,400,100133,100,99933,100
2019-06-28 09:37:29.597932761,100078,206,100055,100,100087,206,100029,206,100088,206,100023,206,100091,206,100013,206,100093,100,99996,306,100100,100,99995,100,100126,100,99985,100,100128,100,99976,100,100130,100,99956,100,100133,100,99936,400
2019-06-28 09:37:30.000000000,100078,185,100055,185,100087,185,100029,185,100088,185,100023,185,100091,185,100013,185,100093,185,99996,285,100100,100,99995,100,100126,100,99985,100,100128,100,99976,100,100130,100,99956,100,100133,100,99936,400
2019-06-28 09:37:40.000000000,100078,524,100055,524,100087,100,100029,100,100088,100,100023,100,100091,100,100013,100,100093,100,99996,200,100100,100,99995,100,100126,100,99985,100,100128,100,99976,100,100130,100,99956,100,100133,100,99936,400
2019-06-28 09:37:48.284386582,100078,524,100055,524,100087,100,100029,100,100088,100,100023,100,100091,100,99996,200,100093,100,99995,100,100100,100,99985,100,100126,100,99976,100,100128,100,99956,100,100130,100,99936,400,100133,100,99933,100
2019-06-28 09:37:50.000000000,100078,524,100055,524,100087,100,100029,100,100088,100,100023,100,100091,100,99996,200,100093,100,99995,100,100100,100,99985,100,100126,100,99976,100,100128,100,99956,100,100130,100,99936,400,100133,100,99933,100
2019-06-28 09:37:52.127696912,100078,524,100055,524,100087,100,100029,100,100088,100,100023,100,100091,100,99996,200,100093,100,99995,100,100100,100,99985,100,100126,100,99976,100,100128,100,99956,100,100130,100,99936,400,100133,100,99933,100
2019-06-28 09:38:00.000000000,100078,312,100055,312,100087,312,100029,312,100088,100,100023,100,100091,100,99996,200,100093,100,99995,100,100100,100,99985,100,100126,100,99976,100,100128,100,99956,100,100130,100,99936,400,100133,100,99933,100
2019-06-28 09:38:01.318714179,100078,312,100055,312,100087,312,100029,312,100088,100,100023,100,100091,100,99996,200,100093,100,99995,100,100100,100,99985,100,100126,100,99976,100,100128,100,99956,100,100133,100,99936,400,100135,100,99933,100
2019-06-28 09:38:07.743440914,100078,312,100055,412,100087,312,100029,312,100088,100,100023,100,100091,100,99996,200,100093,100,99995,100,100100,100,99985,100,100126,100,99976,100,100128,100,99956,100,100133,100,99936,400,100135,100,99933,100
2019-06-28 09:38:10.000000000,100078,244,100055,344,100087,240,100029,240,100088,240,100023,240,100091,100,99996,200,100093,100,99995,100,100100,100,99985,100,100126,100,99976,100,100128,100,99956,100,100133,100,99936,400,100135,100,99933,100
2019-06-28 09:38:20.000000000,100078,244,100055,344,100087,240,100029,240,100088,240,100023,240,100091,100,99996,200,100093,100,99995,100,100100,100,99985,100,100126,100,99976,100,100128,100,99956,100,100133,100,99936,400,100135,100,99933,100
2019-06-28 09:38:20.202516358,100078,244,100055,344,100087,240,100029,240,100088,240,100023,240,100091,100,99996,200,100100,100,99995,100,100126,100,99985,100,100128,100,99976,100,100133,100,99956,100,100135,100,99936,400,100141,100,99933,100
2019-06-28 09:38:30.000000000,100078,524,100055,624,100087,100,100029,100,100088,100,100023,100,100091,100,99996,200,100100,100,99995,100,100126,100,99985,100,100128,100,99976,100,100133,100,99956,100,100135,100,99936,400,100141,100,99933,100
2019-06-28 09:38:31.151705921,100078,424,100055,624,100087,100,100029,100,100088,100,100023,100,100091,100,99996,200,100100,100,99995,100,100126,100,99985,100,100128,100,99976,100,100133,100,99956,100,100135,100,99936,400,100141,100,99933,100
2019-06-28 09:38:40.000000000,100087,185,100055,285,100088,185,100029,185,100091,185,100023,185,100100,185,99996,285,100126,185,99995,185,100128,100,99985,100,100133,100,99976,100,100135,100,99956,100,100141,100,99936,400,100152,100,99933,100
2019-06-28 09:38:50.000000000,100087,244,100055,344,100088,240,100029,240,100091,240,100023,240,100100,100,99996,200,100126,100,99995,100,100128,100,99985,100,100133,100,99976,100,100135,100,99956,100,100141,100,99936,400,100152,100,99933,100
2019-06-28 09:39:00.000000000,100087,244,100055,344,100088,240,100029,240,100091,240,100023,240,100100,100,99996,200,100126,100,99995,100,100128,100,99985,100,100133,100,99976,100,100135,100,99956,100,100141,100,99936,400,100152,100,99933,100
2019-06-28 09:39:00.966885150,100087,144,100055,344,100088,240,100029,240,100091,240,100023,240,100100,100,99996,200,100126,100,99995,100,100128,100,99985,100,100133,100,99976,100,100135,100,99956,100,100152,100,99936,400,100154,100,99933,100
2019-06-28 09:39:03.635404646,100087,144,100055,344,100088,240,100029,240,100091,240,100023,240,100100,100,99996,200,100126,100,99995,100,100128,100,99985,100,100133,100,99976,100,100135,100,99956,100,100152,100,99936,400,100154,100,99933,100
2019-06-28 09:39:10.000000000,100088,524,100055,624,100091,100,100029,100,100100,100,100023,100,100126,100,99996,200,100128,100,99995,100,100133,100,99985,100,100135,100,99976,100,100152,100,99956,100,100154,100,99936,400,100170,100,99933,100
2019-06-28 09:39:20.000000000,100088,206,100055,306,100091,206,100029,206,100100,206,100023,206,100126,206,99996,306,100128,100,99995,100,100133,100,99985,100,100135,100,99976,100,100152,100,99956,100,100154,100,99936,400,100170,100,99933,100
2019-06-28 09:39:22.246863281,100088,206,100055,306,100091,206,100029,206,100100,206,100023,206,100126,206,99996,306,100128,100,99995,100,100133,100,99985,100,100152,100,99976,100,100154,100,99956,100,100170,100,99936,400,100237,100,99933,100
2019-06-28 09:39:30.000000000,100088,312,100055,412,100091,312,100029,312,100100,100,100023,100,100126,100,99996,200,100128,100,99995,100,100133,100,99985,100,100152,100,99976,100,100154,100,99956,100,100170,100,99936,400,100237,100,99933,100
2019-06-28 09:39:40.000000000,100088,312,100055,412,100091,312,100029,312,100100,100,100023,100,100126,100,99996,200,100128,100,99995,100,100133,100,99985,100,100152,100,99976,100,100154,100,99956,100,100170,100,99936,400,100237,100,99933,100
2019-06-28 09:39:47.579709896,100088,312,100078,100,100091,312,100055,412,100100,100,100029,312,100126,100,100023,100,100128,100,99996,200,100133,100,99995,100,100152,100,99985,100,100154,100,99976,100,100170,100,99956,100,100237,100,99936,400
2019-06-28 09:39:48.848127733,100088,312,100078,100,100091,312,100055,312,100100,100,100029,312,100126,100,100023,100,100128,100,99996,200,100133,100,99995,100,100152,100,99985,100,100154,100,99976,100,100170,100,99956,100,100237,100,99936,400
2019-06-28 09:39:50.000000000,100088,312,100078,312,100091,312,100055,312,100100,100,100029,100,100126,100,100023,100,100128,100,99996,200,100133,100,99995,100,100152,100,99985,100,100154,100,99976,100,100170,100,99956,100,100237,100,99936,400
2019-06-28 09:39:59.479686087,100088,312,100078,312,100091,312,100055,312,100100,100,100029,100,100126,100,100023,100,100128,100,99996,200,100133,100,99995,100,100152,100,99985,100,100154,100,99976,100,100170,100,99956,100,100237,100,99936,400
2019-06-28 09:40:00.000000000,100088,244,100078,244,100091,240,100055,240,100100,240,100029,240,100126,100,100023,100,100128,100,99996,200,100133,100,99995,100,100152,100,99985,100,100154,100,99976,100,100170,100,99956,100,100237,100,99936,400
2019-06-28 09:40:10.000000000,100088,206,100078,206,100091,206,100055,206,100100,206,100029,206,100126,206,100023,206,100128,100,99996,200,100133,100,99995,100,100152,100,99985,100,100154,100,99976,100,100170,100,99956,100,100237,100,99936,400
2019-06-28 09:40:12.638353347,100088,206,100078,206,100091,206,100055,206,100100,206,100029,206,100126,206,100023,206,100128,100,99996,200,100133,100,99995,100,100152,100,99985,100,100154,100,99976,100,100170,100,99956,100,100237,100,99936,400
2019-06-28 09:40:20.000000000,100088,312,100078,312,100091,312,100055,312,100100,100,100029,100,100126,100,100023,100,100128,100,99996,200,100133,100,99995,100,100152,100,99985,100,100154,100,99976,100,100170,100,99956,100,100237,100,99936,400
2019-06-28 09:40:22.172805199,100088,312,100078,412,100091,312,100055,312,100100,100,100029,100,100126,100,100023,100,100128,100,99996,200,100133,100,99995,100,100152,100,99985,100,100154,100,99976,100,100170,100,99956,100,100237,100,99936,400
2019-06-28 09:40:30.000000000,100088,524,100078,624,100091,100,100055,100,100100,100,100029,100,100126,100,100023,100,100128,100,99996,200,100133,100,99995,100,100152,100,99985,100,100154,100,99976,100,100170,100,99956,100,100237,100,99936,400
2019-06-28 09:40:31.742368315,100088,424,100078,624,100091,100,100055,100,100100,100,100029,100,100126,100,100023,100,100128,100,99996,200,100133,100,99995,100,100152,100,99985,100,100154,100,99976,100,100170,100,99956,100,100237,100,99936,400
2019-06-28 09:40:40.000000000,100091,244,100078,344,100100,240,100055,240,100126,240,100029,240,100128,100,100023,100,100133,100,99996,200,100152,100,99995,100,100154,100,99985,100,100170,100,99976,100,100237,100,99956,100,100240,100,99936,400
2019-06-28 09:40:50.000000000,100091,524,100078,624,100100,100,100055,100,100126,100,100029,100,100128,100,100023,100,100133,100,99996,200,100152,100,99995,100,100154,100,99985,100,100170,100,99976,100,100237,100,99956,100,100240,100,99936,400
2019-06-28 09:40:51.206257403,100091,524,100087,100,100100,100,100078,624,100126,100,100055,100,100128,100,100029,100,100133,100,100023,100,100152,100,99996,200,100154,100,99995,100,100170,100,99985,100,100237,100,99976,100,100240,100,99956,100
2019-06-28 09:40:56.814725994,100091,524,100087,100,100100,100,100078,624,100126,100,100055,100,100128,100,100029,100,100133,100,100023,100,100152,100,99996,200,100154,100,99995,100,100170,100,99985,100,100237,100,99976,100,100240,100,99956,100
2019-06-28 09:41:00.000000000,100091,206,100087,206,100100,206,100078,306,100126,206,100055,206,100128,206,100029,206,100133,100,100023,100,100152,100,99996,200,100154,100,99995,100,100170,100,99985,100,100237,100,99976,100,100240,100,99956,100
2019-06-28 09:41:02.550615159,100091,106,100087,206,100100,206,100078,306,100126,206,100055,206,100128,206,100029,206,100133,100,100023,100,100152,100,99996,200,100154,100,99995,100,100170,100,99985,100,100237,100,99976,100,100240,100,99936,400
2019-06-28 09:41:10.000000000,100100,524,100087,524,100126,100,100078,200,100128,100,100055,100,100133,100,100029,100,100152,100,100023,100,100154,100,99996,200,100170,100,99995,100,100237,100,99985,100,100240,100,99976,100,100734,100,99936,400
2019-06-28 09:41:12.183605795,100100,524,100087,524,100126,100,100078,200,100133,100,100055,100,100152,100,100029,100,100154,100,100023,100,100170,100,99996,200,100237,100,99995,100,100240,100,99985,100,100734,100,99976,100,100768,100,99936,400
2019-06-28 09:41:20.000000000,100100,185,100087,185,100126,185,100078,285,100133,185,100055,185,100152,185,100029,185,100154,185,100023,185,100170,100,99996,200,100237,100,99995,100,100240,100,99985,100,100734,100,99976,100,100768,100,99936,400
2019-06-28 09:41:27.742471328,100100,185,100088,100,100126,185,100087,85,100133,185,100078,285,100152,185,100055,185,100154,185,100029,185,100170,100,100023,185,100237,100,99996,200,100240,100,99995,100,100734,100,99985,100,100768,100,99976,100
2019-06-28 09:41:28.567322993,100100,185,100088,200,100126,185,100087,85,100133,185,100078,285,100152,185,100055,185,100154,185,100029,185,100170,100,100023,185,100237,100,99996,200,100240,100,99995,100,100734,100,99985,100,100768,100,99976,100
2019-06-28 09:41:30.000000000,100100,312,100088,412,100126,312,100078,412,100133,100,100055,100,100152,100,100029,100,100154,100,100023,100,100170,100,99996,200,100237,100,99995,100,100240,100,99985,100,100734,100,99976,100,100768,100,99936,400
2019-06-28 09:41:31.077344789,100100,312,100088,512,100126,312,100078,312,100133,100,100055,100,100152,100,100029,100,100154,100,100023,100,100170,100,99996,200,100237,100,99995,100,100240,100,99985,100,100734,100,99976,100,100768,100,99936,400
2019-06-28 09:41:40.000000000,100100,185,100088,385,100126,185,100078,185,100133,185,100055,185,100152,185,100029,185,100154,185,100023,185,100170,100,99996,200,100237,100,99995,100,100240,100,99985,100,100734,100,99976,100,100768,100,99936,400
2019-06-28 09:41:49.643244397,100100,185,100088,385,100126,185,100078,85,100133,185,100055,185,100152,185,100029,185,100154,185,100023,185,100170,100,99996,200,100237,100,99995,100,100240,100,99985,100,100734,100,99976,100,100768,100,99936,400
2019-06-28 09:41:50.000000000,100100,244,100088,444,100126,240,100055,240,100133,240,100029,240,100152,100,100023,100,100154,100,99996,200,100170,100,99995,100,100237,100,99985,100,100240,100,99976,100,100734,100,99936,400,100768,100,99933,100
2019-06-28 09:42:00.000000000,100100,312,100088,512,100126,312,100055,312,100133,100,100029,100,100152,100,100023,100,100154,100,99996,200,100170,100,99995,100,100237,100,99985,100,100240,100,99976,100,100734,100,99936,400,100768,100,99933,100
2019-06-28 09:42:10.000000000,100100,206,100088,406,100126,206,100055,206,100133,206,100029,206,100152,206,100023,206,100154,100,99996,200,100170,100,99995,100,100237,100,99985,100,100240,100,99976,100,100734,100,99936,400,100768,100,99933,100
2019-06-28 09:42:20.000000000,100100,524,100088,724,100126,100,100055,100,100133,100,100029,100,100152,100,100023,100,100154,100,99996,200,100170,100,99995,100,100237,100,99985,100,100240,100,99976,100,100734,100,99936,400,100768,100,99933,100
2019-06-28 09:42:22.504068785,100100,424,100088,724,100126,100,100055,100,100133,100,100029,100,100152,100,100023,100,100154,100,99996,200,100170,100,99995,100,100237,100,99985,100,100240,100,99976,100,100734,100,99936,400,100768,100,99933,100
2019-06-28 09:42:23.781432800,100100,424,100088,724,100126,100,100055,100,100133,100,100029,100,100152,100,100023,100,100170,100,99996,200,100237,100,99995,100,100240,100,99985,100,100734,100,99976,100,100768,100,99936,400,101034,100,99933,100
2019-06-28 09:42:30.000000000,100126,185,100088,385,100133,185,100055,185,100152,185,100029,185,100170,185,100023,185,100237,185,99996,285,100240,100,99995,100,100734,100,99985,100,100768,100,99976,100,101034,100,99936,400,101087,100,99933,100
2019-06-28 09:42:40.000000000,100126,312,100088,512,100133,312,100055,312,100152,100,100029,100,100170,100,100023,100,100237,100,99996,200,100240,100,99995,100,100734,100,99985,100,100768,100,99976,100,101034,100,99936,400,101087,100,99933,100
2019-06-28 09:42:49.773716169,100126,312,100088,512,100133,312,100055,312,100152,100,100029,100,100170,100,100023,100,100237,100,99996,200,100240,100,99995,100,100734,100,99985,100,100768,100,99976,100,101034,100,99936,400,101087,100,99933,100
2019-06-28 09:42:50.000000000,100126,312,100088,512,100133,312,100055,312,100152,100,100029,100,100170,100,100023,100,100237,100,99996,200,100240,100,99995,100,100734,100,99985,100,100768,100,99976,100,101034,100,99936,400,101087,100,99933,100
2019-06-28 09:42:52.247517578,100126,212,100088,512,100133,312,100055,312,100152,100,100029,100,100170,100,100023,100,100237,100,99996,200,100240,100,99995,100,100734,100,99985,100,101034,100,99976,100,101087,100,99936,400,101116,100,99933,100
2019-06-28 09:43:00.000000000,100133,312,100088,512,100152,312,100055,312,100170,100,100029,100,100237,100,100023,100,100240,100,99996,200,100734,100,99995,100,101034,100,99985,100,101087,100,99976,100,101116,100,99936,400,101205,100,99933,100
2019-06-28 09:43:06.639193441,100133,312,100088,512,100152,312,100055,312,100170,100,100029,100,100237,100,100023,100,100240,100,99996,200,100734,100,99995,100,101034,100,99985,100,101037,100,99936,400,101087,100,99933,100,101116,100,99857,100
2019-06-28 09:43:10.000000000,100133,206,100088,406,100152,206,100055,206,100170,206,100029,206,100237,206,100023,206,100240,100,99996,200,100734,100,99995,100,101034,100,99985,100,101037,100,99936,400,101087,100,99933,100,101116,100,99857,100
2019-06-28 09:43:19.677975950,100133,206,100088,406,100152,206,100055,206,100170,206,100029,206,100237,206,100023,206,100240,100,99996,200,100734,100,99995,100,100984,100,99985,100,101034,100,99936,400,101037,100,99933,100,101087,100,99857,100
2019-06-28 09:43:20.000000000,100133,524,100088,724,100152,100,100055,100,100170,100,100029,100,100237,100,100023,100,100240,100,99996,200,100734,100,99995,100,100984,100,99985,100,101034,100,99936,400,101037,100,99933,100,101087,100,99857,100
2019-06-28 09:43:28.613778071,100133,524,100088,724,100152,100,100055,100,100170,100,100029,100,100237,100,100023,100,100734,100,99996,200,100984,100,99995,100,101034,100,99985,100,101037,100,99936,400,101087,100,99933,100,101116,100,99857,100
2019-06-28 09:43:30.000000000,100133,206,100088,406,100152,206,100055,206,100170,206,100029,206,100237,206,100023,206,100734,100,99996,200,100984,100,99995,100,101034,100,99985,100,101037,100,99936,400,101087,100,99933,100,101116,100,99857,100
2019-06-28 09:43:38.771316888,100133,106,100088,406,100152,206,100055,206,100170,206,100029,206,100237,206,100023,206,100734,100,99996,200,100984,100,99995,100,101034,100,99985,100,101037,100,99936,400,101087,100,99933,100,101116,100,99857,100
2019-06-28 09:43:40.000000000,100152,524,100088,724,100170,100,100055,100,100237,100,100029,100,100734,100,100023,100,100984,100,99996,200,101034,100,99995,100,101037,100,99985,100,101087,100,99936,400,101116,100,99933,100,101249,100,99857,100
2019-06-28 09:43:43.174545614,100152,424,100088,724,100170,100,100055,100,100237,100,100029,100,100734,100,100023,100,100984,100,99996,200,101034,100,99995,100,101037,100,99985,100,101087,100,99936,400,101249,100,99933,100,101260,100,99857,100
2019-06-28 09:43:50.000000000,100170,312,100088,512,100237,312,100055,312,100734,100,100029,100,100984,100,100023,100,101034,100,99996,200,101037,100,99995,100,101087,100,99985,100,101249,100,99936,400,101260,100,99933,100,101292,100,99857,100
2019-06-28 09:43:52.582605883,100170,212,100088,512,100237,312,100055,312,100734,100,100029,100,100984,100,100023,100,101034,100,99996,200,101037,100,99995,100,101087,100,99985,100,101249,100,99936,400,101260,100,99933,100,101292,100,99857,100
2019-06-28 09:43:53.608292351,100170,112,100088,512,100237,312,100055,312,100734,100,100029,100,100984,100,100023,100,101034,100,99996,200,101037,100,99995,100,101087,100,99985,100,101249,100,99936,400,101260,100,99933,100,101292,100,99857,100
2019-06-28 09:44:00.000000000,100237,185,100088,385,100734,185,100055,185,100984,185,100029,185,101034,185,100023,185,101037,185,99996,285,101087,100,99995,100,101249,100,99985,100,101260,100,99936,400,101292,100,99933,100,101346,100,99857,100
2019-06-28 09:44:10.000000000,100237,524,100088,724,100734,100,100055,100,100984,100,100029,100,101034,100,100023,100,101037,100,99996,200,101087,100,99995,100,101249,100,99985,100,101260,100,99936,400,101292,100,99933,100,101346,100,99857,100
2019-06-28 09:44:11.855228077,100237,524,100170,100,100734,100,100088,724,100984,100,100055,100,101034,100,100029,100,101037,100,100023,100,101087,100,99996,200,101249,100,99995,100,101260,100,99985,100,101292,100,99936,400,101346,100,99933,100
2019-06-28 09:44:20.000000000,100237,206,100170,206,100734,206,100088,406,100984,206,100055,206,101034,206,100029,206,101037,100,100023,100,101087,100,99996,200,101249,100,99995,100,101260,100,99985,100,101292,100,99936,400,101346,100,99933,100
2019-06-28 09:44:30.000000000,100237,206,100170,206,100734,206,100088,406,100984,206,100055,206,101034,206,100029,206,101037,100,100023,100,101087,100,99996,200,101249,100,99995,100,101260,100,99985,100,101292,100,99936,400,101346,100,99933,100
2019-06-28 09:44:40.000000000,100237,524,100170,524,100734,100,100088,300,100984,100,100055,100,101034,100,100029,100,101037,100,100023,100,101087,100,99996,200,101249,100,99995,100,101260,100,99985,100,101292,100,99936,400,101346,100,99933,100
2019-06-28 09:44:50.000000000,100237,185,100170,185,100734,185,100088,385,100984,185,100055,185,101034,185,100029,185,101037,185,100023,185,101087,100,99996,200,101249,100,99995,100,101260,100,99985,100,101292,100,99936,400,101346,100,99933,100
2019-06-28 09:44:56.533087069,100237,85,100170,185,100734,185,100088,385,100984,185,100055,185,101034,185,100029,185,101037,185,100023,185,101087,100,99996,200,101249,100,99995,100,101260,100,99985,100,101292,100,99936,400,101346,100,99933,100
2019-06-28 09:44:59.942221290,100734,185,100237,15,100984,185,100170,185,101034,185,100088,385,101037,185,100055,185,101087,100,100029,185,101249,100,100023,185,101260,100,99996,200,101292,100,99995,100,101346,100,99985,100,101489,100,99936,400
2019-06-28 09:45:00.000000000,100734,206,100237,121,100984,206,100170,206,101034,206,100088,406,101037,206,100055,206,101087,100,100029,100,101249,100,100023,100,101260,100,99996,200,101292,100,99995,100,101346,100,99985,100,101489,100,99936,400
2019-06-28 09:45:10.000000000,100734,244,100237,159,100984,240,100170,240,101034,240,100088,440,101037,100,100055,100,101087,100,100029,100,101249,100,100023,100,101260,100,99996,200,101292,100,99995,100,101346,100,99985,100,101489,100,99936,400
2019-06-28 09:45:20.000000000,100734,206,100237,121,100984,206,100170,206,101034,206,100088,406,101037,206,100055,206,101087,100,100029,100,101249,100,100023,100,101260,100,99996,200,101292,100,99995,100,101346,100,99985,100,101489,100,99936,400
2019-06-28 09:45:30.000000000,100734,312,100237,227,100984,312,100170,312,101034,100,100088,300,101037,100,100055,100,101087,100,100029,100,101249,100,100023,100,101260,100,99996,200,101292,100,99995,100,101346,100,99985,100,101489,100,99936,400
2019-06-28 09:45:33.831556040,100734,212,100237,227,100984,312,100170,312,101034,100,100088,300,101037,100,100055,100,101087,100,100029,100,101249,100,100023,100,101260,100,99996,200,101292,100,99985,100,101346,100,99936,400,101489,100,99933,100
2019-06-28 09:45:40.000000000,100984,206,100237,121,101034,206,100170,206,101037,206,100088,406,101087,206,100055,206,101249,100,100029,100,101260,100,100023,100,101292,100,99996,200,101346,100,99985,100,101489,100,99936,400,,,99933,100
2019-06-28 09:45:40.997915955,100984,106,100237,121,101034,206,100170,206,101037,206,100088,406,101087,206,100055,206,101249,100,100029,100,101260,100,100023,100,101292,100,99996,200,101346,100,99985,100,101489,100,99936,400,,,99933,100
2019-06-28 09:45:50.000000000,101034,524,100237,439,101037,100,100170,100,101087,100,100088,300,101249,100,100055,100,101260,100,100029,100,101292,100,100023,100,101346,100,99996,200,101489,100,99985,100,,,99936,400,,,99933,100
2019-06-28 09:45:50.217275165,100983,100,100237,439,101034,524,100170,100,101037,100,100088,200,101087,100,100055,100,101249,100,100029,100,101260,100,100023,100,101292,100,99996,200,101346,100,99985,100,101489,100,99936,400,,,99933,100
2019-06-28 09:46:00.000000000,100983,185,100237,100,101034,185,100170,185,101037,185,100088,285,101087,185,100055,185,101249,185,100029,185,101260,100,100023,100,101292,100,99996,200,101346,100,99985,100,101489,100,99936,400,,,99933,100
2019-06-28 09:46:01.682915521,100983,185,100897,100,101034,185,100237,100,101037,185,100170,185,101087,185,100088,285,101249,185,100055,185,101260,100,100029,185,101292,100,100023,100,101346,100,99996,200,101489,100,99985,100,,,99936,400
2019-06-28 09:46:10.000000000,100983,312,100897,312,101034,312,100237,227,101037,100,100170,100,101087,100,100088,200,101249,100,100055,100,101260,100,100029,100,101292,100,100023,100,101346,100,99996,200,101489,100,99985,100,,,99936,400
2019-06-28 09:46:13.136321382,100983,312,100897,212,101034,312,100237,227,101037,100,100170,100,101087,100,100088,200,101249,100,100055,100,101260,100,100029,100,101292,100,100023,100,101346,100,99996,200,101489,100,99985,100,,,99936,400
2019-06-28 09:46:14.097626225,100898,100,100897,212,100983,312,100237,227,101034,312,100170,100,101037,100,100088,200,101087,100,100055,100,101249,100,100029,100,101260,100,100023,100,101292,100,99996,200,101346,100,99985,100,101489,100,99936,400
2019-06-28 09:46:20.000000000,100898,206,100237,121,100983,206,100170,206,101034,206,100088,306,101037,206,100055,206,101087,100,100029,100,101249,100,100023,100,101260,100,99996,200,101292,100,99985,100,101346,100,99936,400,101489,100,99933,100
2019-06-28 09:46:22.769584448,100898,106,100237,121,100983,206,100170,206,101034,206,100088,306,101037,206,100055,206,101087,100,100029,100,101249,100,100023,100,101260,100,99996,200,101292,100,99985,100,101346,100,99936,400,101489,100,99933,100
2019-06-28 09:46:30.000000000,100983,524,100237,439,101034,100,100170,100,101037,100,100088,200,101087,100,100055,100,101249,100,100029,100,101260,100,100023,100,101292,100,99996,200,101346,100,99985,100,101489,100,99936,400,,,99933,100
2019-06-28 09:46:33.114871018,100983,524,100466,100,101034,100,100237,439,101037,100,100170,100,101087,100,100088,200,101249,100,100055,100,101260,100,100029,100,101292,100,100023,100,101346,100,99996,200,101489,100,99985,100,,,99936,400
2019-06-28 09:46:40.000000000,100983,524,100466,524,101034,100,100237,15,101037,100,100170,100,101087,100,100088,200,101249,100,100055,100,101260,100,100029,100,101292,100,100023,100,101346,100,99996,200,101489,100,99985,100,,,99936,400
2019-06-28 09:46:49.541875198,100983,524,100466,524,101034,100,100427,100,101037,100,100237,15,101087,100,100170,100,101249,100,100088,200,101260,100,100055,100,101292,100,100029,100,101346,100,100023,100,101489,100,99996,200,,,99985,100
2019-06-28 09:46:50.000000000,100983,244,100466,244,101034,240,100427,240,101037,240,100237,155,101087,100,100170,100,101249,100,100088,200,101260,100,100055,100,101292,100,100029,100,101346,100,100023,100,101489,100,99996,200,,,99985,100
2019-06-28 09:47:00.000000000,100983,524,100466,524,101034,100,100427,100,101037,100,100237,15,101087,100,100170,100,101249,100,100088,200,101260,100,100055,100,101292,100,100029,100,101346,100,100023,100,101489,100,99996,200,,,99985,100
2019-06-28 09:47:06.763658677,100983,524,100712,100,101034,100,100466,524,101087,100,100427,100,101249,100,100237,15,101260,100,100170,100,101292,100,100088,200,101346,100,100055,100,101489,100,100029,100,,,100023,100,,,99996,200
2019-06-28 09:47:10.000000000,100983,206,100712,206,101034,206,100466,206,101087,206,100427,206,101249,206,100237,121,101260,100,100170,100,101292,100,100088,200,101346,100,100055,100,101489,100,100029,100,,,100023,100,,,99996,200
2019-06-28 09:47:16.952724059,100983,206,100712,206,101034,206,100466,206,101087,206,100427,206,101249,206,100392,100,101260,100,100237,121,101292,100,100170,100,101346,100,100088,200,101489,100,100055,100,,,100029,100,,,100023,100
2019-06-28 09:47:18.489590595,100897,100,100712,206,100983,206,100466,206,101034,206,100427,206,101087,206,100392,100,101249,206,100237,121,101260,100,100170,100,101292,100,100088,200,101346,100,100055,100,101489,100,100029,100,,,100023,100
2019-06-28 09:47:20.000000000,100897,185,100712,185,100983,185,100466,185,101034,185,100427,185,101087,185,100392,185,101249,185,100237,100,101260,100,100170,100,101292,100,100088,200,101346,100,100055,100,101489,100,100029,100,,,100023,100
2019-06-28 09:47:28.774031316,100897,185,100712,185,100983,185,100466,185,101034,185,100427,185,101087,185,100392,185,101249,185,100352,100,101260,100,100237,100,101292,100,100170,100,101346,100,100088,200,101489,100,100055,100,,,100029,100
2019-06-28 09:47:30.000000000,100897,312,100712,312,100983,312,100466,312,101034,100,100427,100,101087,100,100392,100,101249,100,100352,100,101260,100,100237,15,101292,100,100170,100,101346,100,100088,200,101489,100,100055,100,,,100029,100
2019-06-28 09:47:40.000000000,100897,206,100712,206,100983,206,100466,206,101034,206,100427,206,101087,206,100392,206,101249,100,100352,100,101260,100,100237,15,101292,100,100170,100,101346,100,100088,200,101489,100,100055,100,,,100029,100
2019-06-28 09:47:45.537414019,100897,206,100712,206,100983,206,100466,206,101034,206,100427,206,101087,206,100392,206,101249,100,100352,100,101260,100,100237,15,101292,100,100170,100,101346,100,100088,100,101489,100,100055,100,,,100029,100
2019-06-28 09:47:50.000000000,100897,312,100712,312,100983,312,100466,312,101034,100,100427,100,101087,100,100392,100,101249,100,100352,100,101260,100,100237,15,101292,100,100170,100,101346,100,100088,100,101489,100,100055,100,,,100029,100
2019-06-28 09:47:54.846542911,100750,100,100712,312,100897,312,100466,312,100983,312,100392,100,101034,100,100352,100,101087,100,100237,15,101249,100,100170,100,101260,100,100088,100,101292,100,100055,100,101346,100,100029,100,101489,100,100023,100
2019-06-28 09:47:57.603742921,100750,100,100712,312,100897,312,100691,100,100983,312,100466,312,101034,100,100392,100,101087,100,100352,100,101249,100,100237,15,101260,100,100170,100,101292,100,100088,100,101346,100,100055,100,101489,100,100029,100
2019-06-28 09:48:00.000000000,100750,524,100712,524,100897,100,100691,100,100983,100,100466,100,101034,100,100392,100,101087,100,100352,100,101249,100,100237,15,101260,100,100170,100,101292,100,100088,100,101346,100,100055,100,101489,100,100029,100
2019-06-28 09:48:02.361835118,100750,524,100722,100,100897,100,100712,524,100983,100,100691,100,101034,100,100466,100,101087,100,100392,100,101249,100,100352,100,101260,100,100237,15,101292,100,100170,100,101346,100,100088,100,101489,100,100055,100
2019-06-28 09:48:05.936350773,100750,524,100722,100,100897,200,100712,524,100983,100,100691,100,101034,100,100466,100,101087,100,100392,100,101249,100,100352,100,101260,100,100237,15,101292,100,100170,100,101346,100,100088,100,101489,100,100029,100
2019-06-28 09:48:10.000000000,100750,312,100722,312,100897,412,100712,312,100983,100,100691,100,101034,100,100466,100,101087,100,100392,100,101249,100,100352,100,101260,100,100237,15,101292,100,100170,100,101346,100,100088,100,101489,100,100029,100
2019-06-28 09:48:13.468357697,100750,312,100722,312,100897,512,100712,312,100983,100,100691,100,101034,100,100466,100,101087,100,100392,100,101249,100,100352,100,101260,100,100237,15,101292,100,100170,100,101346,100,100088,100,101489,100,100029,100
2019-06-28 09:48:20.000000000,100750,244,100722,244,100897,440,100712,240,100983,240,100691,240,101034,100,100466,100,101087,100,100392,100,101249,100,100352,100,101260,100,100237,15,101292,100,100170,100,101346,100,100088,100,101489,100,100029,100
2019-06-28 09:48:30.000000000,100750,524,100722,524,100897,300,100712,100,100983,100,100691,100,101034,100,100466,100,101087,100,100392,100,101249,100,100352,100,101260,100,100237,15,101292,100,100170,100,101346,100,100088,100,101489,100,100029,100
2019-06-28 09:48:40.000000000,100750,206,100722,206,100897,406,100712,206,100983,206,100691,206,101034,206,100466,206,101087,100,100392,100,101249,100,100352,100,101260,100,100237,15,101292,100,100170,100,101346,100,100088,100,101489,100,100029,100
2019-06-28 09:48:49.582533101,100750,106,100722,206,100897,406,100712,206,100983,206,100691,206,101034,206,100466,206,101087,100,100392,100,101249,100,100352,100,101260,100,100237,15,101292,100,100170,100,101346,100,100088,100,101489,100,100029,100
2019-06-28 09:48:50.000000000,100897,385,100722,185,100983,185,100712,185,101034,185,100691,185,101087,185,100466,185,101249,185,100392,185,101260,100,100352,100,101292,100,100237,15,101346,100,100170,100,101489,100,100088,100,,,100029,100
2019-06-28 09:49:00.000000000,100897,385,100722,185,100983,185,100712,185,101034,185,100691,185,101087,185,100466,185,101249,185,100392,185,101260,100,100352,100,101292,100,100237,15,101346,100,100170,100,101489,100,100088,100,,,100029,100
2019-06-28 09:49:03.715762859,100897,385,100722,185,100983,185,100712,185,101034,185,100691,185,101087,185,100466,185,101249,85,100392,185,101260,100,100352,100,101262,100,100237,15,101292,100,100170,100,101346,100,100088,100,101489,100,100029,100
2019-06-28 09:49:10.000000000,100897,406,100722,206,100983,206,100712,206,101034,206,100691,206,101087,206,100466,206,101260,100,100392,100,101262,100,100352,100,101292,100,100237,15,101346,100,100170,100,101489,100,100088,100,,,100029,100
2019-06-28 09:49:16.957101639,100897,406,100722,106,100983,206,100712,206,101034,206,100691,206,101087,206,100466,206,101260,100,100392,100,101262,100,100352,100,101292,100,100237,15,101346,100,100170,100,,,100088,100,,,100029,100
2019-06-28 09:49:20.000000000,100897,724,100712,524,100983,100,100691,100,101034,100,100466,100,101087,100,100392,100,101260,100,100352,100,101262,100,100237,15,101292,100,100170,100,101346,100,100088,100,,,100029,100,,,99996,200
2019-06-28 09:49:26.814379072,100897,724,100712,424,100983,100,100691,100,101034,100,100466,100,101087,100,100392,100,101260,100,100352,100,101262,100,100237,15,101292,100,100170,100,101346,100,100088,100,,,100029,100,,,99996,200
2019-06-28 09:49:30.000000000,100897,724,100691,524,100983,100,100466,100,101034,100,100392,100,101087,100,100352,100,101260,100,100237,15,101262,100,100170,100,101292,100,100088,100,101346,100,100029,100,,,99996,200,,,99985,100
2019-06-28 09:49:40.000000000,100897,444,100691,244,100983,240,100466,240,101034,240,100392,240,101087,100,100352,100,101260,100,100237,15,101262,100,100170,100,101292,100,100088,100,101346,100,100029,100,,,99996,200,,,99985,100
2019-06-28 09:49:40.892960709,100897,444,100691,144,100983,240,100466,240,101034,240,100392,240,101087,100,100352,100,101260,100,100237,15,101262,100,100170,100,101292,100,100088,100,101346,100,100029,100,,,99996,200,,,99985,100
2019-06-28 09:49:50.000000000,100897,512,100466,312,100983,312,100392,312,101034,100,100352,100,101087,100,100237,15,101260,100,100170,100,101262,100,100088,100,101292,100,100029,100,101346,100,99996,200,,,99985,100,,,99936,400
2019-06-28 09:50:00.000000000,100897,512,100466,312,100983,312,100392,312,101034,100,100352,100,101087,100,100237,15,101260,100,100170,100,101262,100,100088,100,101292,100,100029,100,101346,100,99996,200,,,99985,100,,,99936,400
2019-06-28 09:50:05.152106165,100897,512,100466,312,100983,312,100392,312,101034,100,100352,100,101087,100,100279,100,101260,100,100237,15,101262,100,100170,100,101346,100,100088,100,,,100029,100,,,99996,200,,,99985,100
2019-06-28 09:50:10.000000000,100897,385,100466,185,100983,185,100392,185,101034,185,100352,185,101087,185,100279,185,101260,185,100237,100,101262,100,100170,100,101346,100,100088,100,,,100029,100,,,99996,200,,,99985,100
2019-06-28 09:50:20.000000000,100897,444,100466,244,100983,240,100392,240,101034,240,100352,240,101087,100,100279,100,101260,100,100237,15,101262,100,100170,100,101346,100,100088,100,,,100029,100,,,99996,200,,,99985,100
2019-06-28 09:50:26.483916411,100897,444,100466,144,100983,240,100392,240,101034,240,100352,240,101087,100,100279,100,101260,100,100237,15,101262,100,100170,100,101346,100,100088,100,,,100029,100,,,99996,200,,,99985,100
2019-06-28 09:50:30.000000000,100897,406,100392,206,100983,206,100352,206,101034,206,100279,206,101087,206,100237,121,101260,100,100170,100,101262,100,100088,100,101346,100,100029,100,,,99996,200,,,99985,100,,,99936,400
2019-06-28 09:50:30.213227098,100897,406,100392,106,100983,206,100352,206,101034,206,100279,206,101087,206,100237,121,101260,100,100170,100,101262,100,100088,100,101346,100,100029,100,,,99996,200,,,99985,100,,,99936,400
2019-06-28 09:50:40.000000000,100897,512,100352,312,100983,312,100279,312,101034,100,100237,15,101087,100,100170,100,101260,100,100088,100,101262,100,100029,100,101346,100,99996,200,,,99985,100,,,99936,400,,,99933,100
2019-06-28 09:50:49.142343142,100897,512,100352,212,100983,312,100279,312,101034,100,100237,15,101087,100,100170,100,101260,100,100088,100,101262,100,100029,100,101346,100,99996,200,,,99985,100,,,99936,400,,,99933,100
2019-06-28 09:50:50.000000000,100897,406,100279,206,100983,206,100237,121,101034,206,100170,206,101087,206,100088,206,101260,100,100029,100,101262,100,99996,200,101346,100,99985,100,,,99936,400,,,99933,100,,,99850,100
2019-06-28 09:50:54.677184523,100897,406,100279,206,100983,206,100237,121,101034,206,100218,100,101087,206,100170,206,101260,100,100088,206,101262,100,100029,100,101346,100,99996,200,,,99985,100,,,99936,400,,,99933,100
2019-06-28 09:50:58.395510746,100392,100,100279,206,100897,406,100237,121,100983,206,100218,100,101034,206,100170,206,101087,206,100088,206,101260,100,100029,100,101262,100,99996,200,101346,100,99985,100,,,99936,400,,,99933,100
2019-06-28 09:51:00.000000000,100392,185,100279,185,100897,385,100237,100,100983,185,100218,185,101034,185,100170,185,101087,185,100088,185,101260,100,100029,100,101262,100,99996,200,101346,100,99985,100,,,99936,400,,,99933,100
2019-06-28 09:51:10.000000000,100392,206,100279,206,100897,406,100237,121,100983,206,100218,206,101034,206,100170,206,101087,100,100088,100,101260,100,100029,100,101262,100,99996,200,101346,100,99985,100,,,99936,400,,,99933,100
2019-06-28 09:51:20.000000000,100392,206,100279,206,100897,406,100237,121,100983,206,100218,206,101034,206,100170,206,101087,100,100088,100,101260,100,100029,100,101262,100,99996,200,101346,100,99985,100,,,99936,400,,,99933,100
2019-06-28 09:51:29.752540310,100306,100,100279,206,100392,206,100237,121,100897,406,100218,206,100983,206,100170,206,101034,206,100088,100,101087,100,100029,100,101260,100,99996,200,101262,100,99985,100,101346,100,99936,400,,,99933,100
2019-06-28 09:51:30.000000000,100306,524,100279,524,100392,100,100237,15,100897,300,100218,100,100983,100,100170,100,101034,100,100088,100,101087,100,100029,100,101260,100,99996,200,101262,100,99985,100,101346,100,99936,400,,,99933,100
2019-06-28 09:51:30.066136956,100306,524,100279,524,100392,100,100237,15,100403,100,100218,100,100897,300,100170,100,100983,100,100088,100,101034,100,100029,100,101087,100,99996,200,101260,100,99985,100,101262,100,99936,400,101346,100,99933,100
2019-06-28 09:51:35.976053287,100306,524,100279,524,100392,100,100237,15,100403,100,100170,100,100421,100,100088,100,100897,300,100029,100,100983,100,99996,200,101034,100,99985,100,101087,100,99936,400,101260,100,99933,100,101262,100,99850,100
2019-06-28 09:51:40.000000000,100306,185,100279,185,100392,185,100237,100,100403,185,100170,185,100421,185,100088,185,100897,385,100029,185,100983,100,99996,200,101034,100,99985,100,101087,100,99936,400,101260,100,99933,100,101262,100,99850,100
2019-06-28 09:51:50.000000000,100306,206,100279,206,100392,206,100237,121,100403,206,100170,206,100421,206,100088,206,100897,300,100029,100,100983,100,99996,200,101034,100,99985,100,101087,100,99936,400,101260,100,99933,100,101262,100,99850,100
2019-06-28 09:52:00.000000000,100306,185,100279,185,100392,185,100237,100,100403,185,100170,185,100421,185,100088,185,100897,385,100029,185,100983,100,99996,200,101034,100,99985,100,101087,100,99936,400,101260,100,99933,100,101262,100,99850,100
2019-06-28 09:52:10.000000000,100306,206,100279,206,100392,206,100237,121,100403,206,100170,206,100421,206,100088,206,100897,300,100029,100,100983,100,99996,200,101034,100,99985,100,101087,100,99936,400,101260,100,99933,100,101262,100,99850,100
2019-06-28 09:52:10.195279105,100306,206,100279,206,100392,206,100237,121,100403,206,100170,206,100421,206,100088,206,100696,100,100029,100,100897,300,99996,200,100983,100,99985,100,101034,100,99936,400,101087,100,99933,100,101260,100,99850,100
2019-06-28 09:52:20.000000000,100306,206,100279,206,100392,206,100237,121,100403,206,100170,206,100421,206,100088,206,100696,100,100029,100,100897,300,99996,200,100983,100,99985,100,101034,100,99936,400,101087,100,99933,100,101260,100,99850,100
2019-06-28 09:52:28.752026245,100306,106,100279,206,100392,206,100237,121,100403,206,100170,206,100421,206,100088,206,100696,100,100029,100,100897,300,99996,200,100983,100,99985,100,101034,100,99936,400,101087,100,99933,100,101260,100,99850,100
2019-06-28 09:52:30.000000000,100392,524,100279,524,100403,100,100237,15,100421,100,100170,100,100696,100,100088,100,100897,300,100029,100,100983,100,99996,200,101034,100,99985,100,101087,100,99936,400,101260,100,99933,100,101262,100,99850,100
2019-06-28 09:52:40.000000000,100392,185,100279,185,100403,185,100237,100,100421,185,100170,185,100696,185,100088,185,100897,385,100029,185,100983,100,99996,200,101034,100,99985,100,101087,100,99936,400,101260,100,99933,100,101262,100,99850,100
2019-06-28 09:52:41.203273251,100392,185,100279,185,100403,185,100237,100,100421,185,100170,185,100682,100,100088,185,100696,185,100029,185,100897,385,99996,200,100983,100,99985,100,101034,100,99936,400,101087,100,99933,100,101260,100,99850,100
2019-06-28 09:52:50.000000000,100392,206,100279,206,100403,206,100237,121,100421,206,100170,206,100682,206,100088,206,100696,100,100029,100,100897,300,99996,200,100983,100,99985,100,101034,100,99936,400,101087,100,99933,100,101260,100,99850,100
2019-06-28 09:53:00.000000000,100392,185,100279,185,100403,185,100237,100,100421,185,100170,185,100682,185,100088,185,100696,185,100029,185,100897,300,99996,200,100983,100,99985,100,101034,100,99936,400,101087,100,99933,100,101260,100,99850,100
2019-06-28 09:53:10.000000000,100392,185,100279,185,100403,185,100237,100,100421,185,100170,185,100682,185,100088,185,100696,185,100029,185,100897,300,99996,200,100983,100,99985,100,101034,100,99936,400,101087,100,99933,100,101260,100,99850,100
2019-06-28 09:53:11.278305983,100392,85,100279,185,100403,185,100237,100,100421,185,100170,185,100682,185,100088,185,100696,185,100029,185,100897,300,99996,200,100983,100,99985,100,101034,100,99936,400,101087,100,99933,100,101260,100,99850,100
2019-06-28 09:53:20.000000000,100403,206,100279,206,100421,206,100237,121,100682,206,100170,206,100696,206,100088,206,100897,300,100029,100,100983,100,99996,200,101034,100,99985,100,101087,100,99936,400,101260,100,99933,100,101262,100,99850,100
2019-06-28 09:53:30.000000000,100403,312,100279,312,100421,312,100237,227,100682,100,100170,100,100696,100,100088,100,100897,300,100029,100,100983,100,99996,200,101034,100,99985,100,101087,100,99936,400,101260,100,99933,100,101262,100,99850,100
2019-06-28 09:53:40.000000000,100403,185,100279,185,100421,185,100237,100,100682,185,100170,185,100696,185,100088,185,100897,385,100029,185,100983,100,99996,200,101034,100,99985,100,101087,100,99936,400,101260,100,99933,100,101262,100,99850,100
2019-06-28 09:53:43.887288753,100403,185,100279,185,100421,185,100237,100,100462,100,100170,185,100682,185,100088,185,100696,185,100029,185,100897,385,99996,200,100983,100,99985,100,101034,100,99936,400,101087,100,99933,100,101260,100,,
2019-06-28 09:53:50.000000000,100403,524,100279,524,100421,100,100237,15,100462,100,100170,100,100682,100,100088,100,100696,100,100029,100,100897,300,99996,200,100983,100,99985,100,101034,100,99936,400,101087,100,99933,100,101260,100,,
2019-06-28 09:54:00.000000000,100403,524,100279,524,100421,100,100237,15,100462,100,100170,100,100682,100,100088,100,100696,100,100029,100,100897,300,99996,200,100983,100,99985,100,101034,100,99936,400,101087,100,99933,100,101260,100,,
2019-06-28 09:54:04.509815920,100403,524,100279,524,100421,100,100244,100,100462,100,100237,15,100682,100,100170,100,100696,100,100088,100,100897,300,100029,100,100983,100,99996,200,101034,100,99985,100,101087,100,99936,400,101260,100,99933,100
2019-06-28 09:54:10.000000000,100403,524,100279,524,100421,100,100244,100,100462,100,100237,15,100682,100,100170,100,100696,100,100088,100,100897,300,100029,100,100983,100,99996,200,101034,100,99985,100,101087,100,99936,400,101260,100,99933,100
2019-06-28 09:54:14.338500607,100403,524,100279,524,100421,100,100244,100,100462,100,100241,100,100682,100,100237,15,100696,100,100170,100,100897,300,100088,100,100983,100,100029,100,101034,100,99996,200,101087,100,99985,100,101260,100,99936,400
2019-06-28 09:54:15.663253638,100403,524,100279,524,100421,100,100244,100,100462,100,100241,100,100682,100,100237,15,100696,100,100170,100,100897,300,100161,100,100983,100,100088,100,101034,100,100029,100,101087,100,99996,200,101260,100,99985,100
2019-06-28 09:54:20.000000000,100403,185,100279,185,100421,185,100244,185,100462,185,100241,185,100682,185,100237,100,100696,185,100170,185,100897,300,100161,100,100983,100,100088,100,101034,100,100029,100,101087,100,99996,200,101260,100,99985,100
2019-06-28 09:54:30.000000000,100403,524,100279,524,100421,100,100244,100,100462,100,100241,100,100682,100,100237,15,100696,100,100170,100,100897,300,100161,100,100983,100,100088,100,101034,100,100029,100,101087,100,99996,200,101260,100,99985,100
2019-06-28 09:54:31.269158571,100305,100,100279,524,100403,524,100244,100,100421,100,100241,100,100462,100,100237,15,100682,100,100170,100,100696,100,100161,100,100897,300,100088,100,100983,100,100029,100,101034,100,99996,200,101087,100,99985,100
2019-06-28 09:54:39.644097201,100305,100,100279,424,100403,524,100244,100,100421,100,100241,100,100462,100,100237,15,100682,100,100170,100,100696,100,100161,100,100897,300,100088,100,100983,100,100029,100,101034,100,99996,200,101087,100,99985,100
2019-06-28 09:54:40.000000000,100305,206,100244,206,100403,206,100241,206,100421,206,100237,121,100462,206,100170,206,100682,100,100161,100,100696,100,100088,100,100897,300,100029,100,100983,100,99996,200,101034,100,99985,100,101087,100,99936,400
2019-06-28 09:54:40.965600493,100305,206,100244,206,100403,206,100241,206,100421,206,100237,121,100462,206,100170,206,100682,100,100161,100,100696,100,100029,100,100897,300,99996,200,100983,100,99985,100,101034,100,99936,400,101087,100,99933,100
2019-06-28 09:54:41.244472312,100253,100,100244,206,100305,206,100241,206,100403,206,100237,121,100421,206,100170,206,100462,206,100161,100,100682,100,100029,100,100696,100,99996,200,100897,300,99985,100,100983,100,99936,400,101034,100,99933,100
2019-06-28 09:54:50.000000000,100253,185,100244,185,100305,185,100241,185,100403,185,100237,100,100421,185,100170,185,100462,185,100161,185,100682,100,100029,100,100696,100,99996,200,100897,300,99985,100,100983,100,99936,400,101034,100,99933,100
2019-06-28 09:55:00.000000000,100253,524,100244,524,100305,100,100241,100,100403,100,100237,15,100421,100,100170,100,100462,100,100161,100,100682,100,100029,100,100696,100,99996,200,100897,300,99985,100,100983,100,99936,400,101034,100,99933,100
2019-06-28 09:55:10.000000000,100253,524,100244,524,100305,100,100241,100,100403,100,100237,15,100421,100,100170,100,100462,100,100161,100,100682,100,100029,100,100696,100,99996,200,100897,300,99985,100,100983,100,99936,400,101034,100,99933,100
2019-06-28 09:55:20.000000000,100253,524,100244,524,100305,100,100241,100,100403,100,100237,15,100421,100,100170,100,100462,100,100161,100,100682,100,100029,100,100696,100,99996,200,100897,300,99985,100,100983,100,99936,400,101034,100,99933,100
2019-06-28 09:55:25.982948194,100253,524,100244,524,100304,100,100241,100,100305,100,100237,15,100403,100,100170,100,100421,100,100161,100,100462,100,100029,100,100682,100,99996,200,100696,100,99985,100,100897,300,99936,400,100983,100,99933,100
2019-06-28 09:55:30.000000000,100253,524,100244,524,100304,100,100241,100,100305,100,100237,15,100403,100,100170,100,100421,100,100161,100,100462,100,100029,100,100682,100,99996,200,100696,100,99985,100,100897,300,99936,400,100983,100,99933,100
2019-06-28 09:55:40.000000000,100253,312,100244,312,100304,312,100241,312,100305,100,100237,15,100403,100,100170,100,100421,100,100161,100,100462,100,100029,100,100682,100,99996,200,100696,100,99985,100,100897,300,99936,400,100983,100,99933,100
2019-06-28 09:55:40.634274719,100253,312,100244,212,100304,312,100241,312,100305,100,100237,15,100403,100,100170,100,100421,100,100161,100,100462,100,100029,100,100682,100,99996,200,100696,100,99985,100,100897,300,99936,400,100983,100,99933,100
2019-06-28 09:55:50.000000000,100253,185,100241,185,100304,185,100237,100,100305,185,100170,185,100403,185,100161,185,100421,185,100029,185,100462,100,99996,200,100682,100,99985,100,100696,100,99936,400,100897,300,99933,100,100983,100,,
2019-06-28 09:55:50.597373521,100253,185,100241,185,100304,185,100237,100,100305,185,100170,185,100403,185,100161,185,100421,185,100029,185,100462,100,99996,200,100682,100,99985,100,100696,100,99936,400,100897,300,99933,100,100983,100,99862,100
2019-06-28 09:55:56.039116790,100253,185,100241,185,100304,185,100237,100,100305,185,100170,185,100403,185,100161,185,100421,185,100156,100,100462,100,100029,185,100682,100,99996,200,100696,100,99936,400,100897,300,99933,100,100983,100,99862,100
2019-06-28 09:56:00.000000000,100253,524,100241,524,100304,100,100237,15,100305,100,100170,100,100403,100,100161,100,100421,100,100156,100,100462,100,100029,100,100682,100,99996,200,100696,100,99936,400,100897,300,99933,100,100983,100,99862,100
2019-06-28 09:56:03.608202241,100253,524,100241,524,100304,100,100237,15,100305,100,100170,100,100403,100,100161,100,100421,100,100156,100,100462,100,100029,100,100682,100,99996,200,100696,100,99936,400,100897,300,99933,100,100983,100,99862,100
2019-06-28 09:56:10.000000000,100253,206,100241,206,100304,206,100237,121,100305,206,100170,206,100403,206,100161,206,100421,100,100156,100,100462,100,100029,100,100682,100,99996,200,100696,100,99936,400,100897,300,99933,100,100983,100,99862,100
2019-06-28 09:56:20.000000000,100253,312,100241,312,100304,312,100237,227,100305,100,100170,100,100403,100,100161,100,100421,100,100156,100,100462,100,100029,100,100682,100,99996,200,100696,100,99936,400,100897,300,99933,100,100983,100,99862,100
2019-06-28 09:56:30.000000000,100253,312,100241,312,100304,312,100237,227,100305,100,100170,100,100403,100,100161,100,100421,100,100156,100,100462,100,100029,100,100682,100,99996,200,100696,100,99936,400,100897,300,99933,100,100983,100,99862,100
2019-06-28 09:56:40.000000000,100253,312,100241,312,100304,312,100237,227,100305,100,100170,100,100403,100,100161,100,100421,100,100156,100,100462,100,100029,100,100682,100,99996,200,100696,100,99936,400,100897,300,99933,100,100983,100,99862,100
2019-06-28 09:56:50.000000000,100253,312,100241,312,100304,312,100237,227,100305,100,100170,100,100403,100,100161,100,100421,100,100156,100,100462,100,100029,100,100682,100,99996,200,100696,100,99936,400,100897,300,99933,100,100983,100,99862,100
2019-06-28 09:57:00.000000000,100253,524,100241,524,100304,100,100237,15,100305,100,100170,100,100403,100,100161,100,100421,100,100156,100,100462,100,100029,100,100682,100,99996,200,100696,100,99936,400,100897,300,99933,100,100983,100,99862,100
2019-06-28 09:57:03.404201815,100253,524,100241,424,100304,100,100237,15,100305,100,100170,100,100403,100,100161,100,100421,100,100156,100,100462,100,100029,100,100682,100,99996,200,100696,100,99936,400,100897,300,99933,100,100983,100,99862,100
2019-06-28 09:57:10.000000000,100253,312,100237,227,100304,312,100170,312,100305,100,100161,100,100403,100,100156,100,100421,100,100029,100,100462,100,99996,200,100682,100,99936,400,100696,100,99933,100,100897,300,99862,100,100983,100,99676,100
2019-06-28 09:57:15.303517786,100253,312,100237,127,100304,312,100170,312,100305,100,100161,100,100403,100,100156,100,100421,100,100029,100,100462,100,99996,200,100682,100,99936,400,100696,100,99933,100,100897,300,99862,100,100983,100,99676,100
2019-06-28 09:57:17.883395900,100241,100,100237,127,100253,312,100170,312,100304,312,100161,100,100305,100,100156,100,100403,100,100029,100,100421,100,99996,200,100462,100,99936,400,100682,100,99933,100,100696,100,99862,100,100897,300,99676,100
2019-06-28 09:57:20.000000000,100241,312,100170,312,100253,312,100161,312,100304,100,100156,100,100305,100,100029,100,100403,100,99996,200,100421,100,99936,400,100462,100,99933,100,100682,100,99862,100,100696,100,99676,100,100897,300,,
2019-06-28 09:57:30.000000000,100241,185,100170,185,100253,185,100161,185,100304,185,100156,185,100305,185,100029,185,100403,185,99996,285,100421,100,99936,400,100462,100,99933,100,100682,100,99862,100,100696,100,99676,100,100897,300,,
2019-06-28 09:57:40.000000000,100241,524,100170,524,100253,100,100161,100,100304,100,100156,100,100305,100,100029,100,100403,100,99996,200,100421,100,99936,400,100462,100,99933,100,100682,100,99862,100,100696,100,99676,100,100897,300,,
2019-06-28 09:57:45.122600218,100241,524,100170,524,100253,100,100161,100,100304,100,100156,100,100305,100,100029,100,100403,100,99996,200,100421,100,99936,400,100462,100,99933,100,100682,100,99862,100,100696,100,99676,100,100897,300,99093,100
2019-06-28 09:57:50.000000000,100241,312,100170,312,100253,312,100161,312,100304,100,100156,100,100305,100,100029,100,100403,100,99996,200,100421,100,99936,400,100462,100,99933,100,100682,100,99862,100,100696,100,99676,100,100897,300,99093,100
2019-06-28 09:58:00.000000000,100241,524,100170,524,100253,100,100161,100,100304,100,100156,100,100305,100,100029,100,100403,100,99996,200,100421,100,99936,400,100462,100,99933,100,100682,100,99862,100,100696,100,99676,100,100897,300,99093,100
2019-06-28 09:58:02.541641612,100241,524,100170,424,100253,100,100161,100,100304,100,100156,100,100305,100,100029,100,100403,100,99996,200,100421,100,99936,400,100462,100,99933,100,100682,100,99862,100,100696,100,99676,100,100897,300,99093,100
2019-06-28 09:58:10.000000000,100241,244,100161,244,100253,240,100156,240,100304,240,100029,240,100305,100,99996,200,100403,100,99936,400,100421,100,99933,100,100462,100,99862,100,100682,100,99676,100,100696,100,99093,100,100897,300,,
2019-06-28 09:58:20.000000000,100241,524,100161,524,100253,100,100156,100,100304,100,100029,100,100305,100,99996,200,100403,100,99936,400,100421,100,99933,100,100462,100,99862,100,100682,100,99676,100,100696,100,99093,100,100897,300,,
2019-06-28 09:58:30.000000000,100241,206,100161,206,100253,206,100156,206,100304,206,100029,206,100305,206,99996,306,100403,100,99936,400,100421,100,99933,100,100462,100,99862,100,100682,100,99676,100,100696,100,99093,100,100897,300,,
2019-06-28 09:58:30.658608272,100241,206,100161,206,100253,206,100156,206,100304,206,100029,206,100305,206,99996,306,100403,100,99936,400,100421,100,99933,100,100462,100,99862,100,100682,100,99676,100,100696,100,99235,100,100897,300,99093,100
2019-06-28 09:58:32.358624784,100241,206,100161,206,100253,206,100156,206,100304,206,100029,206,100305,206,99996,306,100403,100,99936,400,100421,100,99933,100,100462,100,99862,100,100682,100,99676,100,100696,100,99235,100,100897,300,99212,100
2019-06-28 09:58:40.000000000,100241,185,100161,185,100253,185,100156,185,100304,185,100029,185,100305,185,99996,285,100403,185,99936,485,100421,100,99933,100,100462,100,99862,100,100682,100,99676,100,100696,100,99235,100,100897,300,99212,100
2019-06-28 09:58:41.525018906,100241,185,100161,85,100253,185,100156,185,100304,185,100029,185,100305,185,99996,285,100403,185,99936,485,100421,100,99933,100,100462,100,99862,100,100682,100,99676,100,100696,100,99235,100,100897,300,99212,100
2019-06-28 09:58:42.159193697,100170,100,100161,85,100241,185,100156,185,100253,185,100029,185,100304,185,99996,285,100305,185,99936,485,100403,185,99933,100,100421,100,99862,100,100462,100,99676,100,100682,100,99235,100,100696,100,99212,100
2019-06-28 09:58:43.097104369,100161,15,100156,185,100170,100,100029,185,100241,185,99996,285,100253,185,99936,485,100304,185,99933,100,100305,185,99862,100,100403,185,99676,100,100421,100,99235,100,100462,100,99212,100,100682,100,99093,100
2019-06-28 09:58:44.113745169,100161,115,100156,185,100170,100,100029,185,100241,185,99996,185,100253,185,99936,485,100304,185,99933,100,100305,185,99862,100,100403,185,99676,100,100421,100,99235,100,100462,100,99212,100,100682,100,99093,100
2019-06-28 09:58:50.000000000,100161,259,100156,244,100170,240,100029,240,100241,240,99996,240,100253,100,99936,400,100304,100,99933,100,100305,100,99862,100,100403,100,99676,100,100421,100,99235,100,100462,100,99212,100,100682,100,99093,100
2019-06-28 09:58:52.756454678,100161,259,100156,144,100170,240,100029,240,100241,240,99996,240,100253,100,99936,400,100304,100,99933,100,100305,100,99862,100,100403,100,99676,100,100421,100,99235,100,100462,100,99212,100,100682,100,99093,100
2019-06-28 09:59:00.000000000,100161,259,100029,244,100170,240,99996,240,100241,240,99936,540,100253,100,99933,100,100304,100,99862,100,100305,100,99676,100,100403,100,99235,100,100421,100,99212,100,100462,100,99093,100,100682,100,,
2019-06-28 09:59:10.000000000,100161,539,100029,524,100170,100,99996,100,100241,100,99936,400,100253,100,99933,100,100304,100,99862,100,100305,100,99676,100,100403,100,99235,100,100421,100,99212,100,100462,100,99093,100,100682,100,,
2019-06-28 09:59:20.000000000,100161,259,100029,244,100170,240,99996,240,100241,240,99936,540,100253,100,99933,100,100304,100,99862,100,100305,100,99676,100,100403,100,99235,100,100421,100,99212,100,100462,100,99093,100,100682,100,,
2019-06-28 09:59:20.080168331,100160,100,100029,244,100161,259,99996,240,100170,240,99936,540,100241,240,99933,100,100253,100,99862,100,100304,100,99676,100,100305,100,99235,100,100403,100,99212,100,100421,100,99093,100,100462,100,,
2019-06-28 09:59:24.501510442,100160,100,100029,244,100161,259,99996,240,100170,240,99936,540,100241,240,99933,100,100253,100,99862,100,100304,100,99676,100,100305,100,99499,100,100403,100,99235,100,100462,100,99212,100,100682,100,99093,100
2019-06-28 09:59:30.000000000,100160,244,100029,244,100161,255,99996,240,100170,240,99936,540,100241,100,99933,100,100253,100,99862,100,100304,100,99676,100,100305,100,99499,100,100403,100,99235,100,100462,100,99212,100,100682,100,99093,100
2019-06-28 09:59:40.000000000,100160,524,100029,524,100161,115,99996,100,100170,100,99936,400,100241,100,99933,100,100253,100,99862,100,100304,100,99676,100,100305,100,99499,100,100403,100,99235,100,100462,100,99212,100,100682,100,99093,100
2019-06-28 09:59:42.655792974,100160,524,100029,524,100161,115,99996,100,100170,100,99936,400,100241,100,99933,100,100253,100,99862,100,100304,100,99676,100,100305,100,99499,100,100403,100,99347,100,100462,100,99235,100,100682,100,99212,100
2019-06-28 09:59:50.000000000,100160,312,100029,312,100161,327,99996,312,100170,100,99936,400,100241,100,99933,100,100253,100,99862,100,100304,100,99676,100,100305,100,99499,100,100403,100,99347,100,100462,100,99235,100,100682,100,99212,100
2019-06-28 10:00:00.000000000,100160,206,100029,206,100161,221,99996,206,100170,206,99936,506,100241,206,99933,206,100253,100,99862,100,100304,100,99676,100,100305,100,99499,100,100403,100,99347,100,100462,100,99235,100,100682,100,99212,100
2019-06-28 10:00:10.000000000,100160,185,100029,185,100161,200,99996,185,100170,185,99936,485,100241,185,99933,185,100253,185,99862,185,100304,100,99676,100,100305,100,99499,100,100403,100,99347,100,100462,100,99235,100,100682,100,99212,100
2019-06-28 10:00:12.685278027,100160,285,100029,185,100161,200,99996,185,100170,185,99936,485,100241,185,99933,185,100253,185,99862,185,100304,100,99676,100,100305,100,99499,100,100403,100,99347,100,100462,100,99235,100,100682,100,99212,100
2019-06-28 10:00:14.797804922,100160,285,100029,185,100161,200,99996,185,100170,185,99936,485,100241,185,99933,185,100253,185,99862,185,100304,100,99676,100,100305,100,99499,100,100403,100,99347,100,100462,100,99235,100,100682,100,99212,100
2019-06-28 10:00:15.826151683,100160,285,100029,85,100161,200,99996,185,100170,185,99936,485,100241,185,99933,185,100253,185,99862,185,100304,100,99676,100,100305,100,99499,100,100403,100,99347,100,100462,100,99235,100,100682,100,99212,100
2019-06-28 10:00:20.000000000,100160,412,99996,312,100161,327,99936,612,100170,100,99933,100,100241,100,99862,100,100253,100,99676,100,100304,100,99499,100,100305,100,99347,100,100403,100,99235,100,100462,100,99212,100,100682,100,99093,100
2019-06-28 10:00:30.000000000,100160,624,99996,524,100161,115,99936,400,100170,100,99933,100,100241,100,99862,100,100253,100,99676,100,100304,100,99499,100,100305,100,99347,100,100403,100,99235,100,100462,100,99212,100,100682,100,99093,100
2019-06-28 10:00:40.000000000,100160,412,99996,312,100161,327,99936,612,100170,100,99933,100,100241,100,99862,100,100253,100,99676,100,100304,100,99499,100,100305,100,99347,100,100403,100,99235,100,100462,100,99212,100,100682,100,99093,100
2019-06-28 10:00:43.749557775,100160,412,99996,312,100161,327,99936,612,100170,100,99933,100,100241,100,99862,100,100253,100,99676,100,100304,100,99499,100,100305,100,99347,100,100403,100,99235,100,100682,100,99212,100,100897,200,99093,100
2019-06-28 10:00:50.000000000,100160,306,99996,206,100161,221,99936,506,100170,206,99933,206,100241,206,99862,206,100253,100,99676,100,100304,100,99499,100,100305,100,99347,100,100403,100,99235,100,100682,100,99212,100,100897,200,99093,100
2019-06-28 10:00:58.682502184,100160,306,99996,106,100161,221,99936,506,100170,206,99933,206,100241,206,99862,206,100253,100,99676,100,100304,100,99499,100,100305,100,99347,100,100403,100,99235,100,100682,100,99212,100,100897,200,99093,100
2019-06-28 10:01:00.000000000,100160,285,99936,485,100161,200,99933,185,100170,185,99862,185,100241,185,99676,185,100253,185,99499,185,100304,100,99347,100,100305,100,99235,100,100403,100,99212,100,100682,100,99093,100,100897,200,98954,100
2019-06-28 10:01:10.000000000,100160,344,99936,544,100161,255,99933,240,100170,240,99862,240,100241,100,99676,100,100253,100,99499,100,100304,100,99347,100,100305,100,99235,100,100403,100,99212,100,100682,100,99093,100,100897,200,98954,100
2019-06-28 10:01:20.000000000,100160,306,99936,506,100161,221,99933,206,100170,206,99862,206,100241,206,99676,206,100253,100,99499,100,100304,100,99347,100,100305,100,99235,100,100403,100,99212,100,100682,100,99093,100,100897,200,98954,100
2019-06-28 10:01:27.199557441,100160,306,99936,506,100161,221,99933,206,100170,206,99862,206,100241,206,99676,206,100253,100,99499,100,100304,100,99347,100,100305,100,99235,100,100403,100,99212,100,100682,100,99093,100,100897,200,98954,100
2019-06-28 10:01:28.909296954,100160,306,99936,506,100161,221,99933,206,100170,206,99862,206,100241,206,99676,206,100253,100,99499,100,100304,100,99347,100,100305,100,99235,100,100403,100,99212,100,100682,100,99093,100,100897,200,99075,100
2019-06-28 10:01:30.000000000,100160,344,99936,544,100161,255,99933,240,100170,240,99862,240,100241,100,99676,100,100253,100,99499,100,100304,100,99347,100,100305,100,99235,100,100403,100,99212,100,100682,100,99093,100,100897,200,99075,100
2019-06-28 10:01:40.000000000,100160,344,99936,544,100161,255,99933,240,100170,240,99862,240,100241,100,99676,100,100253,100,99499,100,100304,100,99347,100,100305,100,99235,100,100403,100,99212,100,100682,100,99093,100,100897,200,99075,100
2019-06-28 10:01:46.932011497,100160,344,99936,444,100161,255,99933,240,100170,240,99862,240,100241,100,99676,100,100253,100,99499,100,100304,100,99347,100,100305,100,99235,100,100682,100,99212,100,100897,200,99093,100,101034,100,99075,100
2019-06-28 10:01:47.416174784,100160,344,99936,344,100161,255,99933,240,100170,240,99862,240,100241,100,99676,100,100304,100,99499,100,100305,100,99347,100,100682,100,99235,100,100897,200,99212,100,101034,100,99093,100,101260,100,99075,100
2019-06-28 10:01:49.383415038,100160,344,99936,244,100161,255,99933,240,100170,240,99862,240,100241,100,99676,100,100304,100,99499,100,100305,100,99347,100,100682,100,99235,100,100897,200,99212,100,101034,100,99093,100,101260,100,99075,100
2019-06-28 10:01:50.000000000,100160,344,99936,244,100161,255,99933,240,100170,240,99862,240,100241,100,99676,100,100304,100,99499,100,100305,100,99347,100,100682,100,99235,100,100897,200,99212,100,101034,100,99093,100,101260,100,99075,100
2019-06-28 10:01:55.326285322,100160,344,99936,244,100161,255,99933,240,100170,240,99862,240,100241,100,99676,100,100304,100,99499,100,100305,100,99347,100,100682,100,99235,100,100897,200,99212,100,101034,100,99093,100,101260,100,99088,100
2019-06-28 10:01:56.401144607,100160,344,99936,144,100161,255,99933,240,100170,240,99862,240,100241,100,99676,100,100304,100,99499,100,100305,100,99347,100,100682,100,99235,100,100897,200,99212,100,101034,100,99093,100,101260,100,99088,100
2019-06-28 10:01:57.922104295,100160,344,99936,44,100161,255,99933,240,100170,240,99862,240,100241,100,99676,100,100304,100,99499,100,100305,100,99347,100,100682,100,99235,100,100897,200,99212,100,101034,100,99093,100,101260,100,99088,100
2019-06-28 10:02:00.000000000,100160,412,99933,312,100161,327,99862,312,100170,100,99676,100,100241,100,99499,100,100304,100,99347,100,100305,100,99235,100,100682,100,99212,100,100897,200,99093,100,101034,100,99088,100,101260,100,99075,100
2019-06-28 10:02:10.000000000,100160,344,99933,244,100161,255,99862,240,100170,240,99676,240,100241,100,99499,100,100304,100,99347,100,100305,100,99235,100,100682,100,99212,100,100897,200,99093,100,101034,100,99088,100,101260,100,99075,100
2019-06-28 10:02:20.000000000,100160,412,99933,312,100161,327,99862,312,100170,100,99676,100,100241,100,99499,100,100304,100,99347,100,100305,100,99235,100,100682,100,99212,100,100897,200,99093,100,101034,100,99088,100,101260,100,99075,100
2019-06-28 10:02:24.957408541,99936,100,99933,312,100160,412,99862,312,100161,327,99676,100,100170,100,99499,100,100241,100,99347,100,100304,100,99235,100,100305,100,99212,100,100682,100,99093,100,100897,200,99088,100,101034,100,99075,100
2019-06-28 10:02:28.296021114,99936,100,99933,212,100160,412,99862,312,100161,327,99676,100,100170,100,99499,100,100241,100,99347,100,100304,100,99235,100,100305,100,99212,100,100682,100,99093,100,100897,200,99088,100,101034,100,99075,100
2019-06-28 10:02:30.000000000,99936,185,99862,185,100160,285,99676,185,100161,200,99499,185,100170,185,99347,185,100241,185,99235,185,100304,100,99212,100,100305,100,99093,100,100682,100,99088,100,100897,200,99075,100,101034,100,98910,100
2019-06-28 10:02:40.000000000,99936,206,99862,206,100160,306,99676,206,100161,221,99499,206,100170,206,99347,206,100241,100,99235,100,100304,100,99212,100,100305,100,99093,100,100682,100,99088,100,100897,200,99075,100,101034,100,98910,100
2019-06-28 10:02:50.000000000,99936,206,99862,206,100160,306,99676,206,100161,221,99499,206,100170,206,99347,206,100241,100,99235,100,100304,100,99212,100,100305,100,99093,100,100682,100,99088,100,100897,200,99075,100,101034,100,98910,100
2019-06-28 10:02:51.526150684,99936,206,99862,206,100160,306,99676,206,100161,221,99499,206,100170,206,99347,206,100241,100,99235,100,100304,100,99212,100,100305,100,99093,100,100682,100,99088,100,100897,200,99075,100,101034,100,98910,100
2019-06-28 10:03:00.000000000,99936,185,99862,185,100160,285,99676,185,100161,200,99499,185,100170,185,99347,185,100241,185,99235,185,100304,100,99212,100,100305,100,99093,100,100682,100,99088,100,100897,200,99075,100,101034,100,98910,100
2019-06-28 10:03:08.553878277,99936,185,99862,185,100160,285,99676,185,100161,200,99499,185,100170,185,99347,185,100241,185,99235,185,100304,100,99093,100,100305,100,99088,100,100682,100,99075,100,100897,200,98910,100,101034,100,98908,100
2019-06-28 10:03:10.000000000,99936,206,99862,206,100160,306,99676,206,100161,221,99499,206,100170,206,99347,206,100241,100,99235,100,100304,100,99093,100,100305,100,99088,100,100682,100,99075,100,100897,200,98910,100,101034,100,98908,100
2019-06-28 10:03:20.000000000,99936,244,99862,244,100160,340,99676,240,100161,255,99499,240,100170,100,99347,100,100241,100,99235,100,100304,100,99093,100,100305,100,99088,100,100682,100,99075,100,100897,200,98910,100,101034,100,98908,100
2019-06-28 10:03:24.660997775,99935,100,99862,244,99936,244,99676,240,100160,340,99499,240,100161,255,99347,100,100170,100,99235,100,100241,100,99093,100,100304,100,99088,100,100305,100,99075,100,100682,100,98910,100,100897,200,98908,100
2019-06-28 10:03:28.407601402,99935,100,99862,244,99936,244,99676,240,100160,340,99499,240,100161,255,99347,100,100170,100,99235,100,100241,100,99093,100,100304,100,99088,100,100305,100,99075,100,100682,100,98910,100,100897,200,98908,100
2019-06-28 10:03:30.000000000,99935,244,99862,244,99936,240,99676,240,100160,340,99499,240,100161,115,99347,100,100170,100,99235,100,100241,100,99093,100,100304,100,99088,100,100305,100,99075,100,100682,100,98910,100,100897,200,98908,100
2019-06-28 10:03:40.000000000,99935,244,99862,244,99936,240,99676,240,100160,340,99499,240,100161,115,99347,100,100170,100,99235,100,100241,100,99093,100,100304,100,99088,100,100305,100,99075,100,100682,100,98910,100,100897,200,98908,100
2019-06-28 10:03:46.703208465,99935,244,99862,144,99936,240,99676,240,100160,340,99499,240,100161,115,99347,100,100170,100,99235,100,100241,100,99093,100,100304,100,99088,100,100305,100,99075,100,100682,100,98910,100,100897,200,98908,100
2019-06-28 10:03:50.000000000,99935,206,99676,206,99936,206,99499,206,100160,306,99347,206,100161,221,99235,206,100170,100,99093,100,100241,100,99088,100,100304,100,99075,100,100305,100,98910,100,100682,100,98908,100,100897,200,98545,100
2019-06-28 10:03:51.539787742,99935,206,99676,206,99936,206,99499,206,100160,306,99347,206,100161,221,99235,206,100170,100,99093,100,100241,100,99088,100,100304,100,99075,100,100682,100,98910,100,100897,200,98908,100,101034,100,98545,100
2019-06-28 10:04:00.000000000,99935,524,99676,524,99936,100,99499,100,100160,200,99347,100,100161,115,99235,100,100170,100,99093,100,100241,100,99088,100,100304,100,99075,100,100682,100,98910,100,100897,200,98908,100,101034,100,98545,100
2019-06-28 10:04:01.529064022,99935,524,99676,524,99936,100,99499,100,100160,200,99347,100,100161,115,99235,100,100170,100,99093,100,100241,100,99088,100,100304,100,99075,100,100682,100,98910,100,100897,200,98908,100,101034,100,98545,100
2019-06-28 10:04:08.673360627,99935,524,99676,524,99936,100,99499,100,100160,200,99347,100,100161,115,99235,100,100170,100,99093,100,100241,100,99088,100,100304,100,99075,100,100682,100,98910,100,100897,200,98908,100,101034,100,98545,100
2019-06-28 10:04:10.000000000,99935,312,99676,312,99936,312,99499,312,100160,200,99347,100,100161,115,99235,100,100170,100,99093,100,100241,100,99088,100,100304,100,99075,100,100682,100,98910,100,100897,200,98908,100,101034,100,98545,100
2019-06-28 10:04:20.000000000,99935,244,99676,244,99936,240,99499,240,100160,340,99347,240,100161,115,99235,100,100170,100,99093,100,100241,100,99088,100,100304,100,99075,100,100682,100,98910,100,100897,200,98908,100,101034,100,98545,100
2019-06-28 10:04:28.632940331,99935,244,99676,144,99936,240,99499,240,100160,340,99347,240,100161,115,99235,100,100170,100,99093,100,100241,100,99088,100,100304,100,99075,100,100682,100,98910,100,100897,200,98908,100,101034,100,98545,100
2019-06-28 10:04:30.000000000,99935,244,99499,244,99936,240,99347,240,100160,340,99235,240,100161,115,99093,100,100170,100,99088,100,100241,100,99075,100,100304,100,98910,100,100682,100,98908,100,100897,200,98545,100,101034,100,98345,100
2019-06-28 10:04:40.000000000,99935,244,99499,244,99936,240,99347,240,100160,340,99235,240,100161,115,99093,100,100170,100,99088,100,100241,100,99075,100,100304,100,98910,100,100682,100,98908,100,100897,200,98545,100,101034,100,98345,100
2019-06-28 10:04:50.000000000,99935,244,99499,244,99936,240,99347,240,100160,340,99235,240,100161,115,99093,100,100170,100,99088,100,100241,100,99075,100,100304,100,98910,100,100682,100,98908,100,100897,200,98545,100,101034,100,98345,100
2019-06-28 10:04:58.388234175,99935,244,99499,144,99936,240,99347,240,100160,340,99235,240,100161,115,99093,100,100170,100,99088,100,100241,100,99075,100,100304,100,98910,100,100682,100,98908,100,100897,200,98545,100,101034,100,98345,100
2019-06-28 10:05:00.000000000,99935,524,99347,524,99936,100,99235,100,100160,200,99093,100,100161,115,99088,100,100170,100,99075,100,100241,100,98910,100,100304,100,98908,100,100682,100,98545,100,100897,200,98345,100,101034,100,98115,100
2019-06-28 10:05:04.169400602,99935,524,99347,524,99936,100,99235,100,100160,200,99093,100,100161,115,99088,100,100170,100,99075,100,100241,100,98910,100,100304,100,98908,100,100682,100,98545,100,100897,200,98491,100,101034,100,98345,100
2019-06-28 10:05:07.308289744,99935,424,99347,524,99936,100,99235,100,100160,200,99093,100,100161,115,99088,100,100170,100,99075,100,100241,100,98910,100,100304,100,98908,100,100682,100,98545,100,100897,200,98491,100,101034,100,98345,100
2019-06-28 10:05:10.000000000,99936,185,99347,185,100160,285,99235,185,100161,200,99093,185,100170,185,99088,185,100241,185,99075,185,100304,100,98910,100,100682,100,98908,100,100897,200,98545,100,101034,100,98491,100,101260,100,98345,100
2019-06-28 10:05:10.340029577,99936,185,99347,185,100160,285,99235,85,100161,200,99093,185,100170,185,99088,185,100241,185,99075,185,100304,100,98910,100,100682,100,98908,100,100897,200,98722,100,101034,100,98545,100,101260,100,98491,100
2019-06-28 10:05:14.637411657,99936,185,99347,85,100160,285,99235,85,100161,200,99093,185,100170,185,99088,185,100241,185,99075,185,100304,100,98910,100,100682,100,98908,100,100897,200,98722,100,101034,100,98545,100,101260,100,98491,100
2019-06-28 10:05:20.000000000,99936,244,99093,244,100160,340,99088,240,100161,255,99075,240,100170,100,98910,100,100241,100,98908,100,100304,100,98722,100,100682,100,98545,100,100897,200,98491,100,101034,100,98345,100,101260,100,98115,100
2019-06-28 10:05:21.395681990,99936,244,99093,144,100160,340,99088,240,100161,255,99075,240,100170,100,98910,100,100241,100,98908,100,100304,100,98722,100,100682,100,98545,100,100897,200,98491,100,101034,100,98345,100,101260,100,98115,100
2019-06-28 10:05:30.000000000,99936,244,99088,244,100160,340,99075,240,100161,255,98910,240,100170,100,98908,100,100241,100,98722,100,100304,100,98545,100,100682,100,98491,100,100897,200,98345,100,101034,100,98115,100,101260,100,98021,100
2019-06-28 10:05:40.000000000,99936,185,99088,185,100160,285,99075,185,100161,200,98910,185,100170,185,98908,185,100241,185,98722,185,100304,100,98545,100,100682,100,98491,100,100897,200,98345,100,101034,100,98115,100,101260,100,98021,100
2019-06-28 10:05:50.000000000,99936,244,99088,244,100160,340,99075,240,100161,255,98910,240,100170,100,98908,100,100241,100,98722,100,100304,100,98545,100,100682,100,98491,100,100897,200,98345,100,101034,100,98115,100,101260,100,98021,100
2019-06-28 10:06:00.000000000,99936,185,99088,185,100160,285,99075,185,100161,200,98910,185,100170,185,98908,185,100241,185,98722,185,100304,100,98545,100,100682,100,98491,100,100897,200,98345,100,101034,100,98115,100,101260,100,98021,100
