,ask_price_1,ask_size_1,bid_price_1,bid_size_1,ask_price_2,ask_size_2,bid_price_2,bid_size_2,ask_price_3,ask_size_3,bid_price_3,bid_size_3,ask_price_4,ask_size_4,bid_price_4,bid_size_4,ask_price_5,ask_size_5,bid_price_5,bid_size_5,ask_price_6,ask_size_6,bid_price_6,bid_size_6,ask_price_7,ask_size_7,bid_price_7,bid_size_7,ask_price_8,ask_size_8,bid_price_8,bid_size_8,ask_price_9,ask_size_9,bid_price_9,bid_size_9,ask_price_10,ask_size_10,bid_price_10,bid_size_10
2019-06-28 09:30:00.000000004,,,100020,100,,,,,,,,,,,,,,,,,,,,,,,,,,,,,,,,,,,,
2019-06-28 09:30:00.000000005,100093,100,100020,100,,,,,,,,,,,,,,,,,,,,,,,,,,,,,,,,,,,,
2019-06-28 09:30:00.000000006,100040,100,100020,100,100093,100,99953,100,,,99865,100,,,,,,,,,,,,,,,,,,,,,,,,,,,,
2019-06-28 09:30:00.000000007,100040,100,99953,100,100093,100,99865,100,,,,,,,,,,,,,,,,,,,,,,,,,,,,,,,,
2019-06-28 09:30:00.000000008,99984,100,99953,100,100040,100,99865,100,100093,100,,,,,,,,,,,,,,,,,,,,,,,,,,,,,,
2019-06-28 09:30:00.000000010,99984,100,99953,100,100040,100,99905,100,100093,100,99865,100,,,,,,,,,,,,,,,,,,,,,,,,,,,,
2019-06-28 09:30:00.000000012,99984,100,99953,100,100040,100,99905,100,100093,100,99902,100,100239,100,99865,100,,,,,,,,,,,,,,,,,,,,,,,,
2019-06-28 09:30:00.000000014,99984,100,99953,100,100040,100,99905,100,100093,100,99902,100,100106,100,99865,100,100239,100,99799,100,,,,,,,,,,,,,,,,,,,,
2019-06-28 09:30:00.000000015,99984,100,99953,100,100040,100,99905,100,100093,100,99902,100,100102,100,99865,100,100106,100,99799,100,100239,100,,,,,,,,,,,,,,,,,,
2019-06-28 09:30:00.000000017,99984,100,99953,100,100013,100,99905,100,100040,100,99902,100,100093,100,99865,100,100102,100,99799,100,100106,100,,,100239,100,,,,,,,,,,,,,,
2019-06-28 09:30:00.000000018,99984,100,99953,100,100013,100,99905,100,100040,100,99902,100,100093,100,99865,100,100102,100,99837,100,100106,100,99799,100,100239,100,,,,,,,,,,,,,,
2019-06-28 09:30:00.000000019,99984,100,99953,100,100013,100,99905,100,100040,100,99902,100,100093,100,99892,100,100102,100,99889,100,100106,100,99865,100,100239,100,99837,100,,,99799,100,,,,,,,,
2019-06-28 09:30:00.000000021,99984,100,99953,100,100013,100,99905,100,100040,100,99902,100,100093,100,99892,100,100102,100,99889,100,100106,100,99865,100,100112,100,99837,100,100239,100,99799,100,,,,,,,,
2019-06-28 09:30:00.000000022,99984,100,99957,100,100013,100,99953,100,100034,100,99905,100,100040,100,99902,100,100093,100,99892,100,100102,100,99889,100,100106,100,99865,100,100112,100,99837,100,100239,100,99799,100,,,,
2019-06-28 09:30:00.000000024,99984,100,99957,100,100013,100,99953,100,100034,100,99905,100,100040,100,99902,100,100093,100,99892,100,100094,100,99889,100,100102,100,99865,100,100106,100,99837,100,100112,100,99799,100,100239,100,,
2019-06-28 09:30:00.000000025,99984,100,99957,100,100013,100,99953,100,100017,100,99905,100,100034,100,99902,100,100040,100,99892,100,100093,100,99889,100,100094,100,99865,100,100097,100,99837,100,100102,100,99799,100,100106,100,,
2019-06-28 09:30:00.000000027,100013,100,99957,100,100017,100,99953,100,100034,100,99905,100,100040,100,99902,100,100093,100,99892,100,100094,100,99889,100,100097,100,99865,100,100102,100,99837,100,100106,100,99799,100,100112,100,,
2019-06-28 09:30:00.000000029,100013,100,99953,100,100017,100,99905,100,100034,100,99902,100,100040,100,99892,100,100093,100,99889,100,100094,100,99865,100,100097,100,99837,100,100102,100,99799,100,100106,100,,,100112,100,,
2019-06-28 09:30:00.000000030,100013,100,99957,100,100017,100,99953,100,100034,100,99905,100,100040,100,99902,100,100093,100,99892,100,100094,100,99889,100,100097,100,99865,100,100102,100,99837,100,100106,100,99799,100,100112,100,,
2019-06-28 09:30:00.000000033,100013,100,99999,100,100017,100,99957,100,100034,100,99953,100,100040,100,99905,100,100093,100,99902,100,100094,100,99892,100,100097,100,99889,100,100102,100,99865,100,100106,100,99837,100,100112,100,99799,100
2019-06-28 09:30:00.000000035,100013,100,99999,100,100017,100,99957,100,100034,100,99953,100,100040,100,99920,100,100093,100,99905,100,100094,100,99902,100,100097,100,99892,100,100102,100,99889,100,100106,100,99865,100,100112,100,99837,100
2019-06-28 09:30:00.000000036,100013,100,99999,100,100017,100,99957,100,100034,100,99953,100,100040,100,99920,100,100093,100,99905,100,100094,100,99902,100,100097,100,99892,100,100102,100,99889,100,100106,100,99865,100,100112,100,99837,100
2019-06-28 09:30:00.000000037,100013,100,99999,100,100017,100,99957,100,100034,100,99953,100,100040,100,99920,100,100093,100,99908,100,100094,100,99905,100,100097,100,99902,100,100102,100,99892,100,100106,100,99889,100,100112,100,99865,100
2019-06-28 09:30:00.000000038,100013,100,99999,100,100017,100,99957,200,100034,100,99953,100,100040,100,99920,100,100085,100,99908,100,100093,100,99905,100,100094,100,99902,100,100097,100,99892,100,100102,100,99889,100,100106,100,99865,100
2019-06-28 09:30:00.000000043,100013,100,99999,100,100017,100,99957,200,100034,100,99953,100,100040,100,99920,100,100061,100,99908,100,100085,100,99905,100,100093,100,99902,100,100094,100,99892,100,100097,100,99889,100,100102,100,99865,100
2019-06-28 09:30:00.000000044,100013,100,99999,100,100017,100,99969,100,100034,100,99957,200,100040,100,99953,100,100061,100,99920,100,100085,100,99908,100,100093,100,99905,100,100094,100,99902,100,100097,100,99892,100,100102,100,99889,100
2019-06-28 09:30:00.000000045,100013,100,99999,100,100017,100,99969,100,100034,100,99957,200,100040,100,99953,100,100054,100,99920,100,100061,100,99908,100,100085,100,99905,100,100093,100,99902,100,100094,100,99892,100,100097,100,99889,100
2019-06-28 09:30:00.000000052,100013,100,99999,100,100017,100,99969,100,100034,100,99957,300,100040,100,99953,100,100054,100,99920,100,100061,100,99908,100,100085,100,99905,100,100093,100,99902,100,100094,100,99892,100,100097,100,99889,100
2019-06-28 09:30:00.000000053,100013,100,99969,100,100017,100,99966,100,100034,100,99957,300,100040,100,99953,100,100054,100,99920,100,100061,100,99908,100,100085,100,99905,100,100093,100,99902,100,100094,100,99892,100,100097,100,99889,100
2019-06-28 09:30:00.000000054,100013,100,99969,100,100017,100,99966,100,100034,100,99957,300,100040,100,99953,100,100054,100,99920,100,100061,100,99908,100,100085,100,99905,100,100093,100,99902,100,100094,100,99893,100,100097,100,99892,100
2019-06-28 09:30:00.000000055,100002,100,99969,100,100013,100,99966,100,100017,100,99957,300,100028,100,99953,100,100034,100,99920,100,100040,100,99908,100,100054,100,99905,100,100061,100,99902,100,100085,100,99893,100,100093,100,99892,100
2019-06-28 09:30:00.000000060,99984,100,99970,100,100002,100,99969,100,100013,100,99966,100,100017,100,99957,300,100028,100,99953,100,100034,100,99920,100,100040,100,99908,100,100054,100,99905,100,100061,100,99902,100,100085,100,99893,100
2019-06-28 09:30:00.000000062,99984,100,99969,100,100002,100,99966,100,100013,100,99957,300,100017,100,99953,100,100028,100,99920,100,100034,100,99908,100,100040,100,99905,100,100054,100,99902,100,100061,100,99893,100,100085,100,99892,100
2019-06-28 09:30:00.000000069,99984,100,99969,100,100002,100,99966,100,100013,100,99957,400,100017,100,99953,100,100028,100,99920,100,100034,100,99908,100,100040,100,99905,100,100054,100,99902,100,100061,100,99893,100,100085,100,99892,100
2019-06-28 09:30:00.000000070,99984,100,99969,100,99999,100,99966,100,100002,100,99957,400,100013,100,99953,100,100017,100,99920,100,100028,100,99908,100,100034,100,99905,100,100040,100,99902,100,100054,100,99893,100,100061,100,99892,100
2019-06-28 09:30:00.000000072,99984,100,99969,100,99999,100,99968,100,100002,100,99966,100,100013,100,99957,400,100017,100,99953,100,100028,100,99920,100,100034,100,99908,100,100040,100,99905,100,100054,100,99902,100,100061,100,99893,100
2019-06-28 09:30:00.000000074,99983,100,99969,100,99984,100,99968,100,99999,100,99966,100,100002,100,99957,400,100013,100,99953,100,100017,100,99920,100,100028,100,99908,100,100034,100,99905,100,100040,100,99902,100,100045,100,99893,100
2019-06-28 09:30:00.000000075,99983,100,99969,100,99984,100,99968,100,99999,100,99966,100,100002,100,99957,400,100013,100,99953,100,100017,100,99920,100,100028,100,99908,100,100034,100,99905,100,100040,100,99902,100,100045,100,99893,100
2019-06-28 09:30:00.000000078,99983,100,99969,100,99984,100,99968,100,99999,100,99966,100,100002,100,99957,400,100013,100,99953,100,100017,100,99920,100,100028,100,99908,100,100034,100,99905,100,100040,100,99902,100,100045,100,99893,100
2019-06-28 09:30:00.000000080,99983,100,99969,100,99984,100,99968,100,99999,100,99966,100,100002,100,99957,400,100013,100,99953,100,100016,100,99920,100,100017,100,99908,100,100028,100,99905,100,100034,100,99902,100,100040,100,99893,100
2019-06-28 09:30:00.000000082,99983,100,99970,100,99984,100,99969,100,99999,200,99968,100,100002,100,99966,100,100013,100,99957,400,100016,100,99953,100,100017,100,99920,100,100028,100,99908,100,100034,100,99905,100,100040,100,99902,100
2019-06-28 09:30:00.000000085,99983,100,99970,100,99984,100,99969,100,99999,200,99968,100,100002,100,99966,100,100013,100,99957,400,100016,100,99953,100,100017,100,99942,100,100028,100,99920,100,100034,100,99908,100,100040,100,99905,100
2019-06-28 09:30:00.000000087,99983,100,99970,100,99984,100,99969,100,99999,200,99968,100,100002,100,99966,100,100013,100,99957,400,100016,100,99953,100,100017,100,99942,100,100028,100,99927,100,100034,100,99920,100,100040,100,99908,100
2019-06-28 09:30:00.000000088,99983,100,99970,100,99984,100,99969,100,99999,400,99968,100,100002,100,99966,100,100013,100,99957,400,100016,100,99953,100,100017,100,99942,100,100028,100,99927,100,100034,100,99920,100,100040,100,99908,100
2019-06-28 09:30:00.000000090,99983,100,99970,100,99984,100,99969,100,99999,500,99968,100,100002,100,99966,100,100013,100,99957,400,100016,100,99953,100,100017,100,99942,100,100028,100,99927,100,100031,100,99920,100,100034,100,99908,100
2019-06-28 09:30:00.000000094,99983,100,99970,100,99984,100,99969,100,99999,500,99968,100,100002,100,99966,100,100013,100,99957,400,100016,100,99953,100,100017,100,99942,100,100028,100,99927,100,100031,100,99920,100,100034,100,99908,100
2019-06-28 09:30:00.000000095,99984,100,99970,100,99999,500,99969,100,100002,100,99968,100,100013,100,99966,100,100016,100,99957,400,100017,100,99953,100,100028,100,99942,100,100031,100,99927,100,100034,100,99920,100,100040,100,99908,100
2019-06-28 09:30:00.000000096,99984,100,99970,100,99999,500,99969,100,100002,100,99968,100,100013,100,99966,100,100016,100,99957,400,100017,100,99953,100,100028,100,99942,100,100031,100,99927,100,100034,100,99920,100,100040,100,99908,100
2019-06-28 09:30:00.000000097,99984,100,99971,100,99999,500,99970,100,100002,100,99969,100,100013,100,99968,100,100016,100,99966,100,100017,100,99957,400,100028,100,99953,100,100031,100,99942,100,100034,100,99927,100,100040,100,99921,100
2019-06-28 09:30:00.000000099,99984,100,99975,100,99999,500,99971,100,100002,100,99970,100,100013,100,99969,100,100016,100,99968,100,100017,100,99966,100,100028,100,99957,400,100031,100,99953,100,100034,100,99942,100,100040,100,99934,100
2019-06-28 09:30:10.000000000,99984,169,99975,169,99999,569,99971,169,100002,169,99970,169,100013,169,99969,169,100016,169,99968,169,100017,100,99966,100,100028,100,99957,400,100031,100,99953,100,100034,100,99942,100,100040,100,99934,100
2019-06-28 09:30:13.173016472,99984,169,99975,169,99999,569,99971,169,100002,169,99970,169,100013,169,99969,169,100016,169,99968,169,100017,100,99966,100,100028,100,99957,400,100031,100,99953,100,100034,100,99942,100,100040,100,99934,100
2019-06-28 09:30:20.000000000,99984,446,99975,446,99999,500,99971,100,100002,100,99970,100,100013,100,99969,100,100016,100,99968,100,100017,100,99966,100,100028,100,99957,400,100031,100,99953,100,100034,100,99942,100,100040,100,99934,100
2019-06-28 09:30:26.517573018,99984,246,99975,446,99999,500,99971,100,100002,100,99970,100,100013,100,99969,100,100016,100,99968,100,100017,100,99966,100,100028,100,99957,400,100031,100,99953,100,100034,100,99942,100,100040,100,99934,100
2019-06-28 09:30:30.000000000,99999,846,99975,446,100002,100,99971,100,100013,100,99970,100,100016,100,99969,100,100017,100,99968,100,100028,100,99966,100,100031,100,99957,400,100034,100,99953,100,100040,100,99942,100,100045,100,99934,100
2019-06-28 09:30:38.514024992,99999,846,99983,100,100002,100,99975,446,100013,100,99971,100,100016,100,99970,100,100017,100,99969,100,100028,100,99968,100,100031,100,99966,100,100034,100,99957,400,100040,100,99953,100,100045,100,99942,100
2019-06-28 09:30:40.000000000,99999,569,99983,169,100002,169,99975,169,100013,169,99971,169,100016,169,99970,169,100017,169,99969,169,100028,100,99968,100,100031,100,99966,100,100034,100,99957,400,100040,100,99953,100,100045,100,99942,100
2019-06-28 09:30:50.000000000,99999,846,99983,446,100002,100,99975,100,100013,100,99971,100,100016,100,99970,100,100017,100,99969,100,100028,100,99968,100,100031,100,99966,100,100034,100,99957,400,100040,100,99953,100,100045,100,99942,100
2019-06-28 09:30:52.079758098,99999,846,99983,446,100002,100,99975,100,100013,100,99971,100,100016,100,99970,100,100017,100,99969,100,100028,100,99968,100,100031,100,99966,100,100034,100,99957,400,100040,100,99953,100,100045,100,99942,100
2019-06-28 09:30:55.370760313,99999,746,99983,446,100002,100,99975,100,100013,100,99971,100,100016,100,99970,100,100017,100,99969,100,100028,100,99968,100,100031,100,99966,100,100034,100,99957,400,100040,100,99953,100,100045,100,99942,100
2019-06-28 09:30:56.536237469,99999,646,99984,100,100002,100,99983,446,100013,100,99975,100,100016,100,99971,100,100017,100,99970,100,100028,100,99969,100,100031,100,99968,100,100034,100,99966,100,100040,100,99957,400,100045,100,99953,100
2019-06-28 09:31:00.000000000,99999,473,99984,273,100002,273,99983,273,100013,100,99975,100,100016,100,99971,100,100017,100,99970,100,100028,100,99969,100,100031,100,99968,100,100034,100,99966,100,100040,100,99957,400,100045,100,99953,100
2019-06-28 09:31:10.000000000,99999,418,99984,218,100002,214,99983,214,100013,214,99975,214,100016,100,99971,100,100017,100,99970,100,100028,100,99969,100,100031,100,99968,100,100034,100,99966,100,100040,100,99957,400,100045,100,99953,100
2019-06-28 09:31:14.993754965,99999,318,99984,218,100002,214,99983,214,100013,214,99975,114,100016,100,99971,100,100017,100,99970,100,100028,100,99969,100,100031,100,99968,100,100034,100,99966,100,100040,100,99957,400,100045,100,99953,100
2019-06-28 09:31:20.000000000,99999,286,99984,186,100002,186,99983,186,100013,186,99971,186,100016,186,99970,186,100017,100,99969,100,100028,100,99968,100,100031,100,99966,100,100034,100,99957,400,100040,100,99953,100,100045,100,99942,100
2019-06-28 09:31:30.000000000,99999,318,99984,218,100002,214,99983,214,100013,214,99971,214,100016,100,99970,100,100017,100,99969,100,100028,100,99968,100,100031,100,99966,100,100034,100,99957,400,100040,100,99953,100,100045,100,99942,100
2019-06-28 09:31:40.000000000,99999,546,99984,446,100002,100,99983,100,100013,100,99971,100,100016,100,99970,100,100017,100,99969,100,100028,100,99968,100,100031,100,99966,100,100034,100,99957,400,100040,100,99953,100,100045,100,99942,100
2019-06-28 09:31:41.094013576,99999,546,99984,446,100002,100,99983,100,100013,100,99971,100,100016,100,99970,100,100017,100,99969,100,100028,100,99968,100,100031,100,99966,100,100034,100,99957,300,100040,100,99953,100,100045,100,99942,100
2019-06-28 09:31:50.000000000,99999,269,99984,169,100002,169,99983,169,100013,169,99971,169,100016,169,99970,169,100017,169,99969,169,100028,100,99968,100,100031,100,99966,100,100034,100,99957,300,100040,100,99953,100,100045,100,99942,100
2019-06-28 09:31:57.964128270,99999,269,99984,169,100002,169,99983,169,100013,169,99971,169,100016,169,99970,169,100017,169,99969,169,100028,100,99968,100,100031,100,99966,100,100034,100,99957,300,100040,100,99953,100,100045,100,99942,100
2019-06-28 09:32:00.000000000,99999,546,99984,446,100002,100,99983,100,100013,100,99971,100,100016,100,99970,100,100017,100,99969,100,100028,100,99968,100,100031,100,99966,100,100034,100,99957,300,100040,100,99953,100,100045,100,99942,100
2019-06-28 09:32:08.720243880,99999,446,99984,446,100002,100,99983,100,100013,100,99971,100,100016,100,99970,100,100017,100,99969,100,100028,100,99968,100,100031,100,99966,100,100034,100,99957,300,100040,100,99953,100,100045,100,99934,100
2019-06-28 09:32:10.000000000,99999,273,99984,273,100002,273,99983,273,100013,100,99971,100,100016,100,99970,100,100017,100,99969,100,100028,100,99968,100,100031,100,99966,100,100034,100,99957,300,100040,100,99953,100,100045,100,99934,100
2019-06-28 09:32:11.947382034,99999,173,99984,273,100002,273,99983,273,100013,100,99971,100,100016,100,99970,100,100017,100,99969,100,100028,100,99968,100,100031,100,99966,100,100034,100,99957,300,100040,100,99953,100,100045,100,99934,100
2019-06-28 09:32:20.000000000,100002,218,99984,218,100013,214,99983,214,100016,214,99971,214,100017,100,99970,100,100028,100,99969,100,100031,100,99968,100,100034,100,99966,100,100040,100,99957,300,100045,100,99953,100,100054,100,99934,100
2019-06-28 09:32:30.000000000,100002,186,99984,186,100013,186,99983,186,100016,186,99971,186,100017,186,99970,186,100028,100,99969,100,100031,100,99968,100,100034,100,99966,100,100040,100,99957,300,100045,100,99953,100,100054,100,99934,100
2019-06-28 09:32:37.444701734,100002,186,99984,186,100013,186,99983,186,100016,186,99971,186,100017,186,99970,186,100028,100,99969,100,100031,100,99968,100,100034,100,99966,100,100040,100,99957,300,100045,100,99953,100,100054,100,99934,100
2019-06-28 09:32:40.000000000,100002,446,99984,446,100013,100,99983,100,100016,100,99971,100,100017,100,99970,100,100028,100,99969,100,100031,100,99968,100,100034,100,99966,100,100040,100,99957,300,100045,100,99953,100,100054,100,99934,100
2019-06-28 09:32:50.000000000,100002,186,99984,186,100013,186,99983,186,100016,186,99971,186,100017,186,99970,186,100028,100,99969,100,100031,100,99968,100,100034,100,99966,100,100040,100,99957,300,100045,100,99953,100,100054,100,99934,100
2019-06-28 09:32:52.944732805,100002,186,99984,186,100013,186,99983,186,100016,186,99971,186,100017,186,99970,186,100028,100,99969,100,100031,100,99968,100,100034,100,99966,100,100040,100,99957,300,100045,100,99953,100,100054,100,99934,100
2019-06-28 09:33:00.000000000,100002,273,99984,273,100013,273,99983,273,100016,100,99971,100,100017,100,99970,100,100028,100,99969,100,100031,100,99968,100,100034,100,99966,100,100040,100,99957,300,100045,100,99953,100,100054,100,99934,100
2019-06-28 09:33:07.098596196,100002,173,99984,273,100013,273,99983,273,100016,100,99971,100,100017,100,99970,100,100028,100,99969,100,100031,100,99968,100,100034,100,99966,100,100040,100,99957,300,100045,100,99953,100,100054,100,99934,100
2019-06-28 09:33:10.000000000,100013,218,99984,218,100016,214,99983,214,100017,214,99971,214,100028,100,99970,100,100031,100,99969,100,100034,100,99968,100,100040,100,99966,100,100045,100,99957,300,100054,100,99953,100,100082,100,99934,100
2019-06-28 09:33:16.616983053,100013,218,99984,218,100016,214,99983,214,100017,214,99971,214,100028,100,99970,100,100031,100,99969,100,100034,100,99968,100,100040,100,99966,100,100045,100,99957,300,100054,100,99953,100,100082,100,99934,100
2019-06-28 09:33:19.092154363,100013,218,99999,100,100016,214,99984,218,100017,214,99983,214,100028,100,99971,214,100031,100,99970,100,100034,100,99969,100,100040,100,99968,100,100045,100,99966,100,100054,100,99957,300,100082,100,99953,100
2019-06-28 09:33:20.000000000,100013,446,99999,446,100016,100,99984,100,100017,100,99983,100,100028,100,99971,100,100031,100,99970,100,100034,100,99969,100,100040,100,99968,100,100045,100,99966,100,100054,100,99957,300,100082,100,99953,100
2019-06-28 09:33:30.000000000,100013,218,99999,218,100016,214,99984,214,100017,214,99983,214,100028,100,99971,100,100031,100,99970,100,100034,100,99969,100,100040,100,99968,100,100045,100,99966,100,100054,100,99957,300,100082,100,99953,100
2019-06-28 09:33:40.000000000,100013,218,99999,218,100016,214,99984,214,100017,214,99983,214,100028,100,99971,100,100031,100,99970,100,100034,100,99969,100,100040,100,99968,100,100045,100,99966,100,100054,100,99957,300,100082,100,99953,100
2019-06-28 09:33:50.000000000,100013,446,99999,446,100016,100,99984,100,100017,100,99983,100,100028,100,99971,100,100031,100,99970,100,100034,100,99969,100,100040,100,99968,100,100045,100,99966,100,100054,100,99957,300,100082,100,99953,100
2019-06-28 09:34:00.000000000,100013,273,99999,273,100016,273,99984,273,100017,100,99983,100,100028,100,99971,100,100031,100,99970,100,100034,100,99969,100,100040,100,99968,100,100045,100,99966,100,100054,100,99957,300,100082,100,99953,100
2019-06-28 09:34:02.924495559,100013,273,99999,373,100016,273,99984,273,100017,100,99983,100,100028,100,99971,100,100031,100,99970,100,100034,100,99969,100,100040,100,99968,100,100045,100,99966,100,100054,100,99957,300,100082,100,99953,100
2019-06-28 09:34:10.000000000,100013,169,99999,269,100016,169,99984,169,100017,169,99983,169,100028,169,99971,169,100031,169,99970,169,100034,100,99969,100,100040,100,99968,100,100045,100,99966,100,100054,100,99957,300,100082,100,99953,100
2019-06-28 09:34:14.970478078,100013,169,99999,269,100016,169,99984,169,100017,169,99983,169,100028,169,99971,169,100031,169,99970,169,100034,100,99969,100,100040,100,99968,100,100045,100,99966,100,100054,100,99957,200,100082,100,99953,100
2019-06-28 09:34:16.083236501,100013,69,99999,269,100016,169,99984,169,100017,169,99983,169,100028,169,99971,169,100031,169,99970,169,100034,100,99969,100,100040,100,99968,100,100045,100,99966,100,100054,100,99957,200,100082,100,99953,100
2019-06-28 09:34:17.284657442,100013,69,100002,100,100016,169,99999,269,100017,169,99984,169,100028,169,99983,169,100031,169,99971,169,100034,100,99970,169,100040,100,99969,100,100045,100,99968,100,100054,100,99966,100,100082,100,99957,200
2019-06-28 09:34:20.000000000,100016,218,100002,218,100017,214,99999,314,100028,214,99984,214,100031,100,99983,100,100034,100,99971,100,100040,100,99970,100,100045,100,99969,100,100054,100,99968,100,100082,100,99966,100,100085,100,99957,200
2019-06-28 09:34:27.527170298,100016,118,100002,218,100017,214,99999,314,100028,214,99984,214,100031,100,99983,100,100034,100,99971,100,100040,100,99970,100,100045,100,99969,100,100054,100,99968,100,100082,100,99966,100,100085,100,99957,200
2019-06-28 09:34:29.219228749,100016,118,100002,218,100017,214,99999,314,100028,214,99984,214,100031,100,99983,100,100040,100,99971,100,100045,100,99970,100,100054,100,99969,100,100082,100,99968,100,100085,100,99966,100,100093,100,99957,200
2019-06-28 09:34:30.000000000,100017,446,100002,446,100028,100,99999,200,100031,100,99984,100,100040,100,99983,100,100045,100,99971,100,100054,100,99970,100,100082,100,99969,100,100085,100,99968,100,100093,100,99966,100,100094,100,99957,200
2019-06-28 09:34:40.000000000,100017,169,100002,169,100028,169,99999,269,100031,169,99984,169,100040,169,99983,169,100045,169,99971,169,100054,100,99970,100,100082,100,99969,100,100085,100,99968,100,100093,100,99966,100,100094,100,99957,200
2019-06-28 09:34:50.000000000,100017,446,100002,446,100028,100,99999,200,100031,100,99984,100,100040,100,99983,100,100045,100,99971,100,100054,100,99970,100,100082,100,99969,100,100085,100,99968,100,100093,100,99966,100,100094,100,99957,200
2019-06-28 09:35:00.000000000,100017,218,100002,218,100028,214,99999,314,100031,214,99984,214,100040,100,99983,100,100045,100,99971,100,100054,100,99970,100,100082,100,99969,100,100085,100,99968,100,100093,100,99966,100,100094,100,99957,200
2019-06-28 09:35:03.597201795,100017,218,100002,218,100028,214,99999,314,100031,214,99984,214,100040,100,99983,100,100045,100,99971,100,100054,100,99970,100,100082,100,99969,100,100085,100,99968,100,100093,100,99966,100,100094,100,99957,200
2019-06-28 09:35:10.000000000,100017,273,100002,273,100028,273,99999,373,100031,100,99984,100,100040,100,99983,100,100045,100,99971,100,100054,100,99970,100,100082,100,99969,100,100085,100,99968,100,100093,100,99966,100,100094,100,99957,200
2019-06-28 09:35:20.000000000,100017,218,100002,218,100028,214,99999,314,100031,214,99984,214,100040,100,99983,100,100045,100,99971,100,100054,100,99970,100,100082,100,99969,100,100085,100,99968,100,100093,100,99966,100,100094,100,99957,200
2019-06-28 09:35:30.000000000,100017,218,100002,218,100028,214,99999,314,100031,214,99984,214,100040,100,99983,100,100045,100,99971,100,100054,100,99970,100,100082,100,99969,100,100085,100,99968,100,100093,100,99966,100,100094,100,99957,200
2019-06-28 09:35:40.000000000,100017,218,100002,218,100028,214,99999,314,100031,214,99984,214,100040,100,99983,100,100045,100,99971,100,100054,100,99970,100,100082,100,99969,100,100085,100,99968,100,100093,100,99966,100,100094,100,99957,200
2019-06-28 09:35:50.000000000,100017,273,100002,273,100028,273,99999,373,100031,100,99984,100,100040,100,99983,100,100045,100,99971,100,100054,100,99970,100,100082,100,99969,100,100085,100,99968,100,100093,100,99966,100,100094,100,99957,200
2019-06-28 09:35:57.946980162,100012,100,100002,273,100017,273,99999,373,100028,273,99984,100,100031,100,99983,100,100040,100,99971,100,100045,100,99970,100,100054,100,99969,100,100082,100,99968,100,100085,100,99966,100,100093,100,99957,200
2019-06-28 09:36:00.000000000,100012,446,100002,446,100017,100,99999,200,100028,100,99984,100,100031,100,99983,100,100040,100,99971,100,100045,100,99970,100,100054,100,99969,100,100082,100,99968,100,100085,100,99966,100,100093,100,99957,200
2019-06-28 09:36:10.000000000,100012,186,100002,186,100017,186,99999,286,100028,186,99984,186,100031,186,99983,186,100040,100,99971,100,100045,100,99970,100,100054,100,99969,100,100082,100,99968,100,100085,100,99966,100,100093,100,99957,200
2019-06-28 09:36:13.192071224,100012,286,100002,186,100017,186,99999,286,100028,186,99984,186,100031,186,99983,186,100040,100,99971,100,100045,100,99970,100,100054,100,99969,100,100082,100,99968,100,100085,100,99966,100,100093,100,99957,200
2019-06-28 09:36:20.000000000,100012,546,100002,446,100017,100,99999,200,100028,100,99984,100,100031,100,99983,100,100040,100,99971,100,100045,100,99970,100,100054,100,99969,100,100082,100,99968,100,100085,100,99966,100,100093,100,99957,200
2019-06-28 09:36:30.000000000,100012,286,100002,186,100017,186,99999,286,100028,186,99984,186,100031,186,99983,186,100040,100,99971,100,100045,100,99970,100,100054,100,99969,100,100082,100,99968,100,100085,100,99966,100,100093,100,99957,200
2019-06-28 09:36:35.969170289,100012,286,100002,186,100017,186,99999,286,100028,186,99984,186,100031,186,99983,186,100040,100,99971,100,100045,100,99970,100,100054,100,99969,100,100082,100,99968,100,100085,100,99957,200,100093,100,99953,100
2019-06-28 09:36:40.000000000,100012,318,100002,218,100017,214,99999,314,100028,214,99984,214,100031,100,99983,100,100040,100,99971,100,100045,100,99970,100,100054,100,99969,100,100082,100,99968,100,100085,100,99957,200,100093,100,99953,100
2019-06-28 09:36:50.000000000,100012,269,100002,169,100017,169,99999,269,100028,169,99984,169,100031,169,99983,169,100040,169,99971,169,100045,100,99970,100,100054,100,99969,100,100082,100,99968,100,100085,100,99957,200,100093,100,99953,100
2019-06-28 09:36:50.635249237,100012,269,100002,69,100017,169,99999,269,100028,169,99984,169,100031,169,99983,169,100040,169,99971,169,100045,100,99970,100,100054,100,99969,100,100082,100,99968,100,100085,100,99957,200,100094,100,99953,100
2019-06-28 09:37:00.000000000,100012,318,99999,318,100017,214,99984,214,100028,214,99983,214,100031,100,99971,100,100040,100,99970,100,100045,100,99969,100,100054,100,99968,100,100082,100,99957,200,100085,100,99953,100,100094,100,99934,100
2019-06-28 09:37:00.505420326,100012,318,99999,218,100017,214,99984,214,100028,214,99983,214,100031,100,99971,100,100040,100,99970,100,100045,100,99969,100,100054,100,99968,100,100082,100,99957,200,100085,100,99953,100,100094,100,99934,100
2019-06-28 09:37:08.122405454,100012,318,99999,118,100017,214,99984,214,100028,214,99983,214,100031,100,99971,100,100040,100,99970,100,100045,100,99969,100,100054,100,99968,100,100082,100,99957,200,100085,100,99953,100,100094,100,99934,100
2019-06-28 09:37:10.000000000,100012,546,99984,446,100017,100,99983,100,100028,100,99971,100,100031,100,99970,100,100040,100,99969,100,100045,100,99968,100,100054,100,99957,200,100082,100,99953,100,100085,100,99934,100,100094,100,99927,100
2019-06-28 09:37:20.000000000,100012,373,99984,273,100017,273,99983,273,100028,100,99971,100,100031,100,99970,100,100040,100,99969,100,100045,100,99968,100,100054,100,99957,200,100082,100,99953,100,100085,100,99934,100,100094,100,99927,100
2019-06-28 09:37:24.639647496,100012,373,99984,173,100017,273,99983,273,100028,100,99971,100,100031,100,99970,100,100040,100,99969,100,100045,100,99968,100,100054,100,99957,200,100082,100,99953,100,100085,100,99934,100,100094,100,99927,100
2019-06-28 09:37:28.517826518,100012,373,99984,73,100017,273,99983,273,100028,100,99971,100,100031,100,99970,100,100040,100,99969,100,100045,100,99968,100,100054,100,99957,200,100082,100,99953,100,100085,100,99934,100,100094,100,99927,100
2019-06-28 09:37:30.000000000,100012,269,99983,169,100017,169,99971,169,100028,169,99970,169,100031,169,99969,169,100040,169,99968,169,100045,100,99957,200,100054,100,99953,100,100082,100,99934,100,100085,100,99927,100,100094,100,99921,200
2019-06-28 09:37:40.000000000,100012,373,99983,273,100017,273,99971,273,100028,100,99970,100,100031,100,99969,100,100040,100,99968,100,100045,100,99957,200,100054,100,99953,100,100082,100,99934,100,100085,100,99927,100,100094,100,99921,200
2019-06-28 09:37:45.472367936,100012,373,99983,273,100017,273,99971,273,100028,100,99970,100,100031,100,99969,100,100040,100,99968,100,100045,100,99957,200,100054,100,99953,100,100082,100,99934,100,100085,100,99927,100,100094,100,99921,200
2019-06-28 09:37:50.000000000,100012,269,99983,169,100017,169,99971,169,100028,169,99970,169,100031,169,99969,169,100040,169,99968,169,100045,100,99957,200,100054,100,99953,100,100082,100,99934,100,100085,100,99927,100,100094,100,99921,200
2019-06-28 09:38:00.000000000,100012,373,99983,273,100017,273,99971,273,100028,100,99970,100,100031,100,99969,100,100040,100,99968,100,100045,100,99957,200,100054,100,99953,100,100082,100,99934,100,100085,100,99927,100,100094,100,99921,200
2019-06-28 09:38:04.659291039,100012,373,99983,273,100017,273,99971,273,100028,100,99970,100,100031,100,99969,100,100040,100,99957,200,100045,100,99953,100,100054,100,99934,100,100082,100,99927,100,100085,100,99921,200,100094,100,99920,100
2019-06-28 09:38:10.000000000,100012,546,99983,446,100017,100,99971,100,100028,100,99970,100,100031,100,99969,100,100040,100,99957,200,100045,100,99953,100,100054,100,99934,100,100082,100,99927,100,100085,100,99921,200,100094,100,99920,100
2019-06-28 09:38:18.489296514,100012,546,99983,446,100017,100,99971,100,100028,100,99970,100,100031,100,99969,100,100040,100,99957,200,100045,100,99953,100,100054,100,99934,100,100082,100,99927,100,100085,100,99921,200,100094,100,99920,100
2019-06-28 09:38:20.000000000,100012,373,99983,273,100017,273,99971,273,100028,100,99970,100,100031,100,99969,100,100040,100,99957,200,100045,100,99953,100,100054,100,99934,100,100082,100,99927,100,100085,100,99921,200,100094,100,99920,100
2019-06-28 09:38:20.551854508,100012,373,99983,273,100017,273,99971,273,100028,100,99970,100,100031,100,99969,100,100040,100,99957,100,100045,100,99953,100,100054,100,99934,100,100082,100,99927,100,100085,100,99921,200,100094,100,99920,100
2019-06-28 09:38:30.000000000,100012,373,99983,273,100017,273,99971,273,100028,100,99970,100,100031,100,99969,100,100040,100,99957,100,100045,100,99953,100,100054,100,99934,100,100082,100,99927,100,100085,100,99921,200,100094,100,99920,100
2019-06-28 09:38:40.000000000,100012,318,99983,218,100017,214,99971,214,100028,214,99970,214,100031,100,99969,100,100040,100,99957,100,100045,100,99953,100,100054,100,99934,100,100082,100,99927,100,100085,100,99921,200,100094,100,99920,100
2019-06-28 09:38:45.371779364,100012,318,99983,118,100017,214,99971,214,100028,214,99970,214,100031,100,99969,100,100040,100,99957,100,100045,100,99953,100,100054,100,99934,100,100082,100,99927,100,100085,100,99921,200,100094,100,99920,100
2019-06-28 09:38:50.000000000,100012,373,99971,273,100017,273,99970,273,100028,100,99969,100,100031,100,99957,100,100040,100,99953,100,100045,100,99934,100,100054,100,99927,100,100082,100,99921,200,100085,100,99920,100,100094,100,99908,100
2019-06-28 09:39:00.000000000,100012,373,99971,273,100017,273,99970,273,100028,100,99969,100,100031,100,99957,100,100040,100,99953,100,100045,100,99934,100,100054,100,99927,100,100082,100,99921,200,100085,100,99920,100,100094,100,99908,100
2019-06-28 09:39:06.860018097,100012,373,99971,273,100017,273,99970,273,100028,100,99969,100,100040,100,99968,100,100045,100,99957,100,100054,100,99953,100,100082,100,99934,100,100085,100,99927,100,100094,100,99921,200,100097,100,99920,100
2019-06-28 09:39:10.000000000,100012,269,99971,169,100017,169,99970,169,100028,169,99969,169,100040,169,99968,169,100045,169,99957,169,100054,100,99953,100,100082,100,99934,100,100085,100,99927,100,100094,100,99921,200,100097,100,99920,100
2019-06-28 09:39:12.138071641,100012,269,99984,100,100017,169,99971,169,100028,169,99970,169,100040,169,99969,169,100045,169,99968,169,100054,100,99957,169,100082,100,99953,100,100085,100,99934,100,100094,100,99927,100,100097,100,99921,200
2019-06-28 09:39:20.000000000,100012,318,99984,218,100017,214,99971,214,100028,214,99970,214,100040,100,99969,100,100045,100,99968,100,100054,100,99957,100,100082,100,99953,100,100085,100,99934,100,100094,100,99927,100,100097,100,99921,200
2019-06-28 09:39:26.396871296,100012,318,99984,218,100017,214,99971,214,100028,214,99970,214,100040,100,99969,100,100045,100,99968,100,100054,100,99957,100,100082,100,99953,100,100085,100,99934,100,100094,100,99927,100,100097,100,99921,200
2019-06-28 09:39:27.046975749,99987,100,99984,218,100012,318,99971,214,100017,214,99970,214,100028,214,99969,100,100040,100,99968,100,100045,100,99957,100,100054,100,99953,100,100082,100,99934,100,100085,100,99927,100,100094,100,99921,200
2019-06-28 09:39:29.895523661,99987,100,99984,218,100012,318,99971,214,100017,214,99970,214,100028,214,99969,100,100040,100,99968,100,100045,100,99957,100,100054,100,99953,100,100082,100,99934,100,100085,100,99927,100,100094,100,99921,200
2019-06-28 09:39:30.000000000,99987,169,99984,169,100012,269,99971,169,100017,169,99970,169,100028,169,99969,169,100040,169,99968,169,100045,100,99957,100,100054,100,99953,100,100082,100,99934,100,100085,100,99927,100,100094,100,99921,200
2019-06-28 09:39:40.000000000,99987,186,99984,186,100012,286,99971,186,100017,186,99970,186,100028,186,99969,186,100040,100,99968,100,100045,100,99957,100,100054,100,99953,100,100082,100,99934,100,100085,100,99927,100,100094,100,99921,200
2019-06-28 09:39:50.000000000,99987,273,99984,273,100012,373,99971,273,100017,100,99970,100,100028,100,99969,100,100040,100,99968,100,100045,100,99957,100,100054,100,99953,100,100082,100,99934,100,100085,100,99927,100,100094,100,99921,200
2019-06-28 09:40:00.000000000,99987,446,99984,446,100012,200,99971,100,100017,100,99970,100,100028,100,99969,100,100040,100,99968,100,100045,100,99957,100,100054,100,99953,100,100082,100,99934,100,100085,100,99927,100,100094,100,99921,200
2019-06-28 09:40:10.000000000,99987,218,99984,218,100012,314,99971,214,100017,214,99970,214,100028,100,99969,100,100040,100,99968,100,100045,100,99957,100,100054,100,99953,100,100082,100,99934,100,100085,100,99927,100,100094,100,99921,200
2019-06-28 09:40:20.000000000,99987,273,99984,273,100012,373,99971,273,100017,100,99970,100,100028,100,99969,100,100040,100,99968,100,100045,100,99957,100,100054,100,99953,100,100082,100,99934,100,100085,100,99927,100,100094,100,99921,200
2019-06-28 09:40:30.000000000,99987,446,99984,446,100012,200,99971,100,100017,100,99970,100,100028,100,99969,100,100040,100,99968,100,100045,100,99957,100,100054,100,99953,100,100082,100,99934,100,100085,100,99927,100,100094,100,99921,200
2019-06-28 09:40:30.306395515,99987,346,99984,446,100012,200,99971,100,100017,100,99970,100,100028,100,99969,100,100040,100,99968,100,100045,100,99957,100,100054,100,99953,100,100082,100,99934,100,100085,100,99927,100,100094,100,99921,100
2019-06-28 09:40:34.797630171,99987,246,99984,446,100012,200,99971,100,100017,100,99970,100,100028,100,99969,100,100040,100,99968,100,100045,100,99957,100,100054,100,99953,100,100082,100,99934,100,100085,100,99927,100,100094,100,99921,100
2019-06-28 09:40:40.000000000,100012,286,99984,186,100017,186,99971,186,100028,186,99970,186,100040,186,99969,186,100045,100,99968,100,100054,100,99957,100,100082,100,99953,100,100085,100,99934,100,100094,100,99927,100,100097,100,99921,100
2019-06-28 09:40:50.000000000,100012,269,99984,169,100017,169,99971,169,100028,169,99970,169,100040,169,99969,169,100045,169,99968,169,100054,100,99957,100,100082,100,99953,100,100085,100,99934,100,100094,100,99927,100,100097,100,99921,100
2019-06-28 09:41:00.000000000,100012,318,99984,218,100017,214,99971,214,100028,214,99970,214,100040,100,99969,100,100045,100,99968,100,100054,100,99957,100,100082,100,99953,100,100085,100,99934,100,100094,100,99927,100,100097,100,99921,100
2019-06-28 09:41:00.932481656,100012,318,99984,218,100017,214,99971,214,100028,214,99970,214,100040,100,99968,100,100045,100,99957,100,100054,100,99953,100,100082,100,99934,100,100085,100,99927,100,100094,100,99921,100,100097,100,99920,100
2019-06-28 09:41:01.859979308,100012,318,99984,218,100017,214,99971,214,100028,214,99970,214,100040,100,99968,100,100045,100,99957,100,100054,100,99953,100,100082,100,99934,100,100085,100,99927,100,100094,100,99921,100,100097,100,99920,100
2019-06-28 09:41:10.000000000,100012,318,99984,218,100017,214,99971,214,100028,214,99970,214,100040,100,99968,100,100045,100,99957,100,100054,100,99953,100,100082,100,99934,100,100085,100,99927,100,100094,100,99921,100,100097,100,99920,100
2019-06-28 09:41:20.000000000,100012,318,99984,218,100017,214,99971,214,100028,214,99970,214,100040,100,99968,100,100045,100,99957,100,100054,100,99953,100,100082,100,99934,100,100085,100,99927,100,100094,100,99921,100,100097,100,99920,100
2019-06-28 09:41:20.552245626,100012,318,99984,218,100017,214,99971,214,100028,214,99970,214,100040,100,99968,100,100045,100,99957,100,100054,100,99953,100,100082,100,99934,100,100085,100,99927,100,100094,100,99921,100,100097,100,99920,100
2019-06-28 09:41:30.000000000,100012,373,99984,273,100017,273,99971,273,100028,100,99970,100,100040,100,99968,100,100045,100,99957,100,100054,100,99953,100,100082,100,99934,100,100085,100,99927,100,100094,100,99921,100,100097,100,99920,100
2019-06-28 09:41:40.000000000,100012,318,99984,218,100017,214,99971,214,100028,214,99970,214,100040,100,99968,100,100045,100,99957,100,100054,100,99953,100,100082,100,99934,100,100085,100,99927,100,100094,100,99921,100,100097,100,99920,100
2019-06-28 09:41:50.000000000,100012,269,99984,169,100017,169,99971,169,100028,169,99970,169,100040,169,99968,169,100045,169,99957,169,100054,100,99953,100,100082,100,99934,100,100085,100,99927,100,100094,100,99921,100,100097,100,99920,100
2019-06-28 09:41:58.965325715,100012,269,99984,69,100017,169,99971,169,100028,169,99970,169,100040,169,99968,169,100045,169,99957,169,100054,100,99953,100,100082,100,99934,100,100085,100,99921,100,100094,100,99920,100,100097,100,99908,100
2019-06-28 09:42:00.000000000,100012,286,99971,186,100017,186,99970,186,100028,186,99968,186,100040,186,99957,186,100045,100,99953,100,100054,100,99934,100,100082,100,99921,100,100085,100,99920,100,100094,100,99908,100,100097,100,99905,100
2019-06-28 09:42:10.000000000,100012,318,99971,218,100017,214,99970,214,100028,214,99968,214,100040,100,99957,100,100045,100,99953,100,100054,100,99934,100,100082,100,99921,100,100085,100,99920,100,100094,100,99908,100,100097,100,99905,100
2019-06-28 09:42:10.785597545,100012,318,99971,218,100017,214,99970,214,100028,214,99968,214,100040,100,99957,100,100045,100,99953,100,100054,100,99934,100,100082,100,99921,100,100085,100,99920,100,100094,100,99908,100,100097,100,99905,100
2019-06-28 09:42:20.000000000,100012,546,99971,446,100017,100,99970,100,100028,100,99968,100,100040,100,99957,100,100045,100,99953,100,100054,100,99934,100,100082,100,99921,100,100085,100,99920,100,100094,100,99908,100,100097,100,99905,100
2019-06-28 09:42:26.873818910,100012,546,99971,446,100017,100,99970,100,100028,100,99968,100,100040,100,99953,100,100045,100,99934,100,100054,100,99921,100,100082,100,99920,100,100085,100,99908,100,100094,100,99905,100,100097,100,99902,100
2019-06-28 09:42:30.000000000,100012,546,99971,446,100017,100,99970,100,100028,100,99968,100,100040,100,99953,100,100045,100,99934,100,100054,100,99921,100,100082,100,99920,100,100085,100,99908,100,100094,100,99905,100,100097,100,99902,100
2019-06-28 09:42:40.000000000,100012,269,99971,169,100017,169,99970,169,100028,169,99968,169,100040,169,99953,169,100045,169,99934,169,100054,100,99921,100,100082,100,99920,100,100085,100,99908,100,100094,100,99905,100,100097,100,99902,100
2019-06-28 09:42:50.000000000,100012,373,99971,273,100017,273,99970,273,100028,100,99968,100,100040,100,99953,100,100045,100,99934,100,100054,100,99921,100,100082,100,99920,100,100085,100,99908,100,100094,100,99905,100,100097,100,99902,100
2019-06-28 09:42:55.973746601,100012,373,99971,273,100017,273,99970,273,100028,100,99968,100,100040,100,99953,100,100045,100,99934,100,100054,100,99921,100,100082,100,99920,100,100085,100,99908,100,100094,100,99905,100,100097,100,99902,100
2019-06-28 09:43:00.000000000,100012,269,99971,169,100017,169,99970,169,100028,169,99968,169,100040,169,99953,169,100045,169,99934,169,100054,100,99921,100,100082,100,99920,100,100085,100,99908,100,100094,100,99905,100,100097,100,99902,100
2019-06-28 09:43:02.638813675,100012,269,99971,69,100017,169,99970,169,100028,169,99968,169,100040,169,99953,169,100045,169,99934,169,100054,100,99921,100,100082,100,99920,100,100085,100,99908,100,100094,100,99905,100,100097,100,99902,100
2019-06-28 09:43:04.711967597,99971,31,99970,169,100012,269,99968,169,100017,169,99953,169,100028,169,99934,169,100040,169,99921,100,100045,169,99920,100,100054,100,99908,100,100082,100,99905,100,100085,100,99902,100,100094,100,99892,100
2019-06-28 09:43:10.000000000,99971,204,99970,273,100012,373,99968,273,100017,100,99953,100,100028,100,99934,100,100040,100,99921,100,100045,100,99920,100,100054,100,99908,100,100082,100,99905,100,100085,100,99902,100,100094,100,99892,100
2019-06-28 09:43:20.000000000,99971,149,99970,218,100012,314,99968,214,100017,214,99953,214,100028,100,99934,100,100040,100,99921,100,100045,100,99920,100,100054,100,99908,100,100082,100,99905,100,100085,100,99902,100,100094,100,99892,100
2019-06-28 09:43:21.328479735,99971,149,99970,118,100012,314,99968,214,100017,214,99953,214,100028,100,99934,100,100040,100,99921,100,100045,100,99920,100,100054,100,99908,100,100082,100,99905,100,100085,100,99902,100,100094,100,99892,100
2019-06-28 09:43:29.540855393,99971,149,99970,118,100012,214,99968,214,100017,214,99953,214,100028,100,99934,100,100040,100,99921,100,100045,100,99920,100,100054,100,99908,100,100082,100,99905,100,100085,100,99902,100,100094,100,99892,100
2019-06-28 09:43:30.000000000,99971,117,99968,186,100012,186,99953,186,100017,186,99934,186,100028,186,99921,186,100040,100,99920,100,100045,100,99908,100,100054,100,99905,100,100082,100,99902,100,100085,100,99892,100,100094,100,99874,100
2019-06-28 09:43:31.248515666,99971,117,99968,186,99999,100,99953,186,100012,186,99934,186,100017,186,99921,186,100028,186,99920,100,100040,100,99908,100,100045,100,99905,100,100054,100,99902,100,100082,100,99892,100,100085,100,99874,100
2019-06-28 09:43:40.000000000,99971,117,99968,186,99999,186,99953,186,100012,186,99934,186,100017,186,99921,186,100028,100,99920,100,100040,100,99908,100,100045,100,99905,100,100054,100,99902,100,100082,100,99892,100,100085,100,99874,100
2019-06-28 09:43:50.000000000,99971,377,99968,446,99999,100,99953,100,100012,100,99934,100,100017,100,99921,100,100028,100,99920,100,100040,100,99908,100,100045,100,99905,100,100054,100,99902,100,100082,100,99892,100,100085,100,99874,100
2019-06-28 09:43:50.647538251,99971,277,99968,446,99999,100,99953,100,100012,100,99934,100,100017,100,99921,100,100028,100,99920,100,100040,100,99908,100,100045,100,99905,100,100054,100,99902,100,100082,100,99892,100,100085,100,99874,100
2019-06-28 09:43:57.336129616,99971,277,99968,446,99999,100,99953,100,100012,100,99934,100,100017,100,99921,100,100028,100,99920,100,100040,100,99908,100,100043,100,99905,100,100045,100,99902,100,100054,100,99892,100,100082,100,99874,100
2019-06-28 09:44:00.000000000,99999,169,99968,169,100012,169,99953,169,100017,169,99934,169,100028,169,99921,169,100040,169,99920,169,100043,100,99908,100,100045,100,99905,100,100054,100,99902,100,100082,100,99892,100,100085,100,99874,100
2019-06-28 09:44:10.000000000,99999,273,99968,273,100012,273,99953,273,100017,100,99934,100,100028,100,99921,100,100040,100,99920,100,100043,100,99908,100,100045,100,99905,100,100054,100,99902,100,100082,100,99892,100,100085,100,99874,100
2019-06-28 09:44:20.000000000,99999,218,99968,218,100012,214,99953,214,100017,214,99934,214,100028,100,99921,100,100040,100,99920,100,100043,100,99908,100,100045,100,99905,100,100054,100,99902,100,100082,100,99892,100,100085,100,99874,100
2019-06-28 09:44:30.000000000,99999,218,99968,218,100012,214,99953,214,100017,214,99934,214,100028,100,99921,100,100040,100,99920,100,100043,100,99908,100,100045,100,99905,100,100054,100,99902,100,100082,100,99892,100,100085,100,99874,100
2019-06-28 09:44:40.000000000,99999,186,99968,186,100012,186,99953,186,100017,186,99934,186,100028,186,99921,186,100040,100,99920,100,100043,100,99908,100,100045,100,99905,100,100054,100,99902,100,100082,100,99892,100,100085,100,99874,100
2019-06-28 09:44:49.689242479,99999,186,99971,100,100012,186,99968,186,100017,186,99953,86,100028,186,99934,186,100040,100,99921,186,100043,100,99920,100,100045,100,99908,100,100054,100,99905,100,100082,100,99902,100,100085,100,99892,100
2019-06-28 09:44:50.000000000,99999,169,99971,169,100012,169,99968,169,100017,169,99934,169,100028,169,99921,169,100040,169,99920,169,100043,100,99908,100,100045,100,99905,100,100054,100,99902,100,100082,100,99892,100,100085,100,99874,100
2019-06-28 09:44:53.662389858,99999,169,99971,169,100012,169,99968,169,100017,169,99934,169,100028,169,99921,169,100040,169,99920,169,100043,100,99908,100,100045,100,99905,100,100054,100,99902,100,100082,100,99892,100,100085,100,99874,100
2019-06-28 09:45:00.000000000,99999,218,99971,218,100012,214,99968,214,100017,214,99934,214,100028,100,99921,100,100040,100,99920,100,100043,100,99908,100,100045,100,99905,100,100054,100,99902,100,100082,100,99892,100,100085,100,99874,100
2019-06-28 09:45:10.000000000,99999,273,99971,273,100012,273,99968,273,100017,100,99934,100,100028,100,99921,100,100040,100,99920,100,100043,100,99908,100,100045,100,99905,100,100054,100,99902,100,100082,100,99892,100,100085,100,99874,100
2019-06-28 09:45:20.000000000,99999,273,99971,273,100012,273,99968,273,100017,100,99934,100,100028,100,99921,100,100040,100,99920,100,100043,100,99908,100,100045,100,99905,100,100054,100,99902,100,100082,100,99892,100,100085,100,99874,100
2019-06-28 09:45:30.000000000,99999,169,99971,169,100012,169,99968,169,100017,169,99934,169,100028,169,99921,169,100040,169,99920,169,100043,100,99908,100,100045,100,99905,100,100054,100,99902,100,100082,100,99892,100,100085,100,99874,100
2019-06-28 09:45:31.476263921,99999,169,99971,169,100012,169,99968,169,100017,169,99934,169,100028,169,99921,169,100040,169,99920,169,100043,100,99908,100,100045,100,99905,100,100054,100,99902,100,100082,100,99892,100,100085,100,99874,100
2019-06-28 09:45:40.000000000,99999,186,99971,186,100012,186,99968,186,100017,186,99934,186,100028,186,99921,186,100040,100,99920,100,100043,100,99908,100,100045,100,99905,100,100054,100,99902,100,100082,100,99892,100,100085,100,99874,100
2019-06-28 09:45:40.371555639,99999,186,99971,186,100012,186,99968,186,100017,186,99934,186,100028,186,99921,186,100040,100,99920,100,100043,100,99908,100,100045,100,99905,100,100054,100,99902,100,100082,100,99892,100,100085,100,99874,100
2019-06-28 09:45:50.000000000,99999,218,99971,218,100012,214,99968,214,100017,214,99934,214,100028,100,99921,100,100040,100,99920,100,100043,100,99908,100,100045,100,99905,100,100054,100,99902,100,100082,100,99892,100,100085,100,99874,100
2019-06-28 09:45:50.585768812,99999,218,99971,218,100012,214,99968,214,100017,214,99934,214,100028,100,99921,100,100040,100,99920,100,100043,100,99908,100,100045,100,99905,100,100054,100,99902,100,100082,100,99892,100,100085,100,99874,100
2019-06-28 09:46:00.000000000,99999,218,99971,218,100012,214,99968,214,100017,214,99934,214,100028,100,99921,100,100040,100,99920,100,100043,100,99908,100,100045,100,99905,100,100054,100,99902,100,100082,100,99892,100,100085,100,99874,100
2019-06-28 09:46:10.000000000,99999,218,99971,218,100012,214,99968,214,100017,214,99934,214,100028,100,99921,100,100040,100,99920,100,100043,100,99908,100,100045,100,99905,100,100054,100,99902,100,100082,100,99892,100,100085,100,99874,100
2019-06-28 09:46:15.035490523,99999,218,99971,218,100012,214,99968,214,100017,214,99934,214,100028,100,99921,100,100040,100,99920,100,100043,100,99908,100,100045,100,99905,100,100054,100,99902,100,100082,100,99892,100,100085,100,99874,100
2019-06-28 09:46:19.557635108,99999,218,99971,118,100012,214,99968,214,100017,214,99934,214,100028,100,99921,100,100040,100,99920,100,100043,100,99908,100,100045,100,99905,100,100054,100,99902,100,100082,100,99892,100,100085,100,99874,100
2019-06-28 09:46:20.000000000,99999,186,99968,186,100012,186,99934,186,100017,186,99921,186,100028,186,99920,186,100040,100,99908,100,100043,100,99905,100,100045,100,99902,100,100054,100,99892,100,100082,100,99874,100,100085,100,99757,100
2019-06-28 09:46:21.114799925,99999,186,99968,186,100012,186,99934,186,100017,186,99921,186,100028,186,99920,186,100040,100,99908,100,100043,100,99905,100,100045,100,99902,100,100054,100,99892,100,100082,100,99874,100,100085,100,99623,100
2019-06-28 09:46:30.000000000,99999,273,99968,273,100012,273,99934,273,100017,100,99921,100,100028,100,99920,100,100040,100,99908,100,100043,100,99905,100,100045,100,99902,100,100054,100,99892,100,100082,100,99874,100,100085,100,99623,100
2019-06-28 09:46:40.000000000,99999,169,99968,169,100012,169,99934,169,100017,169,99921,169,100028,169,99920,169,100040,169,99908,169,100043,100,99905,100,100045,100,99902,100,100054,100,99892,100,100082,100,99874,100,100085,100,99623,100
2019-06-28 09:46:44.211135685,99999,169,99968,169,100012,169,99934,169,100017,169,99921,169,100028,169,99920,169,100040,169,99908,169,100043,100,99905,100,100045,100,99902,100,100054,100,99892,100,100082,100,99874,100,100085,100,99623,100
2019-06-28 09:46:50.000000000,99999,446,99968,446,100012,100,99934,100,100017,100,99921,100,100028,100,99920,100,100040,100,99908,100,100043,100,99905,100,100045,100,99902,100,100054,100,99892,100,100082,100,99874,100,100085,100,99623,100
2019-06-28 09:46:56.146920479,99999,446,99968,446,100012,100,99934,100,100017,100,99921,100,100028,100,99920,100,100040,100,99905,100,100043,100,99902,100,100045,100,99892,100,100054,100,99874,100,100056,100,99623,100,100082,100,99513,100
2019-06-28 09:47:00.000000000,99999,186,99968,186,100012,186,99934,186,100017,186,99921,186,100028,186,99920,186,100040,100,99905,100,100043,100,99902,100,100045,100,99892,100,100054,100,99874,100,100056,100,99623,100,100082,100,99513,100
2019-06-28 09:47:10.000000000,99999,218,99968,218,100012,214,99934,214,100017,214,99921,214,100028,100,99920,100,100040,100,99905,100,100043,100,99902,100,100045,100,99892,100,100054,100,99874,100,100056,100,99623,100,100082,100,99513,100
2019-06-28 09:47:16.847438784,99999,218,99972,100,100012,214,99968,218,100017,214,99934,214,100028,100,99921,214,100040,100,99920,100,100043,100,99905,100,100045,100,99902,100,100054,100,99892,100,100056,100,99874,100,100082,100,99623,100
2019-06-28 09:47:20.000000000,99999,169,99972,169,100012,169,99968,169,100017,169,99934,169,100028,169,99921,169,100040,169,99920,169,100043,100,99905,100,100045,100,99902,100,100054,100,99892,100,100056,100,99874,100,100082,100,99623,100
2019-06-28 09:47:21.521101314,99999,169,99972,169,100012,169,99968,169,100017,169,99934,169,100028,169,99921,169,100040,169,99920,169,100043,100,99905,100,100045,100,99902,100,100054,100,99892,100,100056,100,99874,100,100082,100,99623,100
2019-06-28 09:47:27.418358553,99999,169,99972,169,100012,169,99968,169,100017,169,99934,169,100028,169,99921,169,100040,169,99920,169,100043,100,99905,100,100045,100,99902,100,100054,100,99892,100,100082,100,99874,100,100085,100,99623,100
2019-06-28 09:47:29.540877551,99999,169,99972,169,100012,169,99968,169,100017,169,99934,169,100028,169,99921,169,100040,169,99920,169,100043,100,99905,100,100045,100,99902,100,100054,100,99892,100,100082,100,99874,100,100085,100,99623,100
2019-06-28 09:47:30.000000000,99999,186,99972,186,100012,186,99968,186,100017,186,99934,186,100028,186,99921,186,100040,100,99920,100,100043,100,99905,100,100045,100,99902,100,100054,100,99892,100,100082,100,99874,100,100085,100,99623,100
2019-06-28 09:47:37.188461801,99999,186,99972,186,100012,186,99968,186,100017,186,99934,186,100028,186,99921,186,100040,100,99920,100,100043,100,99905,100,100045,100,99902,100,100054,100,99892,100,100082,100,99874,100,100085,100,99623,100
2019-06-28 09:47:40.000000000,99999,186,99972,186,100012,186,99968,186,100017,186,99934,186,100028,186,99921,186,100040,100,99920,100,100043,100,99905,100,100045,100,99902,100,100054,100,99892,100,100082,100,99874,100,100085,100,99623,100
2019-06-28 09:47:46.596125925,99999,186,99972,186,100012,186,99968,186,100017,186,99934,186,100028,186,99921,186,100040,100,99920,100,100043,100,99905,100,100045,100,99902,100,100054,100,99892,100,100082,100,99874,100,100085,100,99623,100
2019-06-28 09:47:46.992244573,99999,186,99972,286,100012,186,99968,186,100017,186,99934,186,100028,186,99921,186,100040,100,99920,100,100043,100,99905,100,100045,100,99902,100,100054,100,99892,100,100082,100,99874,100,100085,100,99623,100
2019-06-28 09:47:50.000000000,99999,186,99972,286,100012,186,99968,186,100017,186,99934,186,100028,186,99921,186,100040,100,99920,100,100043,100,99905,100,100045,100,99902,100,100054,100,99892,100,100082,100,99874,100,100085,100,99623,100
2019-06-28 09:47:53.652518989,99999,186,99972,286,100012,186,99968,186,100017,186,99934,186,100028,186,99921,186,100040,100,99920,100,100043,100,99902,100,100045,100,99892,100,100054,100,99874,100,100082,100,99623,100,100085,100,99513,100
2019-06-28 09:48:00.000000000,99999,446,99972,546,100012,100,99968,100,100017,100,99934,100,100028,100,99921,100,100040,100,99920,100,100043,100,99902,100,100045,100,99892,100,100054,100,99874,100,100082,100,99623,100,100085,100,99513,100
2019-06-28 09:48:08.726946850,99999,446,99972,646,100012,100,99968,100,100017,100,99934,100,100028,100,99921,100,100040,100,99920,100,100043,100,99902,100,100045,100,99892,100,100054,100,99874,100,100082,100,99623,100,100085,100,99513,100
2019-06-28 09:48:10.000000000,99999,218,99972,418,100012,214,99968,214,100017,214,99934,214,100028,100,99921,100,100040,100,99920,100,100043,100,99902,100,100045,100,99892,100,100054,100,99874,100,100082,100,99623,100,100085,100,99513,100
2019-06-28 09:48:19.886657809,99999,218,99972,518,100012,214,99968,214,100017,214,99934,214,100028,100,99921,100,100040,100,99920,100,100043,100,99902,100,100045,100,99892,100,100054,100,99874,100,100082,100,99623,100,100085,100,99513,100
2019-06-28 09:48:20.000000000,99999,169,99972,469,100012,169,99968,169,100017,169,99934,169,100028,169,99921,169,100040,169,99920,169,100043,100,99902,100,100045,100,99892,100,100054,100,99874,100,100082,100,99623,100,100085,100,99513,100
2019-06-28 09:48:30.000000000,99999,218,99972,518,100012,214,99968,214,100017,214,99934,214,100028,100,99921,100,100040,100,99920,100,100043,100,99902,100,100045,100,99892,100,100054,100,99874,100,100082,100,99623,100,100085,100,99513,100
2019-06-28 09:48:33.725056623,99999,118,99972,518,100012,214,99968,214,100017,214,99934,214,100028,100,99921,100,100040,100,99920,100,100043,100,99902,100,100045,100,99892,100,100054,100,99874,100,100082,100,99623,100,100085,100,99513,100
2019-06-28 09:48:40.000000000,100012,273,99972,573,100017,273,99968,273,100028,100,99934,100,100040,100,99921,100,100043,100,99920,100,100045,100,99902,100,100054,100,99892,100,100082,100,99874,100,100085,100,99623,100,100094,100,99513,100
2019-06-28 09:48:45.654324110,100012,173,99972,573,100017,273,99968,273,100028,100,99934,100,100040,100,99921,100,100043,100,99920,100,100045,100,99902,100,100054,100,99892,100,100082,100,99874,100,100085,100,99623,100,100094,100,99513,100
2019-06-28 09:48:50.000000000,100017,186,99972,486,100028,186,99968,186,100040,186,99934,186,100043,186,99921,186,100045,100,99920,100,100054,100,99902,100,100082,100,99892,100,100085,100,99874,100,100094,100,99623,100,100095,100,99513,100
2019-06-28 09:49:00.000000000,100017,273,99972,573,100028,273,99968,273,100040,100,99934,100,100043,100,99921,100,100045,100,99920,100,100054,100,99902,100,100082,100,99892,100,100085,100,99874,100,100094,100,99623,100,100095,100,99513,100
2019-06-28 09:49:10.000000000,100017,446,99972,746,100028,100,99968,100,100040,100,99934,100,100043,100,99921,100,100045,100,99920,100,100054,100,99902,100,100082,100,99892,100,100085,100,99874,100,100094,100,99623,100,100095,100,99513,100
2019-06-28 09:49:20.000000000,100017,169,99972,469,100028,169,99968,169,100040,169,99934,169,100043,169,99921,169,100045,169,99920,169,100054,100,99902,100,100082,100,99892,100,100085,100,99874,100,100094,100,99623,100,100095,100,99513,100
2019-06-28 09:49:20.509828150,100017,169,99972,469,100028,169,99968,169,100040,169,99934,169,100043,169,99921,169,100045,169,99920,169,100054,100,99902,100,100082,100,99892,100,100085,100,99874,100,100094,100,99623,100,100095,100,99513,100
2019-06-28 09:49:30.000000000,100017,169,99972,469,100028,169,99968,169,100040,169,99934,169,100043,169,99921,169,100045,169,99920,169,100054,100,99902,100,100082,100,99892,100,100085,100,99874,100,100094,100,99623,100,100095,100,99513,100
2019-06-28 09:49:33.440133836,100017,69,99972,469,100028,169,99968,169,100040,169,99934,169,100043,169,99921,169,100045,169,99920,169,100054,100,99902,100,100085,100,99892,100,100094,100,99874,100,100095,100,99623,100,100112,100,99513,100
2019-06-28 09:49:40.000000000,100028,218,99972,518,100040,214,99968,214,100043,214,99934,214,100045,100,99921,100,100054,100,99920,100,100085,100,99902,100,100094,100,99892,100,100095,100,99874,100,100112,100,99623,100,100132,100,99513,100
2019-06-28 09:49:50.000000000,100028,273,99972,573,100040,273,99968,273,100043,100,99934,100,100045,100,99921,100,100054,100,99920,100,100085,100,99902,100,100094,100,99892,100,100095,100,99874,100,100112,100,99623,100,100132,100,99513,100
2019-06-28 09:49:58.935026673,100028,273,99972,473,100040,273,99968,273,100043,100,99934,100,100045,100,99921,100,100054,100,99920,100,100085,100,99902,100,100094,100,99892,100,100095,100,99874,100,100112,100,99623,100,100132,100,99513,100
2019-06-28 09:50:00.000000000,100028,273,99972,473,100040,273,99968,273,100043,100,99934,100,100045,100,99921,100,100054,100,99920,100,100085,100,99902,100,100094,100,99892,100,100095,100,99874,100,100112,100,99623,100,100132,100,99513,100
2019-06-28 09:50:10.000000000,100028,186,99972,386,100040,186,99968,186,100043,186,99934,186,100045,186,99921,186,100054,100,99920,100,100085,100,99902,100,100094,100,99892,100,100095,100,99874,100,100112,100,99623,100,100132,100,99513,100
2019-06-28 09:50:20.000000000,100028,446,99972,646,100040,100,99968,100,100043,100,99934,100,100045,100,99921,100,100054,100,99920,100,100085,100,99902,100,100094,100,99892,100,100095,100,99874,100,100112,100,99623,100,100132,100,99513,100
2019-06-28 09:50:30.000000000,100028,273,99972,473,100040,273,99968,273,100043,100,99934,100,100045,100,99921,100,100054,100,99920,100,100085,100,99902,100,100094,100,99892,100,100095,100,99874,100,100112,100,99623,100,100132,100,99513,100
2019-06-28 09:50:38.894676204,100028,273,99972,473,100040,273,99968,273,100043,100,99934,100,100045,100,99921,100,100054,100,99920,100,100085,100,99902,100,100094,100,99892,100,100095,100,99874,100,100112,100,99623,100,100132,100,99532,100
2019-06-28 09:50:40.000000000,100028,218,99972,418,100040,214,99968,214,100043,214,99934,214,100045,100,99921,100,100054,100,99920,100,100085,100,99902,100,100094,100,99892,100,100095,100,99874,100,100112,100,99623,100,100132,100,99532,100
2019-06-28 09:50:50.000000000,100028,218,99972,418,100040,214,99968,214,100043,214,99934,214,100045,100,99921,100,100054,100,99920,100,100085,100,99902,100,100094,100,99892,100,100095,100,99874,100,100112,100,99623,100,100132,100,99532,100
2019-06-28 09:50:55.513232769,100028,218,99972,418,100040,214,99968,214,100043,214,99934,214,100045,100,99921,100,100054,100,99920,100,100085,100,99902,100,100094,100,99892,100,100095,100,99874,100,100112,100,99623,100,100132,100,99532,100
2019-06-28 09:51:00.000000000,100028,446,99972,646,100040,100,99968,100,100043,100,99934,100,100045,100,99921,100,100054,100,99920,100,100085,100,99902,100,100094,100,99892,100,100095,100,99874,100,100112,100,99623,100,100132,100,99532,100
2019-06-28 09:51:10.000000000,100028,446,99972,646,100040,100,99968,100,100043,100,99934,100,100045,100,99921,100,100054,100,99920,100,100085,100,99902,100,100094,100,99892,100,100095,100,99874,100,100112,100,99623,100,100132,100,99532,100
2019-06-28 09:51:19.289411675,100028,446,99972,646,100040,100,99968,100,100043,100,99934,100,100045,100,99921,100,100054,100,99920,100,100085,100,99902,100,100094,100,99892,100,100095,100,99874,100,100104,100,99623,100,100112,100,99532,100
2019-06-28 09:51:20.000000000,100028,446,99972,646,100040,100,99968,100,100043,100,99934,100,100045,100,99921,100,100054,100,99920,100,100085,100,99902,100,100094,100,99892,100,100095,100,99874,100,100104,100,99623,100,100112,100,99532,100
2019-06-28 09:51:30.000000000,100028,446,99972,646,100040,100,99968,100,100043,100,99934,100,100045,100,99921,100,100054,100,99920,100,100085,100,99902,100,100094,100,99892,100,100095,100,99874,100,100104,100,99623,100,100112,100,99532,100
2019-06-28 09:51:40.000000000,100028,273,99972,473,100040,273,99968,273,100043,100,99934,100,100045,100,99921,100,100054,100,99920,100,100085,100,99902,100,100094,100,99892,100,100095,100,99874,100,100104,100,99623,100,100112,100,99532,100
2019-06-28 09:51:48.540702657,100011,100,99972,473,100028,273,99968,273,100040,273,99934,100,100043,100,99921,100,100045,100,99920,100,100054,100,99902,100,100085,100,99892,100,100094,100,99874,100,100095,100,99623,100,100104,100,99532,100
2019-06-28 09:51:50.000000000,100011,273,99972,473,100028,273,99968,273,100040,100,99934,100,100043,100,99921,100,100045,100,99920,100,100054,100,99902,100,100085,100,99892,100,100094,100,99874,100,100095,100,99623,100,100104,100,99532,100
2019-06-28 09:51:52.826000142,100011,373,99972,473,100028,273,99968,273,100040,100,99934,100,100043,100,99921,100,100045,100,99920,100,100054,100,99902,100,100085,100,99892,100,100094,100,99874,100,100095,100,99623,100,100104,100,99532,100
2019-06-28 09:52:00.000000000,100011,318,99972,418,100028,214,99968,214,100040,214,99934,214,100043,100,99921,100,100045,100,99920,100,100054,100,99902,100,100085,100,99892,100,100094,100,99874,100,100095,100,99623,100,100104,100,99532,100
2019-06-28 09:52:10.000000000,100011,286,99972,386,100028,186,99968,186,100040,186,99934,186,100043,186,99921,186,100045,100,99920,100,100054,100,99902,100,100085,100,99892,100,100094,100,99874,100,100095,100,99623,100,100104,100,99532,100
2019-06-28 09:52:20.000000000,100011,286,99972,386,100028,186,99968,186,100040,186,99934,186,100043,186,99921,186,100045,100,99920,100,100054,100,99902,100,100085,100,99892,100,100094,100,99874,100,100095,100,99623,100,100104,100,99532,100
2019-06-28 09:52:30.000000000,100011,373,99972,473,100028,273,99968,273,100040,100,99934,100,100043,100,99921,100,100045,100,99920,100,100054,100,99902,100,100085,100,99892,100,100094,100,99874,100,100095,100,99623,100,100104,100,99532,100
2019-06-28 09:52:34.943684872,100011,373,99972,473,100028,273,99968,273,100040,100,99934,100,100043,100,99921,100,100045,100,99920,100,100054,100,99902,100,100085,100,99892,100,100094,100,99874,100,100095,100,99623,100,100104,100,99560,100
2019-06-28 09:52:39.272757444,100011,373,99972,473,100028,273,99968,273,100043,100,99934,100,100045,100,99921,100,100054,100,99920,100,100085,100,99902,100,100094,100,99892,100,100095,100,99874,100,100104,100,99646,100,100112,100,99623,100
2019-06-28 09:52:40.000000000,100011,269,99972,369,100028,169,99968,169,100043,169,99934,169,100045,169,99921,169,100054,169,99920,169,100085,100,99902,100,100094,100,99892,100,100095,100,99874,100,100104,100,99646,100,100112,100,99623,100
2019-06-28 09:52:41.136003237,100011,269,99972,369,100028,169,99968,169,100043,169,99934,169,100045,169,99921,169,100054,169,99920,169,100085,100,99902,100,100094,100,99892,100,100095,100,99874,100,100104,100,99646,100,100112,100,99623,100
2019-06-28 09:52:50.000000000,100011,373,99972,473,100028,273,99968,273,100043,100,99934,100,100045,100,99921,100,100054,100,99920,100,100085,100,99902,100,100094,100,99892,100,100095,100,99874,100,100104,100,99646,100,100112,100,99623,100
2019-06-28 09:52:51.253282376,100011,373,99972,473,100028,273,99968,273,100043,100,99934,100,100045,100,99921,100,100054,100,99920,100,100085,100,99902,100,100094,100,99892,100,100095,100,99874,100,100104,100,99646,100,100112,100,99624,100
2019-06-28 09:52:52.656808119,100011,373,99972,373,100028,273,99968,273,100043,100,99934,100,100045,100,99921,100,100054,100,99920,100,100085,100,99902,100,100094,100,99892,100,100095,100,99874,100,100104,100,99646,100,100112,100,99624,100
2019-06-28 09:53:00.000000000,100011,269,99972,269,100028,169,99968,169,100043,169,99934,169,100045,169,99921,169,100054,169,99920,169,100085,100,99902,100,100094,100,99892,100,100095,100,99874,100,100104,100,99646,100,100112,100,99624,100
2019-06-28 09:53:10.000000000,100011,269,99972,269,100028,169,99968,169,100043,169,99934,169,100045,169,99921,169,100054,169,99920,169,100085,100,99902,100,100094,100,99892,100,100095,100,99874,100,100104,100,99646,100,100112,100,99624,100
2019-06-28 09:53:20.000000000,100011,286,99972,286,100028,186,99968,186,100043,186,99934,186,100045,186,99921,186,100054,100,99920,100,100085,100,99902,100,100094,100,99892,100,100095,100,99874,100,100104,100,99646,100,100112,100,99624,100
2019-06-28 09:53:22.420125723,100011,386,99972,286,100028,186,99968,186,100043,186,99934,186,100045,186,99921,186,100054,100,99920,100,100085,100,99902,100,100094,100,99892,100,100095,100,99874,100,100104,100,99646,100,100112,100,99624,100
2019-06-28 09:53:26.185047006,100011,386,99972,286,100028,186,99968,186,100043,186,99934,186,100045,186,99921,186,100054,100,99920,100,100085,100,99902,100,100094,100,99892,100,100104,100,99874,100,100112,100,99646,100,100132,100,99624,100
2019-06-28 09:53:30.000000000,100011,369,99972,269,100028,169,99968,169,100043,169,99934,169,100045,169,99921,169,100054,169,99920,169,100085,100,99902,100,100094,100,99892,100,100104,100,99874,100,100112,100,99646,100,100132,100,99624,100
2019-06-28 09:53:40.000000000,100011,369,99972,269,100028,169,99968,169,100043,169,99934,169,100045,169,99921,169,100054,169,99920,169,100085,100,99902,100,100094,100,99892,100,100104,100,99874,100,100112,100,99646,100,100132,100,99624,100
2019-06-28 09:53:46.589707321,100011,369,99972,169,100028,169,99968,169,100043,169,99934,169,100045,169,99921,169,100054,169,99920,169,100085,100,99902,100,100094,100,99892,100,100104,100,99874,100,100112,100,99646,100,100132,100,99624,100
2019-06-28 09:53:50.000000000,100011,646,99972,446,100028,100,99968,100,100043,100,99934,100,100045,100,99921,100,100054,100,99920,100,100085,100,99902,100,100094,100,99892,100,100104,100,99874,100,100112,100,99646,100,100132,100,99624,100
2019-06-28 09:53:50.574449259,100011,646,99972,346,100028,100,99968,100,100045,100,99934,100,100054,100,99921,100,100085,100,99920,100,100094,100,99902,100,100104,100,99892,100,100112,100,99874,100,100132,100,99646,100,100145,100,99624,100
2019-06-28 09:53:58.576429150,100011,646,99972,246,100028,100,99968,100,100045,100,99934,100,100054,100,99921,100,100085,100,99920,100,100094,100,99902,100,100104,100,99892,100,100112,100,99874,100,100132,100,99646,100,100145,100,99624,100
2019-06-28 09:54:00.000000000,100011,418,99968,218,100028,214,99934,214,100045,214,99921,214,100054,100,99920,100,100085,100,99902,100,100094,100,99892,100,100104,100,99874,100,100112,100,99646,100,100132,100,99624,100,100145,100,99623,100
2019-06-28 09:54:10.000000000,100011,473,99968,273,100028,273,99934,273,100045,100,99921,100,100054,100,99920,100,100085,100,99902,100,100094,100,99892,100,100104,100,99874,100,100112,100,99646,100,100132,100,99624,100,100145,100,99623,100
2019-06-28 09:54:20.000000000,100011,418,99968,218,100028,214,99934,214,100045,214,99921,214,100054,100,99920,100,100085,100,99902,100,100094,100,99892,100,100104,100,99874,100,100112,100,99646,100,100132,100,99624,100,100145,100,99623,100
2019-06-28 09:54:30.000000000,100011,386,99968,186,100028,186,99934,186,100045,186,99921,186,100054,186,99920,186,100085,100,99902,100,100094,100,99892,100,100104,100,99874,100,100112,100,99646,100,100132,100,99624,100,100145,100,99623,100
2019-06-28 09:54:30.124080836,99988,100,99968,186,100011,386,99934,186,100028,186,99921,186,100045,186,99920,186,100054,186,99902,100,100085,100,99892,100,100094,100,99874,100,100104,100,99646,100,100112,100,99624,100,100132,100,99623,100
2019-06-28 09:54:30.816669889,99972,100,99968,186,99988,100,99934,186,100011,386,99921,186,100028,186,99920,186,100045,186,99902,100,100054,186,99892,100,100085,100,99874,100,100094,100,99646,100,100104,100,99624,100,100112,100,99623,100
2019-06-28 09:54:35.383530267,99972,100,99968,186,99988,100,99934,186,100011,386,99921,186,100028,186,99920,186,100045,186,99902,100,100054,186,99892,100,100085,100,99874,100,100094,100,99802,100,100104,100,99646,100,100112,100,99624,100
2019-06-28 09:54:40.000000000,99972,186,99968,186,99988,186,99934,186,100011,386,99921,186,100028,186,99920,186,100045,100,99902,100,100054,100,99892,100,100085,100,99874,100,100094,100,99802,100,100104,100,99646,100,100112,100,99624,100
2019-06-28 09:54:50.000000000,99972,273,99968,273,99988,273,99934,273,100011,300,99921,100,100028,100,99920,100,100045,100,99902,100,100054,100,99892,100,100085,100,99874,100,100094,100,99802,100,100104,100,99646,100,100112,100,99624,100
2019-06-28 09:54:59.227000577,99972,273,99968,173,99988,273,99934,273,100011,300,99921,100,100028,100,99920,100,100045,100,99902,100,100054,100,99892,100,100085,100,99874,100,100094,100,99802,100,100104,100,99646,100,100112,100,99624,100
2019-06-28 09:55:00.000000000,99972,186,99934,186,99988,186,99921,186,100011,386,99920,186,100028,186,99902,186,100045,100,99892,100,100054,100,99874,100,100085,100,99802,100,100094,100,99646,100,100104,100,99624,100,100112,100,99623,100
2019-06-28 09:55:01.060409930,99972,186,99934,186,99988,186,99921,186,100011,386,99920,186,100028,186,99902,186,100045,100,99892,100,100054,100,99874,100,100085,100,99802,100,100094,100,99710,100,100104,100,99646,100,100112,100,99624,100
2019-06-28 09:55:10.000000000,99972,273,99934,273,99988,273,99921,273,100011,300,99920,100,100028,100,99902,100,100045,100,99892,100,100054,100,99874,100,100085,100,99802,100,100094,100,99710,100,100104,100,99646,100,100112,100,99624,100
2019-06-28 09:55:10.110760395,99972,273,99934,273,99988,273,99921,273,100011,300,99920,100,100028,100,99902,100,100045,100,99892,100,100054,100,99874,100,100085,100,99802,100,100094,100,99767,100,100104,100,99710,100,100112,100,99646,100
2019-06-28 09:55:14.889714867,99972,273,99934,273,99988,273,99921,273,100011,300,99920,100,100028,100,99902,100,100045,100,99874,100,100054,100,99810,100,100085,100,99802,100,100094,100,99767,100,100104,100,99710,100,100112,100,99646,100
2019-06-28 09:55:19.336877343,99972,273,99934,273,99988,273,99921,173,100011,300,99920,100,100028,100,99902,100,100045,100,99874,100,100054,100,99810,100,100085,100,99802,100,100094,100,99767,100,100104,100,99710,100,100112,100,99646,100
2019-06-28 09:55:20.000000000,99972,273,99934,273,99988,273,99920,273,100011,300,99902,100,100028,100,99874,100,100045,100,99810,100,100054,100,99802,100,100085,100,99767,100,100094,100,99710,100,100104,100,99646,100,100112,100,99644,100
2019-06-28 09:55:21.805709893,99971,100,99934,273,99972,273,99920,273,99988,273,99902,100,100011,300,99874,100,100028,100,99810,100,100045,100,99802,100,100054,100,99767,100,100085,100,99710,100,100094,100,99646,100,100104,100,99644,100
2019-06-28 09:55:30.000000000,99971,273,99934,273,99972,273,99920,273,99988,100,99902,100,100011,300,99874,100,100028,100,99810,100,100045,100,99802,100,100054,100,99767,100,100085,100,99710,100,100094,100,99646,100,100104,100,99644,100
2019-06-28 09:55:40.000000000,99971,169,99934,169,99972,169,99920,169,99988,169,99902,169,100011,369,99874,169,100028,169,99810,169,100045,100,99802,100,100054,100,99767,100,100085,100,99710,100,100094,100,99646,100,100104,100,99644,100
2019-06-28 09:55:44.893276644,99971,269,99934,169,99972,169,99920,169,99988,169,99902,169,100011,369,99874,169,100028,169,99810,169,100045,100,99802,100,100054,100,99767,100,100085,100,99710,100,100094,100,99646,100,100104,100,99644,100
2019-06-28 09:55:50.000000000,99971,318,99934,218,99972,214,99920,214,99988,214,99902,214,100011,300,99874,100,100028,100,99810,100,100045,100,99802,100,100054,100,99767,100,100085,100,99710,100,100094,100,99646,100,100104,100,99644,100
2019-06-28 09:55:53.961271179,99971,318,99934,118,99972,214,99920,214,99988,214,99902,214,100011,300,99874,100,100028,100,99810,100,100045,100,99802,100,100054,100,99767,100,100085,100,99710,100,100094,100,99646,100,100104,100,99644,100
2019-06-28 09:56:00.000000000,99971,269,99920,169,99972,169,99902,169,99988,169,99874,169,100011,369,99810,169,100028,169,99802,169,100045,100,99767,100,100054,100,99710,100,100085,100,99646,100,100094,100,99644,100,100104,100,99624,100
2019-06-28 09:56:10.000000000,99971,318,99920,218,99972,214,99902,214,99988,214,99874,214,100011,300,99810,100,100028,100,99802,100,100045,100,99767,100,100054,100,99710,100,100085,100,99646,100,100094,100,99644,100,100104,100,99624,100
2019-06-28 09:56:18.289176559,99971,318,99920,218,99972,214,99902,214,99988,214,99874,214,100011,300,99859,100,100028,100,99810,100,100045,100,99802,100,100054,100,99767,100,100085,100,99710,100,100094,100,99646,100,100104,100,99644,100
2019-06-28 09:56:20.000000000,99971,269,99920,169,99972,169,99902,169,99988,169,99874,169,100011,369,99859,169,100028,169,99810,169,100045,100,99802,100,100054,100,99767,100,100085,100,99710,100,100094,100,99646,100,100104,100,99644,100
2019-06-28 09:56:24.479443606,99971,269,99920,169,99972,169,99902,169,99988,169,99874,169,100011,369,99859,169,100028,169,99810,169,100045,100,99802,100,100054,100,99767,100,100085,100,99710,100,100094,100,99646,100,100104,100,99644,100
2019-06-28 09:56:30.000000000,99971,546,99920,446,99972,100,99902,100,99988,100,99874,100,100011,300,99859,100,100028,100,99810,100,100045,100,99802,100,100054,100,99767,100,100085,100,99710,100,100094,100,99646,100,100104,100,99644,100
2019-06-28 09:56:40.000000000,99971,373,99920,273,99972,273,99902,273,99988,100,99874,100,100011,300,99859,100,100028,100,99810,100,100045,100,99802,100,100054,100,99767,100,100085,100,99710,100,100094,100,99646,100,100104,100,99644,100
2019-06-28 09:56:48.813604409,99971,373,99920,273,99972,273,99902,273,99988,100,99874,100,100011,300,99859,100,100028,100,99831,100,100045,100,99810,100,100054,100,99802,100,100085,100,99767,100,100094,100,99710,100,100104,100,99646,100
2019-06-28 09:56:50.000000000,99971,269,99920,169,99972,169,99902,169,99988,169,99874,169,100011,369,99859,169,100028,169,99831,169,100045,100,99810,100,100054,100,99802,100,100085,100,99767,100,100094,100,99710,100,100104,100,99646,100
2019-06-28 09:56:56.309079670,99971,269,99920,69,99972,169,99902,169,99988,169,99874,169,100011,369,99859,169,100028,169,99831,169,100045,100,99810,100,100054,100,99802,100,100085,100,99767,100,100094,100,99646,100,100104,100,99644,100
2019-06-28 09:57:00.000000000,99971,318,99902,218,99972,214,99874,214,99988,214,99859,214,100011,300,99831,100,100028,100,99810,100,100045,100,99802,100,100054,100,99767,100,100085,100,99646,100,100094,100,99644,100,100104,100,99624,100
2019-06-28 09:57:08.999211771,99934,100,99902,218,99971,318,99874,214,99972,214,99859,214,99988,214,99831,100,100011,300,99810,100,100028,100,99802,100,100045,100,99767,100,100054,100,99646,100,100085,100,99644,100,100094,100,99624,100
2019-06-28 09:57:10.000000000,99934,186,99902,186,99971,286,99874,186,99972,186,99859,186,99988,186,99831,186,100011,300,99810,100,100028,100,99802,100,100045,100,99767,100,100054,100,99646,100,100085,100,99644,100,100094,100,99624,100
2019-06-28 09:57:16.213337473,99934,186,99902,186,99971,286,99874,186,99972,186,99859,186,99988,186,99831,186,100011,300,99810,100,100028,100,99802,100,100045,100,99767,100,100054,100,99672,100,100085,100,99644,100,100094,100,99624,100
2019-06-28 09:57:16.621909794,99934,186,99902,86,99971,286,99874,186,99972,186,99859,186,99988,186,99831,186,100011,300,99810,100,100028,100,99802,100,100045,100,99767,100,100054,100,99672,100,100085,100,99644,100,100094,100,99624,100
2019-06-28 09:57:20.000000000,99934,169,99874,169,99971,269,99859,169,99972,169,99831,169,99988,169,99810,169,100011,369,99802,169,100028,100,99767,100,100045,100,99672,100,100054,100,99644,100,100085,100,99624,100,100094,100,99623,100
2019-06-28 09:57:27.542312365,99934,169,99874,169,99971,269,99859,169,99972,169,99831,169,99988,169,99810,169,100011,369,99802,169,100028,100,99767,100,100045,100,99672,100,100054,100,99644,100,100068,100,99623,100,100085,100,99560,100
2019-06-28 09:57:30.000000000,99934,446,99874,446,99971,200,99859,100,99972,100,99831,100,99988,100,99810,100,100011,300,99802,100,100028,100,99767,100,100045,100,99672,100,100054,100,99644,100,100068,100,99623,100,100085,100,99560,100
2019-06-28 09:57:37.698445926,99934,446,99874,446,99971,200,99859,100,99972,100,99831,100,99988,100,99802,100,99999,100,99767,100,100011,300,99672,100,100028,100,99644,100,100045,100,99623,100,100054,100,99560,100,100068,100,99532,100
2019-06-28 09:57:40.000000000,99934,446,99874,446,99971,200,99859,100,99972,100,99831,100,99988,100,99802,100,99999,100,99767,100,100011,300,99672,100,100028,100,99644,100,100045,100,99623,100,100054,100,99560,100,100068,100,99532,100
2019-06-28 09:57:50.000000000,99934,218,99874,218,99971,314,99859,214,99972,214,99831,214,99988,100,99802,100,99999,100,99767,100,100011,300,99672,100,100028,100,99644,100,100045,100,99623,100,100054,100,99560,100,100068,100,99532,100
2019-06-28 09:58:00.000000000,99934,218,99874,218,99971,314,99859,214,99972,214,99831,214,99988,100,99802,100,99999,100,99767,100,100011,300,99672,100,100028,100,99644,100,100045,100,99623,100,100054,100,99560,100,100068,100,99532,100
2019-06-28 09:58:10.000000000,99934,186,99874,186,99971,286,99859,186,99972,186,99831,186,99988,186,99802,186,99999,100,99767,100,100011,300,99672,100,100028,100,99644,100,100045,100,99623,100,100054,100,99560,100,100068,100,99532,100
2019-06-28 09:58:14.783158442,99934,186,99874,186,99971,286,99859,186,99972,186,99831,186,99988,186,99802,186,99999,100,99672,100,100011,300,99644,100,100028,100,99623,100,100045,100,99560,100,100054,100,99532,100,100068,100,99525,100
2019-06-28 09:58:20.000000000,99934,218,99874,218,99971,314,99859,214,99972,214,99831,214,99988,100,99802,100,99999,100,99672,100,100011,300,99644,100,100028,100,99623,100,100045,100,99560,100,100054,100,99532,100,100068,100,99525,100
2019-06-28 09:58:30.000000000,99934,446,99874,446,99971,200,99859,100,99972,100,99831,100,99988,100,99802,100,99999,100,99672,100,100011,300,99644,100,100028,100,99623,100,100045,100,99560,100,100054,100,99532,100,100068,100,99525,100
2019-06-28 09:58:40.000000000,99934,218,99874,218,99971,314,99859,214,99972,214,99831,214,99988,100,99802,100,99999,100,99672,100,100011,300,99644,100,100028,100,99623,100,100045,100,99560,100,100054,100,99532,100,100068,100,99525,100
2019-06-28 09:58:44.181759074,99934,218,99874,218,99971,314,99859,214,99972,214,99831,214,99988,100,99802,100,99999,100,99644,100,100011,300,99623,100,100028,100,99560,100,100045,100,99532,100,100054,100,99525,100,100068,100,99513,100
2019-06-28 09:58:50.000000000,99934,218,99874,218,99971,314,99859,214,99972,214,99831,214,99988,100,99802,100,99999,100,99644,100,100011,300,99623,100,100028,100,99560,100,100045,100,99532,100,100054,100,99525,100,100068,100,99513,100
2019-06-28 09:58:50.636929631,99934,218,99874,118,99971,314,99859,214,99972,214,99831,214,99988,100,99802,100,99999,100,99644,100,100011,300,99623,100,100028,100,99560,100,100045,100,99532,100,100054,100,99525,100,100068,100,99513,100
2019-06-28 09:59:00.000000000,99934,273,99859,273,99971,373,99831,273,99972,100,99802,100,99988,100,99644,100,99999,100,99623,100,100011,300,99560,100,100028,100,99532,100,100045,100,99525,100,100054,100,99513,100,100068,100,99489,100
2019-06-28 09:59:10.000000000,99934,218,99859,218,99971,314,99831,214,99972,214,99802,214,99988,100,99644,100,99999,100,99623,100,100011,300,99560,100,100028,100,99532,100,100045,100,99525,100,100054,100,99513,100,100068,100,99489,100
2019-06-28 09:59:19.517594423,99934,218,99859,218,99971,314,99831,214,99972,214,99802,214,99988,100,99644,100,99999,100,99623,100,100011,300,99560,100,100028,100,99532,100,100045,100,99525,100,100054,100,99513,100,100068,100,99489,100
2019-06-28 09:59:20.000000000,99934,186,99859,186,99971,286,99831,186,99972,186,99802,186,99988,186,99644,186,99999,100,99623,100,100011,300,99560,100,100028,100,99532,100,100045,100,99525,100,100054,100,99513,100,100068,100,99489,100
2019-06-28 09:59:26.783196124,99934,186,99921,100,99971,286,99859,186,99972,186,99831,186,99988,186,99802,186,99999,100,99644,186,100011,300,99623,100,100028,100,99560,100,100045,100,99532,100,100054,100,99525,100,100068,100,99513,100
2019-06-28 09:59:30.000000000,99934,273,99921,273,99971,373,99859,273,99972,100,99831,100,99988,100,99802,100,99999,100,99644,100,100011,300,99623,100,100028,100,99560,100,100045,100,99532,100,100054,100,99525,100,100068,100,99513,100
2019-06-28 09:59:40.000000000,99934,273,99921,273,99971,373,99859,273,99972,100,99831,100,99988,100,99802,100,99999,100,99644,100,100011,300,99623,100,100028,100,99560,100,100045,100,99532,100,100054,100,99525,100,100068,100,99513,100
2019-06-28 09:59:50.000000000,99934,218,99921,218,99971,314,99859,214,99972,214,99831,214,99988,100,99802,100,99999,100,99644,100,100011,300,99623,100,100028,100,99560,100,100045,100,99532,100,100054,100,99525,100,100068,100,99513,100
2019-06-28 10:00:00.000000000,99934,186,99921,186,99971,286,99859,186,99972,186,99831,186,99988,186,99802,186,99999,100,99644,100,100011,300,99623,100,100028,100,99560,100,100045,100,99532,100,100054,100,99525,100,100068,100,99513,100
2019-06-28 10:00:10.000000000,99934,186,99921,186,99971,286,99859,186,99972,186,99831,186,99988,186,99802,186,99999,100,99644,100,100011,300,99623,100,100028,100,99560,100,100045,100,99532,100,100054,100,99525,100,100068,100,99513,100
2019-06-28 10:00:20.000000000,99934,273,99921,273,99971,373,99859,273,99972,100,99831,100,99988,100,99802,100,99999,100,99644,100,100011,300,99623,100,100028,100,99560,100,100045,100,99532,100,100054,100,99525,100,100068,100,99513,100
2019-06-28 10:00:23.099459637,99934,273,99921,273,99971,373,99859,273,99972,100,99831,100,99988,100,99802,100,99999,100,99644,100,100011,300,99623,100,100028,100,99560,100,100045,100,99532,100,100054,100,99525,100,100068,100,99513,100
2019-06-28 10:00:30.000000000,99934,218,99921,218,99971,314,99859,214,99972,214,99831,214,99988,100,99802,100,99999,100,99644,100,100011,300,99623,100,100028,100,99560,100,100045,100,99532,100,100054,100,99525,100,100068,100,99513,100
2019-06-28 10:00:35.356146075,99934,218,99921,218,99971,314,99859,214,99972,114,99831,214,99988,100,99802,100,99999,100,99644,100,100011,300,99623,100,100028,100,99560,100,100045,100,99532,100,100054,100,99525,100,100068,100,99513,100
2019-06-28 10:00:40.000000000,99934,186,99921,186,99971,286,99859,186,99988,186,99831,186,99999,186,99802,186,100011,300,99644,100,100028,100,99623,100,100045,100,99560,100,100054,100,99532,100,100068,100,99525,100,100085,100,99513,100
2019-06-28 10:00:43.370977418,99934,186,99921,186,99971,286,99859,186,99988,186,99831,186,99999,186,99802,186,100011,300,99644,100,100028,100,99623,100,100045,100,99560,100,100054,100,99532,100,100068,100,99525,100,100085,100,99513,100
2019-06-28 10:00:50.000000000,99934,273,99921,273,99971,373,99859,273,99988,100,99831,100,99999,100,99802,100,100011,300,99644,100,100028,100,99623,100,100045,100,99560,100,100054,100,99532,100,100068,100,99525,100,100085,100,99513,100
2019-06-28 10:01:00.000000000,99934,446,99921,446,99971,200,99859,100,99988,100,99831,100,99999,100,99802,100,100011,300,99644,100,100028,100,99623,100,100045,100,99560,100,100054,100,99532,100,100068,100,99525,100,100085,100,99513,100
2019-06-28 10:01:10.000000000,99934,169,99921,169,99971,269,99859,169,99988,169,99831,169,99999,169,99802,169,100011,369,99644,169,100028,100,99623,100,100045,100,99560,100,100054,100,99532,100,100068,100,99525,100,100085,100,99513,100
2019-06-28 10:01:16.673770547,99934,69,99921,169,99971,269,99859,169,99988,169,99831,169,99999,169,99802,169,100011,369,99644,169,100028,100,99623,100,100045,100,99560,100,100054,100,99532,100,100068,100,99525,100,100085,100,99513,100
2019-06-28 10:01:20.000000000,99971,286,99921,186,99988,186,99859,186,99999,186,99831,186,100011,386,99802,186,100028,100,99644,100,100045,100,99623,100,100054,100,99560,100,100068,100,99532,100,100085,100,99525,100,100094,100,99513,100
2019-06-28 10:01:27.683474094,99971,186,99921,186,99988,186,99859,186,99999,186,99831,186,100011,386,99802,186,100028,100,99644,100,100045,100,99623,100,100054,100,99532,100,100068,100,99525,100,100085,100,99513,100,100094,100,,
2019-06-28 10:01:30.000000000,99971,169,99921,169,99988,169,99859,169,99999,169,99831,169,100011,369,99802,169,100028,169,99644,169,100045,100,99623,100,100054,100,99532,100,100068,100,99525,100,100085,100,99513,100,100094,100,,
2019-06-28 10:01:39.470865735,99971,69,99921,169,99988,169,99859,169,99999,169,99831,169,100011,369,99802,169,100028,169,99644,169,100045,100,99623,100,100054,100,99532,100,100068,100,99525,100,100085,100,99513,100,100094,100,,
2019-06-28 10:01:40.000000000,99988,273,99921,273,99999,273,99859,273,100011,300,99831,100,100028,100,99802,100,100045,100,99644,100,100054,100,99623,100,100068,100,99532,100,100085,100,99525,100,100094,100,99513,100,100104,100,,
2019-06-28 10:01:41.385355382,99988,273,99971,100,99999,273,99921,173,100011,300,99859,273,100028,100,99831,100,100045,100,99802,100,100054,100,99644,100,100068,100,99623,100,100085,100,99532,100,100094,100,99525,100,100104,100,99513,100
2019-06-28 10:01:50.000000000,99988,446,99971,446,99999,100,99859,100,100011,300,99831,100,100028,100,99802,100,100045,100,99644,100,100054,100,99623,100,100068,100,99532,100,100085,100,99525,100,100094,100,99513,100,100104,100,,
2019-06-28 10:02:00.000000000,99988,218,99971,218,99999,214,99859,214,100011,414,99831,214,100028,100,99802,100,100045,100,99644,100,100054,100,99623,100,100068,100,99532,100,100085,100,99525,100,100094,100,99513,100,100104,100,,
2019-06-28 10:02:03.943278071,99988,118,99971,218,99999,214,99859,214,100011,414,99831,214,100028,100,99802,100,100045,100,99644,100,100054,100,99623,100,100068,100,99532,100,100085,100,99525,100,100094,100,99513,100,100104,100,,
2019-06-28 10:02:06.863873002,99988,118,99972,100,99999,214,99971,218,100011,414,99859,214,100028,100,99831,214,100045,100,99802,100,100054,100,99644,100,100068,100,99623,100,100085,100,99532,100,100094,100,99525,100,100104,100,99513,100
2019-06-28 10:02:10.000000000,99999,218,99972,218,100011,414,99971,214,100028,214,99859,214,100045,100,99831,100,100054,100,99802,100,100068,100,99644,100,100085,100,99623,100,100094,100,99532,100,100104,100,99525,100,100112,100,99513,100
2019-06-28 10:02:19.463157182,99999,118,99972,218,100011,414,99971,214,100028,214,99859,214,100045,100,99831,100,100054,100,99802,100,100068,100,99644,100,100085,100,99623,100,100094,100,99532,100,100104,100,99525,100,100112,100,99513,100
2019-06-28 10:02:20.000000000,100011,646,99972,446,100028,100,99971,100,100045,100,99859,100,100054,100,99831,100,100068,100,99802,100,100085,100,99644,100,100094,100,99623,100,100104,100,99532,100,100112,100,99525,100,100132,100,99513,100
2019-06-28 10:02:20.580429916,100011,546,99972,446,100028,100,99971,100,100045,100,99859,100,100054,100,99831,100,100068,100,99802,100,100085,100,99644,100,100094,100,99623,100,100104,100,99532,100,100112,100,99525,100,100132,100,99513,100
2019-06-28 10:02:30.000000000,100011,546,99972,446,100028,100,99971,100,100045,100,99859,100,100054,100,99831,100,100068,100,99802,100,100085,100,99644,100,100094,100,99623,100,100104,100,99532,100,100112,100,99525,100,100132,100,99513,100
2019-06-28 10:02:32.441927394,100011,446,99972,446,100028,100,99971,100,100045,100,99859,100,100054,100,99831,100,100068,100,99802,100,100085,100,99644,100,100094,100,99623,100,100104,100,99532,100,100112,100,99525,100,100132,100,99513,100
2019-06-28 10:02:40.000000000,100011,273,99972,273,100028,273,99971,273,100045,100,99859,100,100054,100,99831,100,100068,100,99802,100,100085,100,99644,100,100094,100,99623,100,100104,100,99532,100,100112,100,99525,100,100132,100,99513,100
2019-06-28 10:02:49.312899504,100011,273,99972,273,100028,273,99971,273,100045,100,99859,100,100054,100,99831,100,100068,100,99802,100,100085,100,99644,100,100094,100,99623,100,100104,100,99532,100,100112,100,99525,100,100132,100,99513,100
2019-06-28 10:02:50.000000000,100011,169,99972,169,100028,169,99971,169,100045,169,99859,169,100054,169,99831,169,100068,169,99802,169,100085,100,99644,100,100094,100,99623,100,100104,100,99532,100,100112,100,99525,100,100132,100,99513,100
2019-06-28 10:02:58.294783713,100011,169,99972,169,100028,169,99971,169,100045,169,99859,169,100054,169,99831,169,100068,169,99802,169,100085,100,99644,100,100094,100,99623,100,100104,100,99532,100,100112,100,99525,100,100132,100,99513,100
2019-06-28 10:03:00.000000000,100011,186,99972,186,100028,186,99971,186,100045,186,99859,186,100054,186,99831,186,100068,100,99802,100,100085,100,99644,100,100094,100,99623,100,100104,100,99532,100,100112,100,99525,100,100132,100,99513,100
2019-06-28 10:03:07.887470176,100011,86,99972,186,100028,186,99971,186,100045,186,99859,186,100054,186,99831,186,100068,100,99802,100,100085,100,99644,100,100094,100,99623,100,100104,100,99532,100,100112,100,99525,100,100132,100,99513,100
2019-06-28 10:03:10.000000000,100028,186,99972,186,100045,186,99971,186,100054,186,99859,186,100068,186,99831,186,100085,100,99802,100,100094,100,99644,100,100104,100,99623,100,100112,100,99532,100,100132,100,99525,100,100145,100,99513,100
2019-06-28 10:03:20.000000000,100028,186,99972,186,100045,186,99971,186,100054,186,99859,186,100068,186,99831,186,100085,100,99802,100,100094,100,99644,100,100104,100,99623,100,100112,100,99532,100,100132,100,99525,100,100145,100,99513,100
2019-06-28 10:03:27.110417316,100028,86,99972,186,100045,186,99971,186,100054,186,99859,186,100068,186,99831,186,100085,100,99802,100,100094,100,99644,100,100104,100,99623,100,100112,100,99532,100,100132,100,99525,100,100145,100,99513,100
2019-06-28 10:03:30.000000000,100045,273,99972,273,100054,273,99971,273,100068,100,99859,100,100085,100,99831,100,100094,100,99802,100,100104,100,99644,100,100112,100,99623,100,100132,100,99532,100,100145,100,99525,100,100164,100,99513,100
2019-06-28 10:03:31.165702309,100045,273,99972,273,100054,273,99971,273,100068,100,99859,100,100085,100,99831,100,100094,100,99802,100,100104,100,99623,100,100112,100,99532,100,100132,100,99525,100,100145,100,99513,100,100164,100,,
2019-06-28 10:03:40.000000000,100045,446,99972,446,100054,100,99971,100,100068,100,99859,100,100085,100,99831,100,100094,100,99802,100,100104,100,99623,100,100112,100,99532,100,100132,100,99525,100,100145,100,99513,100,100164,100,,
2019-06-28 10:03:42.907990979,100045,446,99972,446,100054,100,99971,100,100068,100,99859,100,100085,100,99831,100,100094,100,99802,100,100104,100,99623,100,100112,100,99532,100,100132,100,99525,100,100145,100,99513,100,100164,100,,
2019-06-28 10:03:44.316765122,100045,346,99972,446,100054,100,99971,100,100068,100,99859,100,100085,100,99831,100,100094,100,99802,100,100104,100,99623,100,100112,100,99532,100,100132,100,99525,100,100145,100,99513,100,100164,100,,
2019-06-28 10:03:50.000000000,100054,446,99972,446,100068,100,99971,100,100085,100,99859,100,100094,100,99831,100,100104,100,99802,100,100112,100,99623,100,100132,100,99532,100,100145,100,99525,100,100164,100,99513,100,100187,100,,
2019-06-28 10:03:50.062190482,100054,446,99972,446,100068,100,99971,100,100094,100,99859,100,100104,100,99831,100,100112,100,99802,100,100132,100,99623,100,100145,100,99532,100,100164,100,99525,100,100187,100,99513,100,100227,100,,
2019-06-28 10:04:00.000000000,100054,218,99972,218,100068,214,99971,214,100094,214,99859,214,100104,100,99831,100,100112,100,99802,100,100132,100,99623,100,100145,100,99532,100,100164,100,99525,100,100187,100,99513,100,100227,100,,
2019-06-28 10:04:10.000000000,100054,446,99972,446,100068,100,99971,100,100094,100,99859,100,100104,100,99831,100,100112,100,99802,100,100132,100,99623,100,100145,100,99532,100,100164,100,99525,100,100187,100,99513,100,100227,100,,
2019-06-28 10:04:20.000000000,100054,218,99972,218,100068,214,99971,214,100094,214,99859,214,100104,100,99831,100,100112,100,99802,100,100132,100,99623,100,100145,100,99532,100,100164,100,99525,100,100187,100,99513,100,100227,100,,
2019-06-28 10:04:30.000000000,100054,446,99972,446,100068,100,99971,100,100094,100,99859,100,100104,100,99831,100,100112,100,99802,100,100132,100,99623,100,100145,100,99532,100,100164,100,99525,100,100187,100,99513,100,100227,100,,
2019-06-28 10:04:31.532202320,100054,346,99972,446,100068,100,99971,100,100094,100,99859,100,100104,100,99831,100,100112,100,99802,100,100132,100,99623,100,100145,100,99532,100,100164,100,99525,100,100187,100,99513,100,100227,100,,
2019-06-28 10:04:40.000000000,100068,273,99972,273,100094,273,99971,273,100104,100,99859,100,100112,100,99831,100,100132,100,99802,100,100145,100,99623,100,100164,100,99532,100,100187,100,99525,100,100227,100,99513,100,100243,100,,
2019-06-28 10:04:40.031150070,100068,273,99972,273,100094,273,99971,273,100104,100,99859,100,100112,100,99831,100,100132,100,99802,100,100145,100,99623,100,100164,100,99532,100,100187,100,99525,100,100227,100,99513,100,100243,100,,
2019-06-28 10:04:50.000000000,100068,446,99972,446,100094,100,99971,100,100104,100,99859,100,100112,100,99831,100,100132,100,99802,100,100145,100,99623,100,100164,100,99532,100,100187,100,99525,100,100227,100,99513,100,100243,100,,
2019-06-28 10:04:59.124913273,100068,446,99972,446,100094,100,99971,100,100104,100,99859,100,100112,100,99831,100,100132,100,99802,100,100145,100,99623,100,100164,100,99532,100,100187,100,99525,100,100227,100,99513,100,100243,100,,
2019-06-28 10:05:00.000000000,100068,169,99972,169,100094,169,99971,169,100104,169,99859,169,100112,169,99831,169,100132,169,99802,169,100145,100,99623,100,100164,100,99532,100,100187,100,99525,100,100227,100,99513,100,100243,100,,
2019-06-28 10:05:09.400821737,100068,69,99972,169,100094,169,99971,169,100104,169,99859,169,100112,169,99831,169,100132,169,99802,169,100145,100,99623,100,100164,100,99532,100,100187,100,99525,100,100227,100,99513,100,100243,100,,
2019-06-28 10:05:10.000000000,100094,273,99972,273,100104,273,99971,273,100112,100,99859,100,100132,100,99831,100,100145,100,99802,100,100164,100,99623,100,100187,100,99532,100,100227,100,99525,100,100243,100,99513,100,100260,100,,
2019-06-28 10:05:16.698249503,100094,273,99972,273,100104,273,99971,273,100112,100,99859,100,100132,100,99831,100,100164,100,99802,100,100187,100,99623,100,100227,100,99532,100,100243,100,99525,100,100260,100,99513,100,100287,100,,
2019-06-28 10:05:20.000000000,100094,218,99972,218,100104,214,99971,214,100112,214,99859,214,100132,100,99831,100,100164,100,99802,100,100187,100,99623,100,100227,100,99532,100,100243,100,99525,100,100260,100,99513,100,100287,100,,
2019-06-28 10:05:23.783137400,100094,218,99972,218,100104,214,99971,214,100112,214,99859,214,100132,100,99831,100,100164,100,99802,100,100187,100,99623,100,100227,100,99532,100,100243,100,99525,100,100260,100,,,100287,100,,
2019-06-28 10:05:30.000000000,100094,218,99972,218,100104,214,99971,214,100112,214,99859,214,100132,100,99831,100,100164,100,99802,100,100187,100,99623,100,100227,100,99532,100,100243,100,99525,100,100260,100,,,100287,100,,
2019-06-28 10:05:40.000000000,100094,446,99972,446,100104,100,99971,100,100112,100,99859,100,100132,100,99831,100,100164,100,99802,100,100187,100,99623,100,100227,100,99532,100,100243,100,99525,100,100260,100,,,100287,100,,
2019-06-28 10:05:46.695697760,100094,446,99972,446,100104,100,99971,100,100112,100,99859,100,100132,100,99831,100,100164,200,99802,100,100187,100,99623,100,100227,100,99532,100,100243,100,99525,100,100260,100,,,100376,100,,
2019-06-28 10:05:47.154223490,100094,446,99972,446,100104,100,99971,100,100112,100,99859,100,100132,100,99831,100,100164,200,99802,100,100187,100,99623,100,100227,100,99532,100,100243,100,99525,100,100260,100,,,100376,100,,
2019-06-28 10:05:50.000000000,100094,218,99972,218,100104,214,99971,214,100112,214,99859,214,100132,100,99831,100,100164,200,99802,100,100187,100,99623,100,100227,100,99532,100,100243,100,99525,100,100260,100,,,100376,100,,
2019-06-28 10:05:50.988314345,100053,100,99972,218,100094,218,99971,214,100104,214,99859,214,100112,214,99831,100,100132,100,99802,100,100164,200,99623,100,100187,100,99532,100,100227,100,99525,100,100243,100,,,100260,100,,
2019-06-28 10:05:53.064574308,100094,218,99972,218,100104,214,99971,214,100112,214,99859,214,100132,100,99831,100,100164,200,99802,100,100187,100,99623,100,100227,100,99532,100,100243,100,99525,100,100260,100,,,100376,100,,
2019-06-28 10:06:00.000000000,100094,446,99972,446,100104,100,99971,100,100112,100,99859,100,100132,100,99831,100,100164,200,99802,100,100187,100,99623,100,100227,100,99532,100,100243,100,99525,100,100260,100,,,100376,100,,
2019-06-28 10:06:10.000000000,100094,169,99972,169,100104,169,99971,169,100112,169,99859,169,100132,169,99831,169,100164,269,99802,169,100187,100,99623,100,100227,100,99532,100,100243,100,99525,100,100260,100,,,100376,100,,
2019-06-28 10:06:20.000000000,100094,273,99972,273,100104,273,99971,273,100112,100,99859,100,100132,100,99831,100,100164,200,99802,100,100187,100,99623,100,100227,100,99532,100,100243,100,99525,100,100260,100,,,100376,100,,
2019-06-28 10:06:26.212430031,100094,273,99972,273,100104,273,99971,273,100112,100,99859,100,100132,100,99855,100,100164,200,99831,100,100187,100,99802,100,100227,100,99623,100,100243,100,99532,100,100260,100,99525,100,100376,100,,
2019-06-28 10:06:30.000000000,100094,218,99972,218,100104,214,99971,214,100112,214,99859,214,100132,100,99855,100,100164,200,99831,100,100187,100,99802,100,100227,100,99623,100,100243,100,99532,100,100260,100,99525,100,100376,100,,
2019-06-28 10:06:40.000000000,100094,446,99972,446,100104,100,99971,100,100112,100,99859,100,100132,100,99855,100,100164,200,99831,100,100187,100,99802,100,100227,100,99623,100,100243,100,99532,100,100260,100,99525,100,100376,100,,
