,ask_price_1,ask_size_1,bid_price_1,bid_size_1,ask_price_2,ask_size_2,bid_price_2,bid_size_2,ask_price_3,ask_size_3,bid_price_3,bid_size_3,ask_price_4,ask_size_4,bid_price_4,bid_size_4,ask_price_5,ask_size_5,bid_price_5,bid_size_5,ask_price_6,ask_size_6,bid_price_6,bid_size_6,ask_price_7,ask_size_7,bid_price_7,bid_size_7,ask_price_8,ask_size_8,bid_price_8,bid_size_8,ask_price_9,ask_size_9,bid_price_9,bid_size_9,ask_price_10,ask_size_10,bid_price_10,bid_size_10
2019-06-28 09:30:00.000000000,100036,100,,,,,,,,,,,,,,,,,,,,,,,,,,,,,,,,,,,,,,
2019-06-28 09:30:00.000000001,100036,100,99996,100,100109,100,99877,100,,,,,,,,,,,,,,,,,,,,,,,,,,,,,,,,
2019-06-28 09:30:00.000000002,100036,100,99877,100,100109,100,,,,,,,,,,,,,,,,,,,,,,,,,,,,,,,,,,
2019-06-28 09:30:00.000000004,100036,100,99977,100,100109,100,99877,100,,,,,,,,,,,,,,,,,,,,,,,,,,,,,,,,
2019-06-28 09:30:00.000000005,100036,100,100022,100,100109,100,100002,100,100229,100,99977,100,,,99936,100,,,99877,100,,,,,,,,,,,,,,,,,,,,
2019-06-28 09:30:00.000000007,100036,100,100022,100,100109,100,100002,100,100229,100,99977,100,,,99936,100,,,99906,100,,,99877,100,,,,,,,,,,,,,,,,
2019-06-28 09:30:00.000000009,100036,100,100022,100,100109,100,100002,100,100229,100,99977,100,,,99936,100,,,99906,100,,,99877,100,,,99827,100,,,,,,,,,,,,
2019-06-28 09:30:00.000000015,100036,100,100002,100,100109,100,99977,100,100229,100,99936,100,,,99906,100,,,99877,100,,,99831,100,,,99827,100,,,,,,,,,,,,
2019-06-28 09:30:00.000000016,100020,100,100002,100,100036,100,99977,100,100109,100,99936,100,100229,100,99906,100,,,99877,100,,,99831,100,,,99827,100,,,,,,,,,,,,
2019-06-28 09:30:00.000000018,100020,100,100002,100,100036,100,99977,100,100109,100,99936,100,100229,100,99906,100,,,99882,100,,,99877,100,,,99831,100,,,99827,100,,,,,,,,
2019-06-28 09:30:00.000000019,100005,100,100002,100,100020,100,99977,100,100036,100,99936,100,100109,100,99906,100,100229,100,99882,100,,,99877,100,,,99831,100,,,99827,100,,,,,,,,
2019-06-28 09:30:00.000000022,100005,100,99977,100,100020,100,99940,100,100036,100,99936,100,100109,100,99906,100,100229,100,99882,100,,,99877,100,,,99831,100,,,99827,100,,,,,,,,
2019-06-28 09:30:00.000000026,99988,100,99977,100,100002,100,99940,100,100005,100,99936,100,100019,100,99906,100,100020,100,99882,100,100036,100,99877,100,100109,100,99831,100,100229,100,99827,100,,,,,,,,
2019-06-28 09:30:00.000000028,99988,100,99977,100,100002,100,99940,100,100004,100,99936,100,100005,100,99906,100,100019,100,99882,100,100020,100,99877,100,100036,100,99831,100,100109,100,99827,100,100229,100,,,,,,
2019-06-28 09:30:00.000000032,100002,100,99977,100,100004,100,99940,100,100005,100,99936,100,100019,100,99906,100,100020,100,99882,100,100036,100,99877,100,100109,100,99831,100,100229,100,99827,100,,,,,,,,
2019-06-28 09:30:00.000000033,100004,100,99977,100,100005,100,99940,100,100019,100,99936,100,100020,100,99906,100,100036,100,99882,100,100109,100,99877,100,100229,100,99831,100,,,99827,100,,,,,,,,
2019-06-28 09:30:00.000000034,100004,100,99977,100,100005,100,99940,100,100019,100,99936,100,100020,100,99906,100,100036,100,99882,100,100096,100,99877,100,100109,100,99831,100,100229,100,99827,100,,,,,,,,
2019-06-28 09:30:00.000000040,100004,100,99977,100,100005,100,99940,100,100019,100,99936,100,100020,100,99906,100,100036,100,99882,100,100096,100,99877,100,100109,100,99831,100,100229,100,99827,100,,,99814,100,,,,
2019-06-28 09:30:00.000000045,100004,100,99977,100,100005,100,99940,100,100019,100,99936,100,100020,100,99906,100,100036,100,99882,100,100044,100,99877,100,100096,100,99831,100,100109,100,99827,100,100229,100,99814,100,,,,
2019-06-28 09:30:00.000000047,100004,100,99940,100,100005,100,99936,100,100019,100,99906,100,100020,100,99882,100,100036,100,99877,100,100044,100,99831,100,100096,100,99827,100,100109,100,99814,100,100110,100,,,100229,100,,
2019-06-28 09:30:00.000000048,100002,100,99981,100,100004,100,99940,100,100005,100,99936,100,100019,100,99906,100,100020,100,99882,100,100036,100,99877,100,100044,100,99831,100,100096,100,99827,100,100109,100,99814,100,100110,100,,
2019-06-28 09:30:00.000000050,100002,100,99981,100,100004,100,99940,100,100005,100,99936,100,100019,100,99906,100,100020,100,99882,100,100036,100,99877,100,100044,100,99831,100,100096,100,99827,100,100106,100,99814,100,100109,100,,
2019-06-28 09:30:00.000000055,100002,100,99981,100,100004,100,99940,100,100005,100,99936,100,100019,100,99906,100,100020,100,99882,100,100036,100,99877,100,100044,100,99831,100,100082,100,99827,100,100096,100,99814,100,100106,100,,
2019-06-28 09:30:00.000000058,100002,100,99981,100,100004,100,99940,100,100005,100,99936,100,100019,100,99925,100,100020,100,99906,100,100036,100,99882,100,100044,100,99877,100,100082,100,99831,100,100096,100,99827,100,100099,100,99814,100
2019-06-28 09:30:00.000000060,100002,100,99981,100,100004,100,99940,100,100005,100,99936,100,100019,100,99925,100,100020,100,99906,100,100036,100,99882,100,100044,100,99877,100,100048,100,99831,100,100082,100,99827,100,100096,100,99814,100
2019-06-28 09:30:00.000000061,100002,100,99985,100,100004,100,99981,100,100005,100,99940,100,100019,100,99936,100,100020,100,99925,100,100036,100,99906,100,100044,100,99882,100,100048,100,99877,100,100082,100,99831,100,100096,100,99827,100
2019-06-28 09:30:00.000000063,100002,200,99985,100,100004,100,99981,100,100005,100,99940,100,100019,100,99936,100,100020,100,99925,100,100036,100,99906,100,100044,100,99882,100,100048,100,99877,100,100082,100,99831,100,100096,100,99827,100
2019-06-28 09:30:00.000000064,99988,100,99985,100,100002,200,99981,100,100004,100,99940,100,100005,100,99936,100,100019,100,99925,100,100020,100,99906,100,100036,100,99882,100,100044,100,99877,100,100048,100,99831,100,100082,100,99827,100
2019-06-28 09:30:00.000000069,99988,100,99985,100,100002,200,99981,100,100004,100,99940,100,100005,100,99936,100,100019,100,99925,100,100020,100,99906,100,100036,100,99893,100,100044,100,99882,100,100048,100,99877,100,100082,100,99831,100
2019-06-28 09:30:00.000000073,100002,200,99985,100,100004,100,99981,100,100005,100,99940,100,100019,100,99936,100,100020,100,99925,100,100036,100,99906,100,100044,100,99893,100,100048,100,99882,100,100082,100,99877,100,100084,100,99831,100
2019-06-28 09:30:00.000000077,100002,200,99981,100,100004,100,99940,100,100005,100,99936,100,100019,100,99925,100,100020,100,99906,100,100036,100,99893,100,100044,100,99882,100,100048,100,99877,100,100082,100,99831,100,100084,100,99827,100
2019-06-28 09:30:00.000000078,100002,200,99981,100,100004,100,99973,100,100005,100,99940,100,100019,100,99936,100,100020,100,99925,100,100036,100,99906,100,100044,100,99893,100,100048,100,99882,100,100082,100,99877,100,100084,100,99831,100
2019-06-28 09:30:00.000000079,100002,200,99985,100,100004,100,99981,100,100005,100,99973,100,100019,100,99940,100,100020,100,99936,100,100036,100,99925,100,100044,100,99906,100,100048,100,99893,100,100082,100,99882,100,100084,100,99877,100
2019-06-28 09:30:00.000000082,100002,200,99985,100,100004,100,99981,100,100005,100,99973,100,100019,100,99940,100,100020,100,99936,100,100036,100,99925,100,100044,100,99919,100,100048,100,99906,100,100082,100,99893,100,100084,100,99882,100
2019-06-28 09:30:00.000000083,100002,200,99985,100,100004,200,99981,100,100005,100,99973,100,100019,100,99940,100,100020,100,99936,100,100036,100,99925,100,100044,100,99919,100,100048,100,99906,100,100082,100,99893,100,100084,100,99882,100
2019-06-28 09:30:00.000000085,100002,200,99985,100,100004,200,99981,100,100005,100,99973,100,100019,100,99940,100,100020,100,99936,100,100036,100,99925,100,100044,100,99919,100,100048,100,99906,100,100082,100,99893,100,100084,100,99882,100
2019-06-28 09:30:00.000000086,100002,200,99981,100,100004,200,99973,100,100005,100,99940,100,100019,100,99936,100,100020,100,99925,100,100036,100,99919,100,100044,100,99906,100,100048,100,99893,100,100082,100,99882,100,100084,100,99880,100
2019-06-28 09:30:00.000000087,100002,200,99981,100,100004,200,99973,100,100005,100,99940,100,100019,100,99936,100,100020,100,99925,100,100036,100,99919,100,100044,100,99906,100,100048,100,99893,100,100082,100,99885,100,100084,100,99882,100
2019-06-28 09:30:00.000000090,100002,100,99981,100,100004,200,99973,100,100005,100,99940,100,100019,100,99936,100,100020,100,99925,100,100036,100,99919,100,100044,100,99906,100,100048,100,99893,100,100082,100,99885,100,100084,100,99882,100
2019-06-28 09:30:00.000000092,100002,100,99981,100,100004,200,99973,100,100005,100,99967,100,100019,100,99940,100,100020,100,99936,100,100036,100,99925,100,100044,100,99919,100,100048,100,99906,100,100082,100,99893,100,100084,100,99885,100
2019-06-28 09:30:00.000000096,100004,200,99981,100,100005,100,99973,100,100019,100,99967,100,100020,100,99940,100,100036,100,99936,100,100044,100,99925,100,100048,100,99919,100,100082,100,99906,100,100084,100,99893,100,100094,100,99885,100
2019-06-28 09:30:00.000000097,100004,200,99981,100,100005,100,99973,100,100006,100,99967,100,100019,100,99940,100,100020,100,99936,100,100036,100,99925,100,100044,100,99919,100,100048,100,99906,100,100082,100,99893,100,100084,100,99885,100
2019-06-28 09:30:00.000000099,100004,200,99973,100,100005,100,99967,100,100006,100,99940,100,100019,100,99936,100,100020,100,99925,100,100036,100,99919,100,100044,100,99906,100,100048,100,99893,100,100082,100,99885,100,100084,100,99882,100
2019-06-28 09:30:09.779095189,100002,100,99973,100,100004,200,99967,100,100005,100,99940,100,100006,100,99936,100,100019,100,99925,100,100020,100,99919,100,100036,100,99906,100,100044,100,99893,100,100048,100,99885,100,100082,100,99882,100
2019-06-28 09:30:10.000000000,100002,504,99973,504,100004,200,99967,100,100005,100,99940,100,100006,100,99936,100,100019,100,99925,100,100020,100,99919,100,100036,100,99906,100,100044,100,99893,100,100048,100,99885,100,100082,100,99882,100
2019-06-28 09:30:10.213914469,100002,504,99995,100,100004,200,99973,504,100005,100,99967,100,100006,100,99940,100,100019,100,99936,100,100036,100,99925,100,100044,100,99919,100,100048,100,99906,100,100082,100,99893,100,100084,100,99885,100
2019-06-28 09:30:14.430289199,100002,504,99995,100,100004,200,99973,504,100005,100,99967,100,100006,100,99940,100,100019,100,99936,100,100036,100,99919,100,100044,100,99906,100,100048,100,99893,100,100074,100,99885,100,100082,100,99882,100
2019-06-28 09:30:16.820292702,100002,504,99995,100,100004,200,99973,504,100005,100,99967,100,100019,100,99940,100,100036,100,99936,100,100044,100,99919,100,100048,100,99906,100,100074,100,99893,100,100082,100,99885,100,100084,100,99882,100
2019-06-28 09:30:20.000000000,100002,237,99995,237,100004,333,99973,233,100005,233,99967,233,100019,100,99940,100,100036,100,99936,100,100044,100,99919,100,100048,100,99906,100,100074,100,99893,100,100082,100,99885,100,100084,100,99882,100
2019-06-28 09:30:30.000000000,100002,302,99995,302,100004,402,99973,302,100005,100,99967,100,100019,100,99940,100,100036,100,99936,100,100044,100,99919,100,100048,100,99906,100,100074,100,99893,100,100082,100,99885,100,100084,100,99882,100
2019-06-28 09:30:40.000000000,100002,237,99995,237,100004,333,99973,233,100005,233,99967,233,100019,100,99940,100,100036,100,99936,100,100044,100,99919,100,100048,100,99906,100,100074,100,99893,100,100082,100,99885,100,100084,100,99882,100
2019-06-28 09:30:50.000000000,100002,181,99995,181,100004,281,99973,181,100005,181,99967,181,100019,181,99940,181,100036,181,99936,181,100044,100,99919,100,100048,100,99906,100,100074,100,99893,100,100082,100,99885,100,100084,100,99882,100
2019-06-28 09:31:00.000000000,100002,201,99995,201,100004,301,99973,201,100005,201,99967,201,100019,201,99940,201,100036,100,99936,100,100044,100,99919,100,100048,100,99906,100,100074,100,99893,100,100082,100,99885,100,100084,100,99882,100
2019-06-28 09:31:05.572128722,100002,201,99995,201,100004,301,99973,201,100005,201,99967,201,100019,201,99940,201,100036,100,99936,100,100044,100,99919,100,100048,100,99906,100,100074,100,99893,100,100082,100,99882,100,100084,100,99880,100
2019-06-28 09:31:10.000000000,100002,504,99995,504,100004,200,99973,100,100005,100,99967,100,100019,100,99940,100,100036,100,99936,100,100044,100,99919,100,100048,100,99906,100,100074,100,99893,100,100082,100,99882,100,100084,100,99880,100
2019-06-28 09:31:16.478094602,100002,504,99995,504,100004,200,99973,100,100005,100,99967,100,100019,100,99940,100,100036,100,99936,100,100044,100,99919,100,100048,100,99893,100,100074,100,99882,100,100082,100,99880,100,100084,100,99877,100
2019-06-28 09:31:20.000000000,100002,181,99995,181,100004,281,99973,181,100005,181,99967,181,100019,181,99940,181,100036,181,99936,181,100044,100,99919,100,100048,100,99893,100,100074,100,99882,100,100082,100,99880,100,100084,100,99877,100
2019-06-28 09:31:25.027976377,100002,181,99995,181,100004,281,99973,181,100005,181,99967,181,100019,181,99940,181,100036,181,99936,181,100044,100,99919,100,100048,100,99893,100,100074,100,99882,100,100082,100,99880,100,100084,100,99877,100
2019-06-28 09:31:28.786667629,100002,181,99995,181,100004,281,99981,100,100005,181,99973,181,100019,181,99967,181,100036,181,99940,181,100044,100,99936,181,100048,100,99919,100,100074,100,99893,100,100082,100,99882,100,100084,100,99880,100
2019-06-28 09:31:30.000000000,100002,237,99995,237,100004,333,99981,233,100005,233,99973,233,100019,100,99967,100,100036,100,99940,100,100044,100,99936,100,100048,100,99919,100,100074,100,99893,100,100082,100,99882,100,100084,100,99880,100
2019-06-28 09:31:40.000000000,100002,302,99995,302,100004,402,99981,302,100005,100,99973,100,100019,100,99967,100,100036,100,99940,100,100044,100,99936,100,100048,100,99919,100,100074,100,99893,100,100082,100,99882,100,100084,100,99880,100
2019-06-28 09:31:50.000000000,100002,302,99995,302,100004,402,99981,302,100005,100,99973,100,100019,100,99967,100,100036,100,99940,100,100044,100,99936,100,100048,100,99919,100,100074,100,99893,100,100082,100,99882,100,100084,100,99880,100
2019-06-28 09:32:00.000000000,100002,237,99995,237,100004,333,99981,233,100005,233,99973,233,100019,100,99967,100,100036,100,99940,100,100044,100,99936,100,100048,100,99919,100,100074,100,99893,100,100082,100,99882,100,100084,100,99880,100
2019-06-28 09:32:05.109717345,100002,237,99995,237,100004,333,99981,233,100005,233,99973,233,100019,100,99967,100,100036,100,99940,100,100044,100,99936,100,100048,100,99919,100,100074,100,99893,100,100082,100,99882,100,100084,100,99880,100
2019-06-28 09:32:10.000000000,100002,237,99995,237,100004,333,99981,233,100005,233,99973,233,100019,100,99967,100,100036,100,99940,100,100044,100,99936,100,100048,100,99919,100,100074,100,99893,100,100082,100,99882,100,100084,100,99880,100
2019-06-28 09:32:18.766274095,100002,237,99995,237,100004,333,99981,233,100005,233,99973,233,100019,100,99967,100,100036,100,99940,100,100044,100,99936,100,100048,100,99919,100,100074,100,99893,100,100082,100,99882,100,100084,100,99880,100
2019-06-28 09:32:20.000000000,100002,237,99995,237,100004,333,99981,233,100005,233,99973,233,100019,100,99967,100,100036,100,99940,100,100044,100,99936,100,100048,100,99919,100,100074,100,99893,100,100082,100,99882,100,100084,100,99880,100
2019-06-28 09:32:22.150540466,100002,137,99995,237,100004,333,99981,233,100005,233,99973,233,100019,100,99967,100,100036,100,99940,100,100044,100,99936,100,100048,100,99919,100,100074,100,99893,100,100082,100,99882,100,100084,100,99880,100
2019-06-28 09:32:27.524965125,100002,137,99996,100,100004,333,99995,237,100005,233,99981,233,100019,100,99973,233,100036,100,99967,100,100044,100,99940,100,100048,100,99936,100,100074,100,99919,100,100082,100,99893,100,100084,100,99882,100
2019-06-28 09:32:30.000000000,100004,281,99996,181,100005,181,99995,181,100019,181,99981,181,100036,181,99973,181,100044,181,99967,181,100048,100,99940,100,100074,100,99936,100,100082,100,99919,100,100084,100,99893,100,100096,100,99882,100
2019-06-28 09:32:35.011542737,100004,281,99996,181,100005,181,99995,181,100019,181,99981,181,100036,181,99973,181,100044,181,99967,181,100048,100,99940,100,100074,100,99936,100,100082,100,99919,100,100096,100,99893,100,100099,100,99882,100
2019-06-28 09:32:35.659124367,100004,281,99996,181,100005,181,99995,181,100019,181,99981,181,100036,181,99973,181,100044,181,99967,181,100048,100,99940,100,100074,100,99936,100,100082,100,99919,100,100096,100,99893,100,100099,100,99882,100
2019-06-28 09:32:38.103811000,100004,281,99996,181,100005,181,99995,181,100019,181,99981,181,100036,181,99973,181,100044,181,99967,181,100048,100,99940,100,100074,100,99936,100,100082,100,99919,100,100096,100,99893,100,100099,100,99882,100
2019-06-28 09:32:40.000000000,100004,301,99996,201,100005,201,99995,201,100019,201,99981,201,100036,201,99973,201,100044,100,99967,100,100048,100,99940,100,100074,100,99936,100,100082,100,99919,100,100096,100,99893,100,100099,100,99882,100
2019-06-28 09:32:50.000000000,100004,604,99996,504,100005,100,99995,100,100019,100,99981,100,100036,100,99973,100,100044,100,99967,100,100048,100,99940,100,100074,100,99936,100,100082,100,99919,100,100096,100,99893,100,100099,100,99882,100
2019-06-28 09:32:55.055718738,100004,604,99996,504,100005,100,99995,100,100019,100,99981,100,100036,100,99973,100,100044,100,99967,100,100048,100,99940,100,100074,100,99936,100,100082,100,99919,100,100096,100,99893,100,100099,100,99882,100
2019-06-28 09:32:57.622486313,100004,604,99996,504,100005,100,99995,100,100019,100,99981,100,100036,100,99973,100,100044,100,99967,100,100048,100,99940,100,100082,100,99936,100,100096,100,99919,100,100099,100,99893,100,100106,100,99882,100
2019-06-28 09:33:00.000000000,100004,402,99996,302,100005,302,99995,302,100019,100,99981,100,100036,100,99973,100,100044,100,99967,100,100048,100,99940,100,100082,100,99936,100,100096,100,99919,100,100099,100,99893,100,100106,100,99882,100
2019-06-28 09:33:07.120587154,100004,402,99996,302,100005,302,99995,302,100019,100,99981,100,100036,100,99973,100,100044,100,99967,100,100048,100,99940,100,100082,100,99936,100,100096,100,99919,100,100099,100,99893,100,100106,100,99882,100
2019-06-28 09:33:07.308255585,100004,402,99996,302,100005,302,99995,302,100019,100,99981,100,100036,100,99973,100,100044,100,99967,100,100048,100,99940,100,100082,100,99936,100,100096,100,99919,100,100099,100,99893,100,100106,100,99882,100
2019-06-28 09:33:08.625776580,100004,402,99996,302,100005,302,99995,302,100019,100,99981,100,100036,100,99973,100,100044,100,99967,100,100048,100,99940,100,100082,100,99936,100,100096,100,99919,100,100099,100,99893,100,100106,100,99882,100
2019-06-28 09:33:10.000000000,100004,337,99996,237,100005,233,99995,233,100019,233,99981,233,100036,100,99973,100,100044,100,99967,100,100048,100,99940,100,100082,100,99936,100,100096,100,99919,100,100099,100,99893,100,100106,100,99882,100
2019-06-28 09:33:20.000000000,100004,281,99996,181,100005,181,99995,181,100019,181,99981,181,100036,181,99973,181,100044,181,99967,181,100048,100,99940,100,100082,100,99936,100,100096,100,99919,100,100099,100,99893,100,100106,100,99882,100
2019-06-28 09:33:30.000000000,100004,402,99996,302,100005,302,99995,302,100019,100,99981,100,100036,100,99973,100,100044,100,99967,100,100048,100,99940,100,100082,100,99936,100,100096,100,99919,100,100099,100,99893,100,100106,100,99882,100
2019-06-28 09:33:33.036607390,100004,402,99996,302,100005,302,99995,302,100019,100,99981,100,100036,100,99973,100,100044,100,99967,100,100048,100,99940,100,100082,100,99936,100,100096,100,99919,100,100099,100,99893,100,100106,100,99882,100
2019-06-28 09:33:38.566716307,100004,402,99996,302,100005,302,99995,302,100019,100,99981,100,100036,100,99973,100,100044,100,99967,100,100048,100,99940,100,100082,100,99936,100,100096,100,99919,100,100099,100,99893,100,100106,100,99882,100
2019-06-28 09:33:40.000000000,100004,337,99996,237,100005,233,99995,233,100019,233,99981,233,100036,100,99973,100,100044,100,99967,100,100048,100,99940,100,100082,100,99936,100,100096,100,99919,100,100099,100,99893,100,100106,100,99882,100
2019-06-28 09:33:43.582766147,100004,237,99996,237,100005,233,99995,233,100019,233,99981,233,100036,100,99973,100,100044,100,99967,100,100048,100,99940,100,100082,100,99936,100,100096,100,99893,100,100099,100,99882,100,100106,100,99880,100
2019-06-28 09:33:48.678825874,100004,237,99996,237,100005,233,99995,233,100019,233,99981,233,100036,100,99973,100,100044,100,99967,100,100048,100,99940,100,100082,100,99936,100,100096,100,99893,100,100099,100,99882,100,100106,100,99880,100
2019-06-28 09:33:50.000000000,100004,504,99996,504,100005,100,99995,100,100019,100,99981,100,100036,100,99973,100,100044,100,99967,100,100048,100,99940,100,100082,100,99936,100,100096,100,99893,100,100099,100,99882,100,100106,100,99880,100
2019-06-28 09:33:50.096714954,100004,404,99996,504,100005,100,99995,100,100019,100,99981,100,100036,100,99973,100,100044,100,99967,100,100048,100,99940,100,100082,100,99936,100,100096,100,99893,100,100099,100,99882,100,100106,100,99880,100
2019-06-28 09:34:00.000000000,100005,181,99996,181,100019,181,99995,181,100036,181,99981,181,100044,181,99973,181,100048,181,99967,181,100082,100,99940,100,100096,100,99936,100,100099,100,99893,100,100106,100,99882,100,100109,100,99880,100
2019-06-28 09:34:09.115816328,100005,81,99996,181,100019,181,99995,181,100036,181,99981,181,100044,181,99973,181,100048,81,99967,181,100082,100,99940,100,100096,100,99936,100,100099,100,99893,100,100106,100,99882,100,100109,100,99880,100
2019-06-28 09:34:10.000000000,100019,302,99996,302,100036,302,99995,302,100044,100,99981,100,100082,100,99973,100,100096,100,99967,100,100099,100,99940,100,100106,100,99936,100,100109,100,99893,100,100110,100,99882,100,100229,200,99880,100
2019-06-28 09:34:20.000000000,100019,302,99996,302,100036,302,99995,302,100044,100,99981,100,100082,100,99973,100,100096,100,99967,100,100099,100,99940,100,100106,100,99936,100,100109,100,99893,100,100110,100,99882,100,100229,200,99880,100
2019-06-28 09:34:27.619837017,100019,302,100004,100,100036,302,99996,302,100044,100,99995,302,100082,100,99981,100,100096,100,99973,100,100099,100,99967,100,100106,100,99940,100,100109,100,99936,100,100110,100,99893,100,100229,200,99882,100
2019-06-28 09:34:30.000000000,100019,181,100004,181,100036,181,99996,181,100044,181,99995,181,100082,181,99981,181,100096,181,99973,181,100099,100,99967,100,100106,100,99940,100,100109,100,99936,100,100110,100,99893,100,100229,200,99882,100
2019-06-28 09:34:40.000000000,100019,237,100004,237,100036,233,99996,233,100044,233,99995,233,100082,100,99981,100,100096,100,99973,100,100099,100,99967,100,100106,100,99940,100,100109,100,99936,100,100110,100,99893,100,100229,200,99882,100
2019-06-28 09:34:45.883589036,100019,237,100004,237,100036,233,99996,233,100044,233,99995,233,100082,100,99981,100,100096,100,99973,100,100099,100,99967,100,100106,100,99944,100,100109,100,99940,100,100110,100,99936,100,100229,200,99893,100
2019-06-28 09:34:50.000000000,100019,504,100004,504,100036,100,99996,100,100044,100,99995,100,100082,100,99981,100,100096,100,99973,100,100099,100,99967,100,100106,100,99944,100,100109,100,99940,100,100110,100,99936,100,100229,200,99893,100
2019-06-28 09:35:00.000000000,100019,181,100004,181,100036,181,99996,181,100044,181,99995,181,100082,181,99981,181,100096,181,99973,181,100099,100,99967,100,100106,100,99944,100,100109,100,99940,100,100110,100,99936,100,100229,200,99893,100
2019-06-28 09:35:01.830425219,100019,81,100004,181,100036,181,99996,181,100044,181,99995,181,100082,181,99981,181,100096,181,99973,181,100099,100,99967,100,100106,100,99944,100,100109,100,99940,100,100110,100,99936,100,100229,200,99882,100
2019-06-28 09:35:10.000000000,100036,201,100004,201,100044,201,99996,201,100082,201,99995,201,100096,201,99981,201,100099,100,99973,100,100106,100,99967,100,100109,100,99944,100,100110,100,99940,100,100229,200,99936,100,100355,100,99882,100
2019-06-28 09:35:20.000000000,100036,181,100004,181,100044,181,99996,181,100082,181,99995,181,100096,181,99981,181,100099,181,99973,181,100106,100,99967,100,100109,100,99944,100,100110,100,99940,100,100229,200,99936,100,100355,100,99882,100
2019-06-28 09:35:21.816640751,100036,181,100004,181,100044,181,99996,181,100082,181,99995,181,100096,181,99981,181,100099,181,99973,181,100106,100,99967,100,100109,200,99944,100,100110,100,99940,100,100229,200,99936,100,100355,100,99882,100
2019-06-28 09:35:27.777556913,100036,181,100004,181,100044,181,99996,181,100082,181,99995,181,100096,181,99993,100,100099,181,99981,181,100106,100,99973,181,100109,200,99967,100,100110,100,99944,100,100229,200,99940,100,100355,100,99936,100
2019-06-28 09:35:28.622757988,100036,181,100004,181,100044,181,99996,181,100082,181,99995,181,100096,181,99993,100,100099,181,99981,181,100106,100,99973,181,100109,200,99967,100,100110,100,99944,100,100229,200,99940,100,100355,100,99936,100
2019-06-28 09:35:30.000000000,100036,181,100004,181,100044,181,99996,181,100082,181,99995,181,100096,181,99993,181,100099,181,99981,181,100106,100,99973,100,100109,200,99967,100,100110,100,99944,100,100229,200,99940,100,100355,100,99936,100
2019-06-28 09:35:40.000000000,100036,302,100004,302,100044,302,99996,302,100082,100,99995,100,100096,100,99993,100,100099,100,99981,100,100106,100,99973,100,100109,200,99967,100,100110,100,99944,100,100229,200,99940,100,100355,100,99936,100
2019-06-28 09:35:50.000000000,100036,237,100004,237,100044,233,99996,233,100082,233,99995,233,100096,100,99993,100,100099,100,99981,100,100106,100,99973,100,100109,200,99967,100,100110,100,99944,100,100229,200,99940,100,100355,100,99936,100
2019-06-28 09:35:52.763164920,100036,237,100004,137,100044,233,99996,233,100082,233,99995,233,100096,100,99993,100,100099,100,99981,100,100106,100,99973,100,100109,200,99967,100,100110,100,99944,100,100229,200,99940,100,100355,100,99936,100
2019-06-28 09:35:53.071846180,100036,137,100004,37,100044,233,99996,233,100082,233,99995,233,100096,100,99993,100,100099,100,99981,100,100106,100,99973,100,100109,200,99967,100,100110,100,99944,100,100229,200,99940,100,100355,100,99936,100
2019-06-28 09:36:00.000000000,100044,302,99996,302,100082,302,99995,302,100096,100,99993,100,100099,100,99981,100,100106,100,99973,100,100109,200,99967,100,100110,100,99944,100,100229,200,99940,100,100355,100,99936,100,100401,100,99925,100
2019-06-28 09:36:09.680463190,100044,302,99996,202,100082,302,99995,302,100096,100,99993,100,100099,100,99981,100,100106,100,99973,100,100109,200,99967,100,100110,100,99944,100,100229,200,99940,100,100355,100,99936,100,100401,100,99925,100
2019-06-28 09:36:10.000000000,100044,504,99995,504,100082,100,99993,100,100096,100,99981,100,100099,100,99973,100,100106,100,99967,100,100109,200,99944,100,100110,100,99940,100,100229,200,99936,100,100355,100,99925,100,100401,100,99882,100
2019-06-28 09:36:20.000000000,100044,237,99995,237,100082,233,99993,233,100096,233,99981,233,100099,100,99973,100,100106,100,99967,100,100109,200,99944,100,100110,100,99940,100,100229,200,99936,100,100355,100,99925,100,100401,100,99882,100
2019-06-28 09:36:22.761178449,100044,237,99995,237,100082,233,99993,233,100096,233,99981,233,100099,100,99973,100,100106,100,99967,100,100109,200,99944,100,100110,100,99936,100,100229,200,99925,100,100355,100,99882,100,100401,100,99880,100
2019-06-28 09:36:26.459124294,100044,237,99995,237,100082,233,99993,233,100096,233,99981,233,100099,100,99973,100,100106,100,99967,100,100109,200,99944,100,100110,100,99925,100,100229,200,99882,100,100355,100,99880,100,100401,100,99877,100
2019-06-28 09:36:30.000000000,100044,181,99995,181,100082,181,99993,181,100096,181,99981,181,100099,181,99973,181,100106,181,99967,181,100109,200,99944,100,100110,100,99925,100,100229,200,99882,100,100355,100,99880,100,100401,100,99877,100
2019-06-28 09:36:40.000000000,100044,201,99995,201,100082,201,99993,201,100096,201,99981,201,100099,201,99973,201,100106,100,99967,100,100109,200,99944,100,100110,100,99925,100,100229,200,99882,100,100355,100,99880,100,100401,100,99877,100
2019-06-28 09:36:50.000000000,100044,181,99995,181,100082,181,99993,181,100096,181,99981,181,100099,181,99973,181,100106,181,99967,181,100109,200,99944,100,100110,100,99925,100,100229,200,99882,100,100355,100,99880,100,100401,100,99877,100
2019-06-28 09:37:00.000000000,100044,504,99995,504,100082,100,99993,100,100096,100,99981,100,100099,100,99973,100,100106,100,99967,100,100109,200,99944,100,100110,100,99925,100,100229,200,99882,100,100355,100,99880,100,100401,100,99877,100
2019-06-28 09:37:03.179565904,100044,504,99997,100,100082,100,99995,504,100096,100,99993,100,100099,100,99981,100,100106,100,99973,100,100109,200,99967,100,100110,100,99944,100,100229,200,99925,100,100355,100,99882,100,100401,100,99880,100
2019-06-28 09:37:08.238057977,100044,504,99997,100,100082,100,99995,504,100096,100,99993,100,100099,100,99981,100,100106,100,99973,100,100109,200,99967,100,100110,100,99944,100,100130,100,99925,100,100229,200,99882,100,100355,100,99880,100
2019-06-28 09:37:10.000000000,100044,181,99997,181,100082,181,99995,181,100096,181,99993,181,100099,181,99981,181,100106,181,99973,181,100109,200,99967,100,100110,100,99944,100,100130,100,99925,100,100229,200,99882,100,100355,100,99880,100
2019-06-28 09:37:14.238915212,100044,181,99997,281,100082,181,99995,181,100096,181,99993,181,100099,181,99981,181,100106,181,99973,181,100109,200,99967,100,100110,100,99944,100,100130,100,99925,100,100229,200,99882,100,100355,100,99880,100
2019-06-28 09:37:20.000000000,100044,504,99997,604,100082,100,99995,100,100096,100,99993,100,100099,100,99981,100,100106,100,99973,100,100109,200,99967,100,100110,100,99944,100,100130,100,99925,100,100229,200,99882,100,100355,100,99880,100
2019-06-28 09:37:21.706221303,100044,504,99997,704,100082,100,99995,100,100096,100,99993,100,100099,100,99981,100,100106,100,99973,100,100109,200,99967,100,100110,100,99944,100,100130,100,99925,100,100229,200,99882,100,100355,100,99880,100
2019-06-28 09:37:24.884446406,100044,404,99997,704,100082,100,99995,100,100096,100,99993,100,100099,100,99981,100,100106,100,99973,100,100109,200,99967,100,100110,100,99944,100,100130,100,99925,100,100229,200,99882,100,100355,100,99880,100
2019-06-28 09:37:30.000000000,100082,504,99997,704,100096,100,99995,100,100099,100,99993,100,100106,100,99981,100,100109,200,99973,100,100110,100,99967,100,100130,100,99944,100,100229,200,99925,100,100355,100,99882,100,100401,100,99880,100
2019-06-28 09:37:38.131389057,100082,504,99997,704,100096,100,99995,100,100099,100,99981,100,100106,100,99973,100,100109,200,99967,100,100110,100,99944,100,100130,100,99925,100,100229,200,99882,100,100355,100,99880,100,100401,100,99877,100
2019-06-28 09:37:40.000000000,100082,302,99997,502,100096,302,99995,302,100099,100,99981,100,100106,100,99973,100,100109,200,99967,100,100110,100,99944,100,100130,100,99925,100,100229,200,99882,100,100355,100,99880,100,100401,100,99877,100
2019-06-28 09:37:42.609984898,100082,302,99997,502,100096,302,99995,302,100099,100,99981,100,100106,100,99973,100,100109,200,99967,100,100110,100,99944,100,100130,100,99925,100,100229,200,99882,100,100251,100,99880,100,100355,100,99877,100
2019-06-28 09:37:50.000000000,100082,504,99997,704,100096,100,99995,100,100099,100,99981,100,100106,100,99973,100,100109,200,99967,100,100110,100,99944,100,100130,100,99925,100,100229,200,99882,100,100251,100,99880,100,100355,100,99877,100
2019-06-28 09:38:00.000000000,100082,504,99997,704,100096,100,99995,100,100099,100,99981,100,100106,100,99973,100,100109,200,99967,100,100110,100,99944,100,100130,100,99925,100,100229,200,99882,100,100251,100,99880,100,100355,100,99877,100
2019-06-28 09:38:10.000000000,100082,181,99997,381,100096,181,99995,181,100099,181,99981,181,100106,181,99973,181,100109,281,99967,181,100110,100,99944,100,100130,100,99925,100,100229,200,99882,100,100251,100,99880,100,100355,100,99877,100
2019-06-28 09:38:20.000000000,100082,302,99997,502,100096,302,99995,302,100099,100,99981,100,100106,100,99973,100,100109,200,99967,100,100110,100,99944,100,100130,100,99925,100,100229,200,99882,100,100251,100,99880,100,100355,100,99877,100
2019-06-28 09:38:30.000000000,100082,302,99997,502,100096,302,99995,302,100099,100,99981,100,100106,100,99973,100,100109,200,99967,100,100110,100,99944,100,100130,100,99925,100,100229,200,99882,100,100251,100,99880,100,100355,100,99877,100
2019-06-28 09:38:40.000000000,100082,181,99997,381,100096,181,99995,181,100099,181,99981,181,100106,181,99973,181,100109,281,99967,181,100110,100,99944,100,100130,100,99925,100,100229,200,99882,100,100251,100,99880,100,100355,100,99877,100
2019-06-28 09:38:41.472565762,100082,181,99997,281,100096,181,99995,181,100099,181,99981,181,100106,181,99973,181,100109,281,99967,181,100110,100,99944,100,100130,100,99925,100,100229,200,99882,100,100251,100,99880,100,100355,100,99877,100
2019-06-28 09:38:50.000000000,100082,504,99997,604,100096,100,99995,100,100099,100,99981,100,100106,100,99973,100,100109,200,99967,100,100110,100,99944,100,100130,100,99925,100,100229,200,99882,100,100251,100,99880,100,100355,100,99877,100
2019-06-28 09:39:00.000000000,100082,302,99997,402,100096,302,99995,302,100099,100,99981,100,100106,100,99973,100,100109,200,99967,100,100110,100,99944,100,100130,100,99925,100,100229,200,99882,100,100251,100,99880,100,100355,100,99877,100
2019-06-28 09:39:02.756169177,100043,100,99997,402,100082,302,99995,302,100096,302,99981,100,100099,100,99973,100,100106,100,99967,100,100109,200,99944,100,100110,100,99925,100,100130,100,99882,100,100229,200,99880,100,100251,100,99877,100
2019-06-28 09:39:03.018722525,100043,100,99997,402,100082,302,99995,302,100096,302,99981,100,100099,100,99973,100,100106,100,99967,100,100109,200,99944,100,100110,100,99925,100,100229,200,99882,100,100251,100,99880,100,100355,100,99877,100
2019-06-28 09:39:07.861597251,100043,100,99997,302,100082,302,99995,302,100096,302,99981,100,100099,100,99973,100,100106,100,99967,100,100109,200,99944,100,100110,100,99925,100,100229,200,99882,100,100251,100,99880,100,100355,100,99877,100
2019-06-28 09:39:10.000000000,100043,201,99997,201,100082,201,99995,201,100096,201,99981,201,100099,201,99973,201,100106,100,99967,100,100109,200,99944,100,100110,100,99925,100,100229,200,99882,100,100251,100,99880,100,100355,100,99877,100
2019-06-28 09:39:12.758517902,100043,201,99997,101,100082,201,99995,201,100096,201,99981,201,100099,201,99973,201,100106,100,99967,100,100109,200,99944,100,100110,100,99925,100,100229,200,99882,100,100251,100,99880,100,100355,100,99877,100
2019-06-28 09:39:19.420214785,100043,201,99997,1,100082,201,99995,201,100096,201,99981,201,100099,201,99973,201,100106,100,99967,100,100109,200,99944,100,100110,100,99925,100,100229,200,99882,100,100251,100,99880,100,100355,100,99877,100
2019-06-28 09:39:20.000000000,100043,237,99995,237,100082,233,99981,233,100096,233,99973,233,100099,100,99967,100,100106,100,99944,100,100109,200,99925,100,100110,100,99882,100,100229,200,99880,100,100251,100,99877,100,100355,100,99830,100
2019-06-28 09:39:27.273645878,99997,100,99995,237,100043,237,99981,233,100082,233,99973,233,100096,233,99967,100,100099,100,99944,100,100106,100,99925,100,100109,100,99882,100,100110,100,99880,100,100229,200,99877,100,100251,100,99830,100
2019-06-28 09:39:30.000000000,99997,201,99995,201,100043,201,99981,201,100082,201,99973,201,100096,201,99967,201,100099,100,99944,100,100106,100,99925,100,100109,100,99882,100,100110,100,99880,100,100229,200,99877,100,100251,100,99830,100
2019-06-28 09:39:38.134617301,99997,201,99995,1,100043,201,99981,201,100082,201,99973,201,100096,201,99967,201,100099,100,99944,100,100106,100,99925,100,100109,100,99882,100,100110,100,99880,100,100229,200,99877,100,100251,100,99830,100
2019-06-28 09:39:40.000000000,99997,201,99981,201,100043,201,99973,201,100082,201,99967,201,100096,201,99944,201,100099,100,99925,100,100106,100,99882,100,100109,100,99880,100,100110,100,99877,100,100229,200,99830,100,100251,100,99814,100
2019-06-28 09:39:50.000000000,99997,302,99981,302,100043,302,99973,302,100082,100,99967,100,100096,100,99944,100,100099,100,99925,100,100106,100,99882,100,100109,100,99880,100,100110,100,99877,100,100229,200,99830,100,100251,100,99814,100
2019-06-28 09:39:51.036438366,99997,302,99981,302,100043,302,99973,302,100082,100,99967,100,100096,100,99944,100,100099,100,99925,100,100106,100,99882,100,100109,100,99880,100,100110,100,99877,100,100229,200,99830,100,100251,100,99814,100
2019-06-28 09:39:57.138245910,99997,302,99981,302,100043,302,99973,302,100082,100,99967,100,100096,100,99944,100,100099,100,99925,100,100106,100,99882,100,100109,100,99880,100,100110,100,99877,100,100229,200,99830,100,100251,100,99814,100
2019-06-28 09:39:57.311324867,99997,302,99981,202,100043,302,99973,302,100082,100,99967,100,100096,100,99944,100,100099,100,99925,100,100106,100,99882,100,100109,100,99880,100,100110,100,99877,100,100229,100,99830,100,100251,100,99814,100
2019-06-28 09:39:57.775959265,99997,302,99981,202,100043,302,99973,302,100082,100,99967,100,100096,100,99944,100,100099,100,99925,100,100106,100,99882,100,100109,100,99880,100,100110,100,99877,100,100229,100,99830,100,100251,100,99814,100
2019-06-28 09:40:00.000000000,99997,504,99973,504,100043,100,99967,100,100082,100,99944,100,100096,100,99925,100,100099,100,99882,100,100106,100,99880,100,100109,100,99877,100,100110,100,99830,100,100229,100,99814,100,100251,100,99593,100
2019-06-28 09:40:07.566286544,99995,100,99973,504,99997,504,99967,100,100082,100,99944,100,100096,100,99925,100,100099,100,99882,100,100106,100,99880,100,100109,100,99877,100,100110,100,99830,100,100229,100,99814,100,100251,100,99593,100
2019-06-28 09:40:10.000000000,99995,201,99973,201,99997,201,99967,201,100082,201,99944,201,100096,201,99925,201,100099,100,99882,100,100106,100,99880,100,100109,100,99877,100,100110,100,99830,100,100229,100,99814,100,100251,100,99593,100
2019-06-28 09:40:20.000000000,99995,181,99973,181,99997,181,99967,181,100082,181,99944,181,100096,181,99925,181,100099,181,99882,181,100106,100,99880,100,100109,100,99877,100,100110,100,99830,100,100229,100,99814,100,100251,100,99593,100
2019-06-28 09:40:30.000000000,99995,201,99973,201,99997,201,99967,201,100082,201,99944,201,100096,201,99925,201,100099,100,99882,100,100106,100,99880,100,100109,100,99877,100,100110,100,99830,100,100229,100,99814,100,100251,100,99593,100
2019-06-28 09:40:33.938214418,99995,301,99973,201,99997,201,99967,201,100082,201,99944,201,100096,201,99925,201,100099,100,99882,100,100106,100,99880,100,100109,100,99877,100,100110,100,99830,100,100229,100,99814,100,100251,100,99593,100
2019-06-28 09:40:40.000000000,99995,604,99973,504,99997,100,99967,100,100082,100,99944,100,100096,100,99925,100,100099,100,99882,100,100106,100,99880,100,100109,100,99877,100,100110,100,99830,100,100229,100,99814,100,100251,100,99593,100
2019-06-28 09:40:50.000000000,99995,301,99973,201,99997,201,99967,201,100082,201,99944,201,100096,201,99925,201,100099,100,99882,100,100106,100,99880,100,100109,100,99877,100,100110,100,99830,100,100229,100,99814,100,100251,100,99593,100
2019-06-28 09:40:59.820534305,99995,201,99973,201,99997,201,99967,201,100082,201,99944,201,100096,201,99925,201,100099,100,99882,100,100106,100,99880,100,100109,100,99877,100,100110,100,99830,100,100229,100,99814,100,100251,100,99593,100
2019-06-28 09:41:00.000000000,99995,237,99973,237,99997,233,99967,233,100082,233,99944,233,100096,100,99925,100,100099,100,99882,100,100106,100,99880,100,100109,100,99877,100,100110,100,99830,100,100229,100,99814,100,100251,100,99593,100
2019-06-28 09:41:10.000000000,99995,302,99973,302,99997,302,99967,302,100082,100,99944,100,100096,100,99925,100,100099,100,99882,100,100106,100,99880,100,100109,100,99877,100,100110,100,99830,100,100229,100,99814,100,100251,100,99593,100
2019-06-28 09:41:20.000000000,99995,181,99973,181,99997,181,99967,181,100082,181,99944,181,100096,181,99925,181,100099,181,99882,181,100106,100,99880,100,100109,100,99877,100,100110,100,99830,100,100229,100,99814,100,100251,100,99593,100
2019-06-28 09:41:26.667533450,99995,181,99982,100,99997,181,99973,181,100082,181,99967,181,100096,181,99944,181,100099,181,99925,181,100106,100,99882,181,100109,100,99880,100,100110,100,99877,100,100229,100,99830,100,100251,100,99814,100
2019-06-28 09:41:30.000000000,99995,504,99982,504,99997,100,99973,100,100082,100,99967,100,100096,100,99944,100,100099,100,99925,100,100106,100,99882,100,100109,100,99880,100,100110,100,99877,100,100229,100,99830,100,100251,100,99814,100
2019-06-28 09:41:40.000000000,99995,302,99982,302,99997,302,99973,302,100082,100,99967,100,100096,100,99944,100,100099,100,99925,100,100106,100,99882,100,100109,100,99880,100,100110,100,99877,100,100229,100,99830,100,100251,100,99814,100
2019-06-28 09:41:50.000000000,99995,504,99982,504,99997,100,99973,100,100082,100,99967,100,100096,100,99944,100,100099,100,99925,100,100106,100,99882,100,100109,100,99880,100,100110,100,99877,100,100229,100,99830,100,100251,100,99814,100
2019-06-28 09:42:00.000000000,99995,181,99982,181,99997,181,99973,181,100082,181,99967,181,100096,181,99944,181,100099,181,99925,181,100106,100,99882,100,100109,100,99880,100,100110,100,99877,100,100229,100,99830,100,100251,100,99814,100
2019-06-28 09:42:02.621283367,99995,181,99982,181,99997,181,99973,181,100082,181,99967,181,100096,181,99944,181,100099,181,99925,181,100106,100,99882,100,100109,100,99880,100,100229,100,99877,100,100251,100,99830,100,100355,100,99814,100
2019-06-28 09:42:10.000000000,99995,504,99982,504,99997,100,99973,100,100082,100,99967,100,100096,100,99944,100,100099,100,99925,100,100106,100,99882,100,100109,100,99880,100,100229,100,99877,100,100251,100,99830,100,100355,100,99814,100
2019-06-28 09:42:20.000000000,99995,237,99982,237,99997,233,99973,233,100082,233,99967,233,100096,100,99944,100,100099,100,99925,100,100106,100,99882,100,100109,100,99880,100,100229,100,99877,100,100251,100,99830,100,100355,100,99814,100
2019-06-28 09:42:30.000000000,99995,302,99982,302,99997,302,99973,302,100082,100,99967,100,100096,100,99944,100,100099,100,99925,100,100106,100,99882,100,100109,100,99880,100,100229,100,99877,100,100251,100,99830,100,100355,100,99814,100
2019-06-28 09:42:32.356412895,99995,302,99982,302,99997,302,99973,302,100082,100,99967,100,100096,100,99944,100,100099,100,99925,100,100106,100,99882,100,100109,100,99880,100,100187,100,99877,100,100229,100,99830,100,100251,100,99814,100
2019-06-28 09:42:40.000000000,99995,181,99982,181,99997,181,99973,181,100082,181,99967,181,100096,181,99944,181,100099,181,99925,181,100106,100,99882,100,100109,100,99880,100,100187,100,99877,100,100229,100,99830,100,100251,100,99814,100
2019-06-28 09:42:50.000000000,99995,237,99982,237,99997,233,99973,233,100082,233,99967,233,100096,100,99944,100,100099,100,99925,100,100106,100,99882,100,100109,100,99880,100,100187,100,99877,100,100229,100,99830,100,100251,100,99814,100
2019-06-28 09:42:52.379191567,99995,237,99982,337,99997,233,99973,233,100082,233,99967,233,100096,100,99944,100,100099,100,99925,100,100106,100,99882,100,100109,100,99880,100,100187,100,99877,100,100229,100,99830,100,100251,100,99814,100
2019-06-28 09:43:00.000000000,99995,181,99982,281,99997,181,99973,181,100082,181,99967,181,100096,181,99944,181,100099,181,99925,181,100106,100,99882,100,100109,100,99880,100,100187,100,99877,100,100229,100,99830,100,100251,100,99814,100
2019-06-28 09:43:08.160547274,99995,81,99982,281,99997,181,99973,181,100082,181,99967,181,100096,81,99944,181,100099,181,99925,181,100106,100,99882,100,100109,100,99880,100,100187,100,99877,100,100229,100,99830,100,100251,100,99814,100
2019-06-28 09:43:10.000000000,99997,237,99982,337,100082,233,99973,233,100099,233,99967,233,100106,100,99944,100,100109,100,99925,100,100187,100,99882,100,100229,100,99880,100,100251,100,99877,100,100355,100,99830,100,100401,100,99814,100
2019-06-28 09:43:20.000000000,99997,181,99982,281,100082,181,99973,181,100099,181,99967,181,100106,181,99944,181,100109,181,99925,181,100187,100,99882,100,100229,100,99880,100,100251,100,99877,100,100355,100,99830,100,100401,100,99814,100
2019-06-28 09:43:30.000000000,99997,201,99982,301,100082,201,99973,201,100099,201,99967,201,100106,201,99944,201,100109,100,99925,100,100187,100,99882,100,100229,100,99880,100,100251,100,99877,100,100355,100,99830,100,100401,100,99814,100
2019-06-28 09:43:40.000000000,99997,201,99982,301,100082,201,99973,201,100099,201,99967,201,100106,201,99944,201,100109,100,99925,100,100187,100,99882,100,100229,100,99880,100,100251,100,99877,100,100355,100,99830,100,100401,100,99814,100
2019-06-28 09:43:44.067039211,99997,101,99995,100,100082,201,99982,301,100099,201,99973,201,100106,201,99967,201,100109,100,99944,201,100187,100,99925,100,100229,100,99882,100,100251,100,99880,100,100355,100,99877,100,100401,100,99830,100
2019-06-28 09:43:50.000000000,100082,237,99995,237,100099,233,99982,333,100106,233,99973,233,100109,100,99967,100,100187,100,99944,100,100229,100,99925,100,100251,100,99882,100,100355,100,99880,100,100401,100,99877,100,100460,100,99830,100
2019-06-28 09:43:50.614556341,100082,237,99995,237,100099,233,99982,333,100106,233,99973,233,100109,100,99967,100,100187,100,99944,100,100229,100,99925,100,100251,100,99882,100,100355,100,99880,100,100401,100,99877,100,100460,100,99874,100
2019-06-28 09:43:58.614691332,100066,100,99995,237,100082,237,99982,333,100099,233,99973,233,100106,233,99967,100,100109,100,99944,100,100187,100,99925,100,100229,100,99882,100,100251,100,99880,100,100355,100,99877,100,100401,100,99874,100
2019-06-28 09:44:00.000000000,100066,201,99995,201,100082,201,99982,301,100099,201,99973,201,100106,201,99967,201,100109,100,99944,100,100187,100,99925,100,100229,100,99882,100,100251,100,99880,100,100355,100,99877,100,100401,100,99874,100
2019-06-28 09:44:10.000000000,100066,504,99995,504,100082,100,99982,200,100099,100,99973,100,100106,100,99967,100,100109,100,99944,100,100187,100,99925,100,100229,100,99882,100,100251,100,99880,100,100355,100,99877,100,100401,100,99874,100
2019-06-28 09:44:20.000000000,100066,237,99995,237,100082,233,99982,333,100099,233,99973,233,100106,100,99967,100,100109,100,99944,100,100187,100,99925,100,100229,100,99882,100,100251,100,99880,100,100355,100,99877,100,100401,100,99874,100
2019-06-28 09:44:30.000000000,100066,302,99995,302,100082,302,99982,402,100099,100,99973,100,100106,100,99967,100,100109,100,99944,100,100187,100,99925,100,100229,100,99882,100,100251,100,99880,100,100355,100,99877,100,100401,100,99874,100
2019-06-28 09:44:40.000000000,100066,302,99995,302,100082,302,99982,402,100099,100,99973,100,100106,100,99967,100,100109,100,99944,100,100187,100,99925,100,100229,100,99882,100,100251,100,99880,100,100355,100,99877,100,100401,100,99874,100
2019-06-28 09:44:50.000000000,100066,201,99995,201,100082,201,99982,301,100099,201,99973,201,100106,201,99967,201,100109,100,99944,100,100187,100,99925,100,100229,100,99882,100,100251,100,99880,100,100355,100,99877,100,100401,100,99874,100
2019-06-28 09:44:56.607517716,100066,201,99995,201,100082,201,99982,301,100099,201,99973,201,100106,201,99967,201,100109,100,99963,100,100187,100,99944,100,100229,100,99925,100,100251,100,99882,100,100355,100,99880,100,100401,100,99877,100
2019-06-28 09:45:00.000000000,100066,237,99995,237,100082,233,99982,333,100099,233,99973,233,100106,100,99967,100,100109,100,99963,100,100187,100,99944,100,100229,100,99925,100,100251,100,99882,100,100355,100,99880,100,100401,100,99877,100
2019-06-28 09:45:10.000000000,100066,504,99995,504,100082,100,99982,200,100099,100,99973,100,100106,100,99967,100,100109,100,99963,100,100187,100,99944,100,100229,100,99925,100,100251,100,99882,100,100355,100,99880,100,100401,100,99877,100
2019-06-28 09:45:11.352506682,100066,504,99995,504,100082,100,99982,200,100099,100,99973,100,100106,100,99967,100,100109,100,99963,100,100131,100,99944,100,100229,100,99925,100,100251,100,99882,100,100355,100,99880,100,100401,100,99877,100
2019-06-28 09:45:20.000000000,100066,302,99995,302,100082,302,99982,402,100099,100,99973,100,100106,100,99967,100,100109,100,99963,100,100131,100,99944,100,100229,100,99925,100,100251,100,99882,100,100355,100,99880,100,100401,100,99877,100
2019-06-28 09:45:30.000000000,100066,201,99995,201,100082,201,99982,301,100099,201,99973,201,100106,201,99967,201,100109,100,99963,100,100131,100,99944,100,100229,100,99925,100,100251,100,99882,100,100355,100,99880,100,100401,100,99877,100
2019-06-28 09:45:40.000000000,100066,504,99995,504,100082,100,99982,200,100099,100,99973,100,100106,100,99967,100,100109,100,99963,100,100131,100,99944,100,100229,100,99925,100,100251,100,99882,100,100355,100,99880,100,100401,100,99877,100
2019-06-28 09:45:48.586359453,100066,404,99995,504,100082,100,99982,200,100099,100,99973,100,100106,100,99967,100,100109,100,99963,100,100131,100,99944,100,100229,100,99925,100,100251,100,99882,100,100355,100,99880,100,100401,100,99877,100
2019-06-28 09:45:50.000000000,100082,504,99995,504,100099,100,99982,200,100106,100,99973,100,100109,100,99967,100,100131,100,99963,100,100229,100,99944,100,100251,100,99925,100,100355,100,99882,100,100401,100,99880,100,100460,100,99877,100
2019-06-28 09:46:00.000000000,100082,201,99995,201,100099,201,99982,301,100106,201,99973,201,100109,201,99967,201,100131,100,99963,100,100229,100,99944,100,100251,100,99925,100,100355,100,99882,100,100401,100,99880,100,100460,100,99877,100
2019-06-28 09:46:02.211455165,100082,201,99995,201,100099,201,99982,301,100106,201,99978,100,100109,201,99973,201,100131,100,99967,201,100229,100,99963,100,100251,100,99944,100,100355,100,99882,100,100401,100,99880,100,100460,100,99877,100
2019-06-28 09:46:10.000000000,100082,201,99995,201,100099,201,99982,301,100106,201,99978,201,100109,201,99973,201,100131,100,99967,100,100229,100,99963,100,100251,100,99944,100,100355,100,99882,100,100401,100,99880,100,100460,100,99877,100
2019-06-28 09:46:20.000000000,100082,181,99995,181,100099,181,99982,281,100106,181,99978,181,100109,181,99973,181,100131,181,99967,181,100229,100,99963,100,100251,100,99944,100,100355,100,99882,100,100401,100,99880,100,100460,100,99877,100
2019-06-28 09:46:25.465647268,100082,181,99995,81,100099,181,99982,281,100106,181,99978,181,100109,181,99973,181,100131,181,99967,181,100229,100,99963,100,100251,100,99944,100,100355,100,99882,100,100401,100,99880,100,100460,100,99877,100
2019-06-28 09:46:30.000000000,100082,181,99982,281,100099,181,99978,181,100106,181,99973,181,100109,181,99967,181,100131,181,99963,181,100229,100,99944,100,100251,100,99882,100,100355,100,99880,100,100401,100,99877,100,100460,100,99874,100
2019-06-28 09:46:40.000000000,100082,504,99982,604,100099,100,99978,100,100106,100,99973,100,100109,100,99967,100,100131,100,99963,100,100229,100,99944,100,100251,100,99882,100,100355,100,99880,100,100401,100,99877,100,100460,100,99874,100
2019-06-28 09:46:45.000495205,100082,504,99982,504,100099,100,99978,100,100106,100,99967,100,100109,100,99963,100,100131,100,99944,100,100229,100,99882,100,100251,100,99880,100,100355,100,99877,100,100401,100,99874,100,100460,100,99830,100
2019-06-28 09:46:45.681675470,100082,504,99982,504,100099,100,99978,100,100106,100,99967,100,100109,100,99963,100,100131,100,99944,100,100187,100,99882,100,100229,100,99880,100,100251,100,99877,100,100355,100,99874,100,100401,100,99830,100
2019-06-28 09:46:50.000000000,100082,237,99982,237,100099,233,99978,233,100106,233,99967,233,100109,100,99963,100,100131,100,99944,100,100187,100,99882,100,100229,100,99880,100,100251,100,99877,100,100355,100,99874,100,100401,100,99830,100
2019-06-28 09:47:00.000000000,100082,504,99982,504,100099,100,99978,100,100106,100,99967,100,100109,100,99963,100,100131,100,99944,100,100187,100,99882,100,100229,100,99880,100,100251,100,99877,100,100355,100,99874,100,100401,100,99830,100
2019-06-28 09:47:10.000000000,100082,237,99982,237,100099,233,99978,233,100106,233,99967,233,100109,100,99963,100,100131,100,99944,100,100187,100,99882,100,100229,100,99880,100,100251,100,99877,100,100355,100,99874,100,100401,100,99830,100
2019-06-28 09:47:14.914149660,100082,237,99996,100,100099,233,99982,237,100106,233,99978,233,100109,100,99967,233,100131,100,99963,100,100187,100,99944,100,100229,100,99882,100,100251,100,99880,100,100355,100,99877,100,100401,100,99874,100
2019-06-28 09:47:20.000000000,100082,504,99996,504,100099,100,99982,100,100106,100,99978,100,100109,100,99967,100,100131,100,99963,100,100187,100,99944,100,100229,100,99882,100,100251,100,99880,100,100355,100,99877,100,100401,100,99874,100
2019-06-28 09:47:30.000000000,100082,181,99996,181,100099,181,99982,181,100106,181,99978,181,100109,181,99967,181,100131,181,99963,181,100187,100,99944,100,100229,100,99882,100,100251,100,99880,100,100355,100,99877,100,100401,100,99874,100
2019-06-28 09:47:40.000000000,100082,504,99996,504,100099,100,99982,100,100106,100,99978,100,100109,100,99967,100,100131,100,99963,100,100187,100,99944,100,100229,100,99882,100,100251,100,99880,100,100355,100,99877,100,100401,100,99874,100
2019-06-28 09:47:44.503911652,100082,504,99996,404,100099,100,99982,100,100106,100,99978,100,100109,100,99967,100,100131,100,99963,100,100187,100,99944,100,100229,100,99882,100,100251,100,99880,100,100355,100,99877,100,100401,100,99874,100
2019-06-28 09:47:50.000000000,100082,237,99982,237,100099,233,99978,233,100106,233,99967,233,100109,100,99963,100,100131,100,99944,100,100187,100,99882,100,100229,100,99880,100,100251,100,99877,100,100355,100,99874,100,100401,100,99830,100
2019-06-28 09:48:00.000000000,100082,201,99982,201,100099,201,99978,201,100106,201,99967,201,100109,201,99963,201,100131,100,99944,100,100187,100,99882,100,100229,100,99880,100,100251,100,99877,100,100355,100,99874,100,100401,100,99830,100
2019-06-28 09:48:10.000000000,100082,181,99982,181,100099,181,99978,181,100106,181,99967,181,100109,181,99963,181,100131,181,99944,181,100187,100,99882,100,100229,100,99880,100,100251,100,99877,100,100355,100,99874,100,100401,100,99830,100
2019-06-28 09:48:12.074022068,100082,181,99982,181,100099,181,99978,181,100106,181,99967,181,100109,181,99963,181,100131,181,99944,181,100187,100,99882,100,100229,100,99880,100,100251,100,99877,100,100355,100,99874,100,100401,100,99814,100
2019-06-28 09:48:18.804019032,99996,100,99982,181,100082,181,99978,181,100099,181,99967,181,100106,181,99963,181,100109,181,99944,181,100131,181,99882,100,100187,100,99880,100,100229,100,99877,100,100251,100,99874,100,100355,100,99814,100
2019-06-28 09:48:20.000000000,99996,302,99982,302,100082,302,99978,302,100099,100,99967,100,100106,100,99963,100,100109,100,99944,100,100131,100,99882,100,100187,100,99880,100,100229,100,99877,100,100251,100,99874,100,100355,100,99814,100
2019-06-28 09:48:30.000000000,99996,237,99982,237,100082,233,99978,233,100099,233,99967,233,100106,100,99963,100,100109,100,99944,100,100131,100,99882,100,100187,100,99880,100,100229,100,99877,100,100251,100,99874,100,100355,100,99814,100
2019-06-28 09:48:40.000000000,99996,504,99982,504,100082,100,99978,100,100099,100,99967,100,100106,100,99963,100,100109,100,99944,100,100131,100,99882,100,100187,100,99880,100,100229,100,99877,100,100251,100,99874,100,100355,100,99814,100
2019-06-28 09:48:49.074006690,99996,404,99982,504,100082,100,99978,100,100099,100,99967,100,100106,100,99963,100,100109,100,99944,100,100131,100,99882,100,100187,100,99880,100,100229,100,99877,100,100251,100,99874,100,100355,100,99814,100
2019-06-28 09:48:50.000000000,100082,302,99982,302,100099,302,99978,302,100106,100,99967,100,100109,100,99963,100,100131,100,99944,100,100187,100,99882,100,100229,100,99880,100,100251,100,99877,100,100355,100,99874,100,100401,100,99814,100
2019-06-28 09:48:59.712997050,100082,302,99982,202,100099,302,99978,302,100106,100,99967,100,100109,100,99963,100,100131,100,99944,100,100187,100,99882,100,100229,100,99880,100,100251,100,99877,100,100355,100,99874,100,100401,100,99814,100
2019-06-28 09:49:00.000000000,100082,302,99978,302,100099,302,99967,302,100106,100,99963,100,100109,100,99944,100,100131,100,99882,100,100187,100,99880,100,100229,100,99877,100,100251,100,99874,100,100355,100,99814,100,100401,100,99593,100
2019-06-28 09:49:04.742420156,99995,100,99978,302,100082,302,99967,302,100099,302,99963,100,100106,100,99944,100,100109,100,99882,100,100131,100,99880,100,100187,100,99877,100,100229,100,99874,100,100251,100,99814,100,100355,100,99593,100
2019-06-28 09:49:10.000000000,99995,181,99978,181,100082,181,99967,181,100099,181,99963,181,100106,181,99944,181,100109,181,99882,181,100131,100,99880,100,100187,100,99877,100,100229,100,99874,100,100251,100,99814,100,100355,100,99593,100
2019-06-28 09:49:10.793856445,99995,181,99978,181,100082,181,99967,181,100099,181,99963,181,100106,181,99944,81,100109,181,99882,181,100131,100,99880,100,100187,100,99877,100,100229,100,99874,100,100251,100,99814,100,100355,100,99593,100
2019-06-28 09:49:11.587940234,99995,181,99978,181,100082,181,99967,181,100099,181,99963,181,100106,181,99944,81,100109,181,99882,181,100131,100,99880,100,100187,100,99877,100,100229,100,99874,200,100251,100,99814,100,100355,100,99593,100
2019-06-28 09:49:20.000000000,99995,237,99978,237,100082,233,99967,233,100099,233,99963,233,100106,100,99882,100,100109,100,99880,100,100131,100,99877,100,100187,100,99874,200,100229,100,99814,100,100251,100,99593,100,100355,100,99592,100
2019-06-28 09:49:29.508049584,99995,337,99978,237,100082,233,99967,233,100099,233,99963,233,100106,100,99882,100,100109,100,99880,100,100131,100,99877,100,100187,100,99874,200,100229,100,99814,100,100251,100,99593,100,100355,100,99592,100
2019-06-28 09:49:30.000000000,99995,604,99978,504,100082,100,99967,100,100099,100,99963,100,100106,100,99882,100,100109,100,99880,100,100131,100,99877,100,100187,100,99874,200,100229,100,99814,100,100251,100,99593,100,100355,100,99592,100
2019-06-28 09:49:30.147499087,99995,604,99978,504,100082,100,99967,100,100099,100,99963,100,100106,100,99882,100,100109,100,99880,100,100131,100,99877,100,100187,100,99874,200,100229,100,99834,100,100251,100,99814,100,100355,100,99593,100
2019-06-28 09:49:40.000000000,99995,337,99978,237,100082,233,99967,233,100099,233,99963,233,100106,100,99882,100,100109,100,99880,100,100131,100,99877,100,100187,100,99874,200,100229,100,99834,100,100251,100,99814,100,100355,100,99593,100
2019-06-28 09:49:50.000000000,99995,402,99978,302,100082,302,99967,302,100099,100,99963,100,100106,100,99882,100,100109,100,99880,100,100131,100,99877,100,100187,100,99874,200,100229,100,99834,100,100251,100,99814,100,100355,100,99593,100
2019-06-28 09:49:58.773973757,99995,302,99978,302,100082,302,99967,302,100099,100,99963,100,100106,100,99882,100,100109,100,99880,100,100131,100,99877,100,100187,100,99874,200,100229,100,99834,100,100251,100,99814,100,100355,100,99593,100
2019-06-28 09:50:00.000000000,99995,237,99978,237,100082,233,99967,233,100099,233,99963,233,100106,100,99882,100,100109,100,99880,100,100131,100,99877,100,100187,100,99874,200,100229,100,99834,100,100251,100,99814,100,100355,100,99593,100
2019-06-28 09:50:10.000000000,99995,237,99978,237,100082,233,99967,233,100099,233,99963,233,100106,100,99882,100,100109,100,99880,100,100131,100,99877,100,100187,100,99874,200,100229,100,99834,100,100251,100,99814,100,100355,100,99593,100
2019-06-28 09:50:20.000000000,99995,302,99978,302,100082,302,99967,302,100099,100,99963,100,100106,100,99882,100,100109,100,99880,100,100131,100,99877,100,100187,100,99874,200,100229,100,99834,100,100251,100,99814,100,100355,100,99593,100
2019-06-28 09:50:24.982339837,99995,302,99978,302,100022,100,99967,302,100082,302,99963,100,100099,100,99882,100,100106,100,99880,100,100109,100,99877,100,100131,100,99874,200,100187,100,99834,100,100229,100,99814,100,100251,100,99593,100
2019-06-28 09:50:30.000000000,99995,201,99978,201,100022,201,99967,201,100082,201,99963,201,100099,201,99882,201,100106,100,99880,100,100109,100,99877,100,100131,100,99874,200,100187,100,99834,100,100229,100,99814,100,100251,100,99593,100
2019-06-28 09:50:35.244120280,99995,201,99978,101,100022,201,99967,201,100082,201,99963,201,100099,201,99882,201,100106,100,99880,100,100109,100,99877,100,100131,100,99874,200,100187,100,99834,100,100229,100,99814,100,100251,100,99593,100
2019-06-28 09:50:40.000000000,99995,201,99967,201,100022,201,99963,201,100082,201,99882,201,100099,201,99880,201,100106,100,99877,100,100109,100,99874,200,100131,100,99834,100,100187,100,99814,100,100229,100,99593,100,100251,100,99592,100
2019-06-28 09:50:40.905173700,99981,100,99967,201,99995,201,99963,201,100022,201,99882,201,100082,201,99880,201,100099,201,99877,100,100106,100,99874,200,100109,100,99834,100,100131,100,99814,100,100187,100,99593,100,100229,100,99592,100
2019-06-28 09:50:50.000000000,99981,201,99967,201,99995,201,99963,201,100022,201,99882,201,100082,201,99880,201,100099,100,99877,100,100106,100,99874,200,100109,100,99834,100,100131,100,99814,100,100187,100,99593,100,100229,100,99592,100
2019-06-28 09:50:58.505526235,99981,201,99967,201,99995,201,99963,201,100022,201,99882,201,100082,101,99880,201,100099,100,99877,100,100106,100,99874,200,100109,100,99834,100,100131,100,99814,100,100187,100,99743,100,100229,100,99593,100
2019-06-28 09:51:00.000000000,99981,181,99967,181,99995,181,99963,181,100022,181,99882,181,100099,181,99880,181,100106,181,99877,181,100109,100,99874,200,100131,100,99834,100,100187,100,99814,100,100229,100,99743,100,100251,100,99593,100
2019-06-28 09:51:10.000000000,99981,181,99967,181,99995,181,99963,181,100022,181,99882,181,100099,181,99880,181,100106,181,99877,181,100109,100,99874,200,100131,100,99834,100,100187,100,99814,100,100229,100,99743,100,100251,100,99593,100
2019-06-28 09:51:20.000000000,99981,181,99967,181,99995,181,99963,181,100022,181,99882,181,100099,181,99880,181,100106,181,99877,181,100109,100,99874,200,100131,100,99834,100,100187,100,99814,100,100229,100,99743,100,100251,100,99593,100
2019-06-28 09:51:30.000000000,99981,504,99967,504,99995,100,99963,100,100022,100,99882,100,100099,100,99880,100,100106,100,99877,100,100109,100,99874,200,100131,100,99834,100,100187,100,99814,100,100229,100,99743,100,100251,100,99593,100
2019-06-28 09:51:37.957113730,99981,404,99967,504,99995,100,99963,100,100022,100,99882,100,100099,100,99880,100,100106,100,99877,100,100109,100,99874,200,100131,100,99834,100,100187,100,99814,100,100229,100,99743,100,100251,100,99593,100
2019-06-28 09:51:39.033250331,99981,304,99967,504,99995,100,99963,100,100022,100,99882,100,100099,100,99880,100,100106,100,99877,100,100109,100,99874,200,100131,100,99834,100,100187,100,99814,100,100229,100,99743,100,100251,100,99593,100
2019-06-28 09:51:40.000000000,99995,237,99967,237,100022,233,99963,233,100099,233,99882,233,100106,100,99880,100,100109,100,99877,100,100131,100,99874,200,100187,100,99834,100,100229,100,99814,100,100251,100,99743,100,100355,100,99593,100
2019-06-28 09:51:40.536798377,99995,237,99967,237,100022,233,99963,233,100099,233,99914,100,100106,100,99882,233,100109,100,99880,100,100131,100,99877,100,100187,100,99874,200,100229,100,99834,100,100251,100,99814,100,100355,100,99743,100
2019-06-28 09:51:44.256835694,99995,137,99967,237,100022,233,99963,233,100099,233,99914,100,100106,100,99882,233,100109,100,99880,100,100131,100,99877,100,100187,100,99874,200,100229,100,99834,100,100355,100,99814,100,100548,100,99743,100
2019-06-28 09:51:46.269862827,99995,137,99981,100,100022,233,99967,237,100099,233,99963,233,100106,100,99914,100,100109,100,99882,233,100131,100,99880,100,100187,100,99877,100,100229,100,99874,200,100355,100,99834,100,100548,100,99814,100
2019-06-28 09:51:50.000000000,100022,504,99981,504,100099,100,99967,100,100106,100,99963,100,100109,100,99914,100,100131,100,99882,100,100187,100,99880,100,100229,100,99877,100,100355,100,99874,200,100548,100,99834,100,100559,100,99814,100
2019-06-28 09:52:00.000000000,100022,302,99981,302,100099,302,99967,302,100106,100,99963,100,100109,100,99914,100,100131,100,99882,100,100187,100,99880,100,100229,100,99877,100,100355,100,99874,200,100548,100,99834,100,100559,100,99814,100
2019-06-28 09:52:02.184337916,100022,302,99981,302,100099,302,99967,302,100106,100,99963,100,100109,100,99914,100,100131,100,99882,100,100187,100,99880,100,100229,100,99877,100,100355,100,99874,200,100395,100,99834,100,100548,100,99814,100
2019-06-28 09:52:07.564361332,100022,202,99981,302,100099,302,99967,302,100106,100,99963,100,100109,100,99914,100,100131,100,99882,100,100187,100,99880,100,100229,100,99877,100,100355,100,99874,200,100395,100,99834,100,100548,100,99814,100
2019-06-28 09:52:10.000000000,100099,201,99981,201,100106,201,99967,201,100109,201,99963,201,100131,201,99914,201,100187,100,99882,100,100229,100,99880,100,100355,100,99877,100,100395,100,99874,200,100548,100,99834,100,100559,100,99814,100
2019-06-28 09:52:12.213517331,100099,201,99981,201,100106,201,99967,201,100109,201,99963,201,100111,100,99914,201,100131,201,99882,100,100187,100,99880,100,100229,100,99877,100,100355,100,99874,200,100395,100,99834,100,100548,100,99743,100
2019-06-28 09:52:20.000000000,100099,504,99981,504,100106,100,99967,100,100109,100,99963,100,100111,100,99914,100,100131,100,99882,100,100187,100,99880,100,100229,100,99877,100,100355,100,99874,200,100395,100,99834,100,100548,100,99743,100
2019-06-28 09:52:30.000000000,100099,201,99981,201,100106,201,99967,201,100109,201,99963,201,100111,201,99914,201,100131,100,99882,100,100187,100,99880,100,100229,100,99877,100,100355,100,99874,200,100395,100,99834,100,100548,100,99743,100
2019-06-28 09:52:33.136350277,100099,201,99981,201,100106,201,99967,201,100109,201,99963,201,100111,201,99914,201,100131,100,99882,100,100187,100,99880,100,100229,100,99877,100,100355,100,99874,200,100395,100,99834,100,100548,100,99743,100
2019-06-28 09:52:35.139406804,100099,201,99981,201,100106,201,99967,201,100109,201,99963,201,100111,201,99914,201,100131,100,99882,100,100187,100,99880,100,100229,100,99877,100,100355,100,99874,200,100395,100,99834,100,100420,100,99743,100
2019-06-28 09:52:39.360119216,100099,201,99981,201,100106,201,99967,201,100109,201,99963,101,100111,201,99914,201,100131,100,99882,100,100187,100,99880,100,100229,100,99877,100,100355,100,99874,200,100395,100,99834,100,100420,100,99743,100
2019-06-28 09:52:40.000000000,100099,237,99981,237,100106,233,99967,233,100109,233,99914,233,100111,100,99882,100,100131,100,99880,100,100187,100,99877,100,100229,100,99874,200,100355,100,99834,100,100395,100,99743,100,100420,100,99593,100
2019-06-28 09:52:47.715910283,100099,237,99981,237,100106,233,99967,233,100109,233,99914,233,100111,100,99882,100,100131,100,99880,100,100187,100,99877,100,100229,100,99874,200,100355,100,99834,100,100395,100,99743,100,100420,100,99593,100
2019-06-28 09:52:50.000000000,100099,504,99981,504,100106,100,99967,100,100109,100,99914,100,100111,100,99882,100,100131,100,99880,100,100187,100,99877,100,100229,100,99874,200,100355,100,99834,100,100395,100,99743,100,100420,100,99593,100
2019-06-28 09:53:00.000000000,100099,237,99981,237,100106,233,99967,233,100109,233,99914,233,100111,100,99882,100,100131,100,99880,100,100187,100,99877,100,100229,100,99874,200,100355,100,99834,100,100395,100,99743,100,100420,100,99593,100
2019-06-28 09:53:07.553687330,100099,137,99981,237,100106,233,99967,233,100109,233,99914,233,100111,100,99882,100,100131,100,99880,100,100187,100,99877,100,100229,100,99874,200,100355,100,99834,100,100420,100,99743,100,100473,100,99593,100
2019-06-28 09:53:10.000000000,100106,302,99981,302,100109,302,99967,302,100111,100,99914,100,100131,100,99882,100,100187,100,99880,100,100229,100,99877,100,100355,100,99874,200,100420,100,99834,100,100473,100,99743,100,100548,100,99593,100
2019-06-28 09:53:20.000000000,100106,201,99981,201,100109,201,99967,201,100111,201,99914,201,100131,201,99882,201,100187,100,99880,100,100229,100,99877,100,100355,100,99874,200,100420,100,99834,100,100473,100,99743,100,100548,100,99593,100
2019-06-28 09:53:30.000000000,100106,504,99981,504,100109,100,99967,100,100111,100,99914,100,100131,100,99882,100,100187,100,99880,100,100229,100,99877,100,100355,100,99874,200,100420,100,99834,100,100473,100,99743,100,100548,100,99593,100
2019-06-28 09:53:36.021749316,100106,504,99981,404,100109,100,99967,100,100111,100,99914,100,100131,100,99882,100,100187,100,99880,100,100229,100,99877,100,100355,100,99874,200,100420,100,99834,100,100473,100,99743,100,100548,100,99593,100
2019-06-28 09:53:40.000000000,100106,504,99967,504,100109,100,99914,100,100111,100,99882,100,100131,100,99880,100,100187,100,99877,100,100229,100,99874,200,100355,100,99834,100,100420,100,99743,100,100473,100,99593,100,100548,100,99592,100
2019-06-28 09:53:50.000000000,100106,237,99967,237,100109,233,99914,233,100111,233,99882,233,100131,100,99880,100,100187,100,99877,100,100229,100,99874,200,100355,100,99834,100,100420,100,99743,100,100473,100,99593,100,100548,100,99592,100
2019-06-28 09:53:55.912214363,100106,237,100022,100,100109,233,99967,237,100111,233,99914,233,100131,100,99882,233,100187,100,99880,100,100229,100,99877,100,100355,100,99874,200,100420,100,99834,100,100473,100,99743,100,100548,100,99593,100
2019-06-28 09:53:57.098448639,100106,237,100022,100,100109,233,99967,237,100111,233,99914,233,100131,100,99882,233,100187,100,99880,100,100229,100,99877,100,100257,100,99874,200,100355,100,99834,100,100420,100,99743,100,100473,100,99593,100
2019-06-28 09:54:00.000000000,100106,237,100022,237,100109,233,99967,233,100111,233,99914,233,100131,100,99882,100,100187,100,99880,100,100229,100,99877,100,100257,100,99874,200,100355,100,99834,100,100420,100,99743,100,100473,100,99593,100
2019-06-28 09:54:10.000000000,100106,237,100022,237,100109,233,99967,233,100111,233,99914,233,100131,100,99882,100,100187,100,99880,100,100229,100,99877,100,100257,100,99874,200,100355,100,99834,100,100420,100,99743,100,100473,100,99593,100
2019-06-28 09:54:13.300819819,100106,237,100022,237,100109,233,99967,233,100111,233,99914,233,100131,100,99882,100,100187,100,99880,100,100229,100,99877,100,100257,100,99874,200,100316,100,99834,100,100420,100,99743,100,100473,100,99593,100
2019-06-28 09:54:17.488943830,100106,137,100022,237,100109,233,99967,233,100111,233,99914,233,100131,100,99882,100,100187,100,99880,100,100229,100,99877,100,100257,100,99874,200,100316,100,99834,100,100420,100,99743,100,100473,100,99593,100
2019-06-28 09:54:20.000000000,100109,237,100022,237,100111,233,99967,233,100131,233,99914,233,100187,100,99882,100,100229,100,99880,100,100257,100,99877,100,100316,100,99874,200,100420,100,99834,100,100473,100,99743,100,100548,100,99593,100
2019-06-28 09:54:30.000000000,100109,201,100022,201,100111,201,99967,201,100131,201,99914,201,100187,201,99882,201,100229,100,99880,100,100257,100,99877,100,100316,100,99874,200,100420,100,99834,100,100473,100,99743,100,100548,100,99593,100
2019-06-28 09:54:40.000000000,100109,181,100022,181,100111,181,99967,181,100131,181,99914,181,100187,181,99882,181,100229,181,99880,181,100257,100,99877,100,100316,100,99874,200,100420,100,99834,100,100473,100,99743,100,100548,100,99593,100
2019-06-28 09:54:44.260967826,100109,181,100022,81,100111,181,99967,181,100131,181,99914,181,100187,181,99882,181,100229,181,99880,181,100257,100,99877,100,100316,100,99874,200,100420,100,99834,100,100473,100,99743,100,100548,100,99593,100
2019-06-28 09:54:50.000000000,100109,504,99967,504,100111,100,99914,100,100131,100,99882,100,100187,100,99880,100,100229,100,99877,100,100257,100,99874,200,100316,100,99834,100,100420,100,99743,100,100473,100,99593,100,100548,100,99592,100
2019-06-28 09:55:00.000000000,100109,302,99967,302,100111,302,99914,302,100131,100,99882,100,100187,100,99880,100,100229,100,99877,100,100257,100,99874,200,100316,100,99834,100,100420,100,99743,100,100473,100,99593,100,100548,100,99592,100
2019-06-28 09:55:08.628249737,100109,302,100023,100,100111,302,99967,302,100131,100,99914,302,100187,100,99882,100,100229,100,99880,100,100257,100,99877,100,100316,100,99874,200,100420,100,99834,100,100473,100,99743,100,100548,100,99593,100
2019-06-28 09:55:10.000000000,100109,237,100023,237,100111,233,99967,233,100131,233,99914,233,100187,100,99882,100,100229,100,99880,100,100257,100,99877,100,100316,100,99874,200,100420,100,99834,100,100473,100,99743,100,100548,100,99593,100
2019-06-28 09:55:10.932343955,100109,137,100023,237,100111,233,99967,233,100131,233,99914,133,100187,100,99882,100,100229,100,99880,100,100257,100,99877,100,100316,100,99874,200,100420,100,99834,100,100473,100,99743,100,100548,100,99593,100
2019-06-28 09:55:16.834596798,100109,137,100023,237,100111,133,99967,233,100131,233,99914,133,100187,100,99882,100,100229,100,99880,100,100257,100,99877,100,100316,100,99874,200,100361,100,99834,100,100420,100,99743,100,100473,100,99593,100
2019-06-28 09:55:19.016259767,100109,37,100023,237,100111,133,99967,233,100131,233,99914,133,100187,100,99882,100,100229,100,99880,100,100257,100,99877,100,100316,100,99874,200,100361,100,99834,100,100420,100,99743,100,100473,100,99593,100
2019-06-28 09:55:20.000000000,100131,504,100023,504,100187,100,99967,100,100229,100,99882,100,100257,100,99880,100,100316,100,99877,100,100361,100,99874,200,100420,100,99834,100,100473,100,99743,100,100548,100,99593,100,100559,100,99592,100
2019-06-28 09:55:24.468009741,100131,404,100023,504,100187,100,99967,100,100229,100,99882,100,100257,100,99880,100,100316,100,99877,100,100361,100,99874,200,100420,100,99743,100,100473,100,99593,100,100548,100,99592,100,100559,100,99524,100
2019-06-28 09:55:30.000000000,100187,181,100023,181,100229,181,99967,181,100257,181,99882,181,100316,181,99880,181,100361,181,99877,181,100420,100,99874,200,100473,100,99743,100,100548,100,99593,100,100559,100,99592,100,100591,100,99524,100
2019-06-28 09:55:37.128090264,100187,81,100023,181,100229,181,99967,181,100257,181,99882,181,100316,181,99880,181,100361,181,99877,181,100420,100,99874,200,100473,100,99743,100,100548,100,99593,100,100559,100,99592,100,100591,100,99524,100
2019-06-28 09:55:40.000000000,100229,237,100023,237,100257,233,99967,233,100316,233,99882,233,100361,100,99880,100,100420,100,99877,100,100473,100,99874,200,100548,100,99743,100,100559,100,99593,100,100591,100,99592,100,100652,100,99524,100
2019-06-28 09:55:40.689529982,100229,137,100023,237,100257,233,99967,233,100316,233,99882,233,100361,100,99880,100,100420,100,99877,100,100473,100,99874,200,100548,100,99743,100,100559,100,99593,100,100591,100,99592,100,100652,100,99524,100
2019-06-28 09:55:41.930720123,100229,137,100121,100,100257,233,100023,237,100316,233,99967,233,100361,100,99882,233,100420,100,99880,100,100473,100,99877,100,100548,100,99874,200,100559,100,99743,100,100591,100,99593,100,100652,100,99592,100
2019-06-28 09:55:50.000000000,100257,237,100121,237,100316,233,100023,233,100361,233,99967,233,100420,100,99882,100,100473,100,99880,100,100548,100,99877,100,100559,100,99874,200,100591,100,99743,100,100652,100,99593,100,,,99592,100
2019-06-28 09:55:58.290688777,100257,137,100121,237,100316,233,100023,233,100361,233,99967,233,100420,100,99882,100,100473,100,99880,100,100559,100,99877,100,100591,100,99874,200,100652,100,99743,100,,,99593,100,,,99592,100
2019-06-28 09:56:00.000000000,100316,237,100121,237,100361,233,100023,233,100420,233,99967,233,100473,100,99882,100,100559,100,99880,100,100591,100,99877,100,100652,100,99874,200,,,99743,100,,,99593,100,,,99592,100
2019-06-28 09:56:10.000000000,100316,201,100121,201,100361,201,100023,201,100420,201,99967,201,100473,201,99882,201,100559,100,99880,100,100591,100,99877,100,100652,100,99874,200,,,99743,100,,,99593,100,,,99592,100
2019-06-28 09:56:20.000000000,100316,237,100121,237,100361,233,100023,233,100420,233,99967,233,100473,100,99882,100,100559,100,99880,100,100591,100,99877,100,100652,100,99874,200,,,99743,100,,,99593,100,,,99592,100
2019-06-28 09:56:24.499042147,100316,137,100121,237,100361,233,100023,233,100420,233,99967,233,100473,100,99882,100,100559,100,99880,100,100591,100,99877,100,,,99874,200,,,99743,100,,,99593,100,,,99592,100
2019-06-28 09:56:30.000000000,100361,201,100121,201,100420,201,100023,201,100473,201,99967,201,100559,201,99882,201,100591,100,99880,100,,,99877,100,,,99874,200,,,99743,100,,,99593,100,,,99592,100
2019-06-28 09:56:34.850307693,100361,101,100121,201,100420,201,100023,201,100473,101,99967,201,100559,201,99882,201,100591,100,99880,100,,,99877,100,,,99874,200,,,99743,100,,,99593,100,,,99592,100
2019-06-28 09:56:40.000000000,100420,201,100121,201,100559,201,100023,201,100591,201,99967,201,100592,101,99882,201,,,99880,100,,,99877,100,,,99874,200,,,99743,100,,,99593,100,,,99592,100
2019-06-28 09:56:41.878053773,100420,101,100121,201,100559,201,100023,201,100591,201,99967,201,100592,101,99882,201,,,99880,100,,,99877,100,,,99874,200,,,99743,100,,,99593,100,,,99592,100
2019-06-28 09:56:50.000000000,100559,302,100121,302,100591,302,100023,302,,,99967,100,,,99882,100,,,99880,100,,,99877,100,,,99874,200,,,99743,100,,,99593,100,,,99592,100
2019-06-28 09:56:59.548622264,100559,302,100361,100,100591,302,100121,302,,,100023,302,,,99967,100,,,99882,100,,,99880,100,,,99877,100,,,99874,200,,,99743,100,,,99593,100
2019-06-28 09:57:00.000000000,100559,302,100361,302,100591,302,100121,302,,,100023,100,,,99967,100,,,99882,100,,,99880,100,,,99877,100,,,99874,200,,,99743,100,,,99593,100
2019-06-28 09:57:03.580186194,100559,302,100361,302,100591,302,100346,100,,,100121,302,,,100023,100,,,99967,100,,,99882,100,,,99880,100,,,99877,100,,,99874,100,,,99743,100
2019-06-28 09:57:10.000000000,100559,237,100361,237,100591,233,100346,233,100592,133,100121,233,,,100023,100,,,99967,100,,,99882,100,,,99880,100,,,99877,100,,,99874,100,,,99743,100
2019-06-28 09:57:20.000000000,100559,201,100361,201,100591,201,100346,201,100592,101,100121,201,,,100023,201,,,99967,100,,,99882,100,,,99880,100,,,99877,100,,,99874,100,,,99743,100
2019-06-28 09:57:26.493701129,100559,201,100361,201,100591,201,100346,201,100592,101,100121,201,100904,100,100023,201,,,99967,100,,,99882,100,,,99880,100,,,99877,100,,,99874,100,,,99743,100
2019-06-28 09:57:30.000000000,100559,302,100361,302,100591,302,100346,302,100904,100,100121,100,,,100023,100,,,99967,100,,,99882,100,,,99880,100,,,99877,100,,,99874,100,,,99743,100
2019-06-28 09:57:34.278317373,100559,202,100361,302,100591,302,100346,302,100904,100,100121,100,,,100023,100,,,99967,100,,,99882,100,,,99880,100,,,99877,100,,,99874,100,,,99743,100
2019-06-28 09:57:40.000000000,100591,181,100361,181,100904,181,100346,181,100905,81,100121,181,,,100023,181,,,99967,181,,,99882,100,,,99880,100,,,99877,100,,,99874,100,,,99743,100
2019-06-28 09:57:50.000000000,100591,201,100361,201,100904,201,100346,201,100905,101,100121,201,,,100023,201,,,99967,100,,,99882,100,,,99880,100,,,99877,100,,,99874,100,,,99743,100
2019-06-28 09:58:00.000000000,100591,504,100361,504,100904,100,100346,100,,,100121,100,,,100023,100,,,99967,100,,,99882,100,,,99880,100,,,99877,100,,,99874,100,,,99743,100
2019-06-28 09:58:02.876239511,100591,504,100361,504,100904,100,100346,100,,,100188,100,,,100121,100,,,100023,100,,,99967,100,,,99882,100,,,99880,100,,,99877,100,,,99874,100
2019-06-28 09:58:06.313070004,100591,504,100361,504,100904,100,100346,100,,,100188,100,,,100121,100,,,100023,100,,,100005,100,,,99967,100,,,99882,100,,,99880,100,,,99877,100
2019-06-28 09:58:10.000000000,100591,504,100361,504,100904,100,100346,100,,,100188,100,,,100121,100,,,100023,100,,,100005,100,,,99967,100,,,99882,100,,,99880,100,,,99877,100
2019-06-28 09:58:20.000000000,100591,181,100361,181,100904,181,100346,181,100905,81,100188,181,,,100121,181,,,100023,181,,,100005,100,,,99967,100,,,99882,100,,,99880,100,,,99877,100
2019-06-28 09:58:30.000000000,100591,201,100361,201,100904,201,100346,201,100905,101,100188,201,,,100121,201,,,100023,100,,,100005,100,,,99967,100,,,99882,100,,,99880,100,,,99877,100
2019-06-28 09:58:40.000000000,100591,181,100361,181,100904,181,100346,181,100905,81,100188,181,,,100121,181,,,100023,181,,,100005,100,,,99967,100,,,99882,100,,,99880,100,,,99877,100
2019-06-28 09:58:49.073802785,100591,181,100420,100,100904,181,100361,181,100905,81,100346,181,,,100188,181,,,100121,181,,,100023,181,,,100005,100,,,99967,100,,,99882,100,,,99880,100
2019-06-28 09:58:50.000000000,100591,237,100420,237,100904,233,100361,233,100905,133,100346,233,,,100188,100,,,100121,100,,,100023,100,,,100005,100,,,99967,100,,,99882,100,,,99880,100
2019-06-28 09:58:58.398808292,100591,137,100438,100,100904,233,100420,237,100905,133,100361,233,,,100346,233,,,100188,100,,,100121,100,,,100023,100,,,100005,100,,,99967,100,,,99882,100
2019-06-28 09:59:00.000000000,100904,237,100438,237,100905,133,100420,233,,,100361,233,,,100346,100,,,100188,100,,,100121,100,,,100023,100,,,100005,100,,,99967,100,,,99882,100
2019-06-28 09:59:07.023840781,100904,237,100617,100,100905,133,100438,237,,,100420,233,,,100361,233,,,100346,100,,,100121,100,,,100023,100,,,100005,100,,,99967,100,,,99882,100
2019-06-28 09:59:10.000000000,100904,302,100617,302,100905,202,100438,302,,,100420,100,,,100361,100,,,100346,100,,,100121,100,,,100023,100,,,100005,100,,,99967,100,,,99882,100
2019-06-28 09:59:20.000000000,100904,302,100617,302,100905,202,100438,302,,,100420,100,,,100361,100,,,100346,100,,,100121,100,,,100023,100,,,100005,100,,,99967,100,,,99882,100
2019-06-28 09:59:27.405126169,100904,302,100617,302,100905,202,100533,100,,,100438,302,,,100420,100,,,100361,100,,,100346,100,,,100121,100,,,100023,100,,,100005,100,,,99967,100
2019-06-28 09:59:30.000000000,100904,181,100617,181,100905,81,100533,181,,,100438,181,,,100420,181,,,100361,181,,,100346,100,,,100121,100,,,100023,100,,,100005,100,,,99967,100
2019-06-28 09:59:34.073425916,100904,181,100617,81,100905,81,100533,181,,,100438,181,,,100420,181,,,100361,181,,,100346,100,,,100121,100,,,100023,100,,,100005,100,,,99967,100
2019-06-28 09:59:38.928440884,100904,181,100617,81,100905,81,100533,181,,,100438,181,,,100420,81,,,100361,181,,,100346,100,,,100121,100,,,100023,100,,,100005,100,,,99967,100
2019-06-28 09:59:40.000000000,100904,504,100533,504,,,100438,100,,,100361,100,,,100346,100,,,100121,100,,,100023,100,,,100005,100,,,99967,100,,,99882,100,,,99880,100
2019-06-28 09:59:42.315703504,100904,504,100559,100,,,100533,504,,,100438,100,,,100346,100,,,100121,100,,,100023,100,,,100005,100,,,99967,100,,,99882,100,,,99880,100
2019-06-28 09:59:50.000000000,100904,504,100559,504,,,100533,100,,,100438,100,,,100346,100,,,100121,100,,,100023,100,,,100005,100,,,99967,100,,,99882,100,,,99880,100
2019-06-28 10:00:00.000000000,100904,181,100559,181,100905,81,100533,181,,,100438,181,,,100346,181,,,100121,181,,,100023,100,,,100005,100,,,99967,100,,,99882,100,,,99880,100
2019-06-28 10:00:02.142256552,100729,100,100559,181,100904,181,100533,181,100905,81,100438,181,,,100346,181,,,100121,181,,,100023,100,,,100005,100,,,99967,100,,,99882,100,,,99880,100
2019-06-28 10:00:10.000000000,100729,181,100559,181,100904,181,100533,181,100905,81,100438,181,,,100346,181,,,100121,181,,,100023,100,,,100005,100,,,99967,100,,,99882,100,,,99880,100
2019-06-28 10:00:17.682784208,100729,181,100559,81,100904,181,100533,181,100905,81,100438,181,,,100346,181,,,100121,181,,,100023,100,,,100005,100,,,99967,100,,,99882,100,,,99880,100
2019-06-28 10:00:20.000000000,100729,237,100533,237,100904,233,100438,233,100905,133,100346,233,,,100121,100,,,100023,100,,,100005,100,,,99967,100,,,99882,100,,,99880,100,,,99877,100
2019-06-28 10:00:30.000000000,100729,181,100533,181,100904,181,100438,181,100905,81,100346,181,,,100121,181,,,100023,181,,,100005,100,,,99967,100,,,99882,100,,,99880,100,,,99877,100
2019-06-28 10:00:34.434860281,100729,181,100533,181,100904,181,100438,181,100905,81,100383,100,,,100346,181,,,100121,181,,,100023,181,,,100005,100,,,99967,100,,,99882,100,,,99880,100
2019-06-28 10:00:40.000000000,100729,237,100533,237,100904,233,100438,233,100905,133,100383,233,,,100346,100,,,100121,100,,,100023,100,,,100005,100,,,99967,100,,,99882,100,,,99880,100
2019-06-28 10:00:50.000000000,100729,201,100533,201,100904,201,100438,201,100905,101,100383,201,,,100346,201,,,100121,100,,,100023,100,,,100005,100,,,99967,100,,,99882,100,,,99880,100
2019-06-28 10:01:00.000000000,100729,302,100533,302,100904,302,100438,302,,,100383,100,,,100346,100,,,100121,100,,,100023,100,,,100005,100,,,99967,100,,,99882,100,,,99880,100
2019-06-28 10:01:10.000000000,100729,181,100533,181,100904,181,100438,181,100905,81,100383,181,,,100346,181,,,100121,181,,,100023,100,,,100005,100,,,99967,100,,,99882,100,,,99880,100
2019-06-28 10:01:14.073075907,100590,100,100533,181,100729,181,100438,181,100904,181,100383,181,100905,81,100346,181,,,100121,181,,,100023,100,,,100005,100,,,99967,100,,,99882,100,,,99880,100
2019-06-28 10:01:20.000000000,100590,237,100533,237,100729,233,100438,233,100904,233,100383,233,,,100346,100,,,100121,100,,,100023,100,,,100005,100,,,99967,100,,,99882,100,,,99880,100
2019-06-28 10:01:22.135837044,100590,237,100533,137,100729,233,100438,233,100904,233,100383,233,,,100346,100,,,100121,100,,,100023,100,,,100005,100,,,99967,100,,,99882,100,,,99880,100
2019-06-28 10:01:30.000000000,100590,237,100438,237,100729,233,100383,233,100904,233,100346,233,,,100121,100,,,100023,100,,,100005,100,,,99967,100,,,99882,100,,,99880,100,,,99877,100
2019-06-28 10:01:40.000000000,100590,302,100438,302,100729,302,100383,302,100904,100,100346,100,,,100121,100,,,100023,100,,,100005,100,,,99967,100,,,99882,100,,,99880,100,,,99877,100
2019-06-28 10:01:50.000000000,100590,302,100438,302,100729,302,100383,302,100904,100,100346,100,,,100121,100,,,100023,100,,,100005,100,,,99967,100,,,99882,100,,,99880,100,,,99877,100
2019-06-28 10:01:59.448484190,100590,302,100438,302,100729,302,100383,302,100904,100,100346,100,,,100121,100,,,100023,100,,,100005,100,,,99967,100,,,99882,100,,,99880,100,,,99877,100
2019-06-28 10:02:00.000000000,100590,181,100438,181,100729,181,100383,181,100904,181,100346,181,100905,81,100121,181,,,100023,181,,,100005,100,,,99967,100,,,99882,100,,,99880,100,,,99877,100
2019-06-28 10:02:06.739615881,100590,181,100438,181,100729,181,100383,181,100904,181,100346,181,100905,81,100121,181,,,100023,181,,,100005,100,,,99967,100,,,99882,100,,,99880,100,,,99877,100
2019-06-28 10:02:07.049079371,100590,181,100438,81,100729,181,100383,181,100904,181,100346,181,100905,81,100121,181,,,100023,181,,,100005,100,,,99967,100,,,99882,100,,,99880,100,,,99877,100
2019-06-28 10:02:10.000000000,100590,302,100383,302,100729,302,100346,302,100904,100,100121,100,,,100023,100,,,100005,100,,,99967,100,,,99882,100,,,99880,100,,,99877,100,,,99874,100
2019-06-28 10:02:20.000000000,100590,504,100383,504,100729,100,100346,100,100904,100,100121,100,,,100023,100,,,100005,100,,,99967,100,,,99882,100,,,99880,100,,,99877,100,,,99874,100
2019-06-28 10:02:30.000000000,100590,201,100383,201,100729,201,100346,201,100904,201,100121,201,100905,101,100023,201,,,100005,100,,,99967,100,,,99882,100,,,99880,100,,,99877,100,,,99874,100
2019-06-28 10:02:40.000000000,100590,504,100383,504,100729,100,100346,100,100904,100,100121,100,,,100023,100,,,100005,100,,,99967,100,,,99882,100,,,99880,100,,,99877,100,,,99874,100
2019-06-28 10:02:47.625359030,100590,504,100383,404,100729,100,100346,100,100904,100,100121,100,,,100023,100,,,100005,100,,,99967,100,,,99882,100,,,99880,100,,,99877,100,,,99874,100
2019-06-28 10:02:48.478169443,100590,504,100383,404,100729,100,100346,100,100904,100,100121,100,,,100023,100,,,100005,100,,,99967,100,,,99882,100,,,99880,100,,,99877,100,,,99874,100
2019-06-28 10:02:50.000000000,100590,504,100346,504,100729,100,100121,100,100904,100,100023,100,,,100005,100,,,99967,100,,,99882,100,,,99880,100,,,99877,100,,,99874,100,,,99743,100
2019-06-28 10:02:51.334874139,100533,100,100346,504,100590,504,100121,100,100729,100,100023,100,100904,100,100005,100,,,99967,100,,,99882,100,,,99880,100,,,99877,100,,,99874,100,,,99743,100
2019-06-28 10:02:53.301651950,100533,200,100346,504,100590,504,100121,100,100729,100,100023,100,100904,100,100005,100,,,99967,100,,,99882,100,,,99880,100,,,99877,100,,,99874,100,,,99743,100
2019-06-28 10:03:00.000000000,100533,301,100346,201,100590,201,100121,201,100729,201,100023,201,100904,201,100005,201,,,99967,100,,,99882,100,,,99880,100,,,99877,100,,,99874,100,,,99743,100
2019-06-28 10:03:09.221365697,100533,301,100346,101,100590,201,100121,201,100729,201,100023,201,100904,201,100005,201,,,99967,100,,,99882,100,,,99880,100,,,99877,100,,,99874,100,,,99743,100
2019-06-28 10:03:10.000000000,100533,402,100121,302,100590,302,100023,302,100729,100,100005,100,100904,100,99967,100,,,99882,100,,,99880,100,,,99877,100,,,99874,100,,,99743,100,,,99593,100
2019-06-28 10:03:20.000000000,100533,337,100121,237,100590,233,100023,233,100729,233,100005,233,100904,100,99967,100,,,99882,100,,,99880,100,,,99877,100,,,99874,100,,,99743,100,,,99593,100
2019-06-28 10:03:30.000000000,100533,301,100121,201,100590,201,100023,201,100729,201,100005,201,100904,201,99967,201,,,99882,100,,,99880,100,,,99877,100,,,99874,100,,,99743,100,,,99593,100
2019-06-28 10:03:35.112612640,100383,100,100121,201,100533,301,100023,101,100590,201,100005,201,100729,201,99967,201,100904,201,99882,100,,,99880,100,,,99877,100,,,99874,100,,,99743,100,,,99593,100
2019-06-28 10:03:38.841882716,100383,100,100121,201,100533,301,100023,101,100590,201,100005,201,100729,201,99967,101,100904,201,99882,100,,,99880,100,,,99877,100,,,99874,100,,,99743,100,,,99593,100
2019-06-28 10:03:40.000000000,100383,504,100121,504,100533,200,100005,100,100590,100,99882,100,100729,100,99880,100,100904,100,99877,100,,,99874,100,,,99743,100,,,99593,100,,,99524,100,,,99452,100
2019-06-28 10:03:47.613573066,100383,504,100121,504,100533,200,100005,100,100590,100,99882,100,100729,100,99880,100,100904,100,99877,100,,,99874,100,,,99743,100,,,99593,100,,,99524,100,,,99452,100
2019-06-28 10:03:50.000000000,100383,504,100121,504,100533,200,100005,100,100590,100,99882,100,100729,100,99880,100,100904,100,99877,100,,,99874,100,,,99743,100,,,99593,100,,,99524,100,,,99452,100
2019-06-28 10:04:00.000000000,100383,504,100121,504,100533,200,100005,100,100590,100,99882,100,100729,100,99880,100,100904,100,99877,100,,,99874,100,,,99743,100,,,99593,100,,,99524,100,,,99452,100
2019-06-28 10:04:10.000000000,100383,302,100121,302,100533,402,100005,302,100590,100,99882,100,100729,100,99880,100,100904,100,99877,100,,,99874,100,,,99743,100,,,99593,100,,,99524,100,,,99452,100
2019-06-28 10:04:16.715773323,100383,402,100121,302,100533,402,100005,302,100590,100,99882,100,100729,100,99880,100,100904,100,99877,100,,,99874,100,,,99743,100,,,99593,100,,,99524,100,,,99452,100
2019-06-28 10:04:20.000000000,100383,402,100121,302,100533,402,100005,302,100590,100,99882,100,100729,100,99880,100,100904,100,99877,100,,,99874,100,,,99743,100,,,99593,100,,,99524,100,,,99452,100
2019-06-28 10:04:30.000000000,100383,281,100121,181,100533,281,100005,181,100590,181,99882,181,100729,181,99880,181,100904,181,99877,181,,,99874,100,,,99743,100,,,99593,100,,,99524,100,,,99452,100
2019-06-28 10:04:39.333841979,100383,281,100121,81,100533,281,100005,181,100590,181,99882,181,100729,181,99880,181,100904,181,99877,181,,,99874,100,,,99743,100,,,99593,100,,,99524,100,,,99452,100
2019-06-28 10:04:40.000000000,100383,301,100005,201,100533,301,99882,201,100590,201,99880,201,100729,201,99877,201,100904,100,99874,100,,,99743,100,,,99593,100,,,99524,100,,,99452,100,,,99298,100
2019-06-28 10:04:50.000000000,100383,337,100005,237,100533,333,99882,233,100590,233,99880,233,100729,100,99877,100,100904,100,99874,100,,,99743,100,,,99593,100,,,99524,100,,,99452,100,,,99298,100
2019-06-28 10:05:00.000000000,100383,604,100005,504,100533,200,99882,100,100590,100,99880,100,100729,100,99877,100,100904,100,99874,100,,,99743,100,,,99593,100,,,99524,100,,,99452,100,,,99298,100
2019-06-28 10:05:07.062711288,100346,100,100005,504,100383,604,99882,100,100533,200,99880,100,100590,100,99877,100,100729,100,99874,100,100904,100,99743,100,,,99593,100,,,99524,100,,,99452,100,,,99298,100
2019-06-28 10:05:10.000000000,100346,181,100005,181,100383,281,99882,181,100533,281,99880,181,100590,181,99877,181,100729,181,99874,181,100904,100,99743,100,,,99593,100,,,99524,100,,,99452,100,,,99298,100
2019-06-28 10:05:10.411317765,100346,281,100005,181,100383,281,99882,181,100533,281,99880,181,100590,181,99877,181,100729,181,99874,181,100904,100,99743,100,,,99593,100,,,99524,100,,,99452,100,,,99298,100
2019-06-28 10:05:13.354772345,100346,281,100005,81,100383,281,99882,181,100533,281,99880,181,100590,181,99877,181,100729,181,99874,181,100904,100,99743,100,,,99593,100,,,99524,100,,,99452,100,,,99298,100
2019-06-28 10:05:20.000000000,100346,301,99882,201,100383,301,99880,201,100533,301,99877,201,100590,201,99874,201,100729,100,99743,100,100904,100,99593,100,,,99524,100,,,99452,100,,,99298,100,,,99019,100
2019-06-28 10:05:27.206432986,100346,301,99882,201,100383,301,99880,201,100533,301,99877,201,100590,201,99874,201,100729,100,99743,100,100904,100,99593,100,,,99524,100,,,99452,100,,,99298,100,,,99019,100
2019-06-28 10:05:30.000000000,100346,402,99882,302,100383,402,99880,302,100533,200,99877,100,100590,100,99874,100,100729,100,99743,100,100904,100,99593,100,,,99524,100,,,99452,100,,,99298,100,,,99019,100
2019-06-28 10:05:35.851383430,100121,100,99882,302,100346,402,99880,302,100383,402,99874,100,100533,200,99743,100,100590,100,99593,100,100729,100,99524,100,100904,100,99452,100,,,99298,100,,,99019,100,,,98892,100
2019-06-28 10:05:40.000000000,100121,504,99882,504,100346,200,99880,100,100383,200,99874,100,100533,200,99743,100,100590,100,99593,100,100729,100,99524,100,100904,100,99452,100,,,99298,100,,,99019,100,,,98892,100
2019-06-28 10:05:45.314210443,100121,504,99882,504,100346,200,99880,100,100383,200,99874,100,100533,200,99743,100,100590,100,99593,100,100729,100,99524,100,,,99452,100,,,99298,100,,,99019,100,,,98892,100
2019-06-28 10:05:50.000000000,100121,201,99882,201,100346,301,99880,201,100383,301,99874,201,100533,301,99743,201,100590,100,99593,100,100729,100,99524,100,,,99452,100,,,99298,100,,,99019,100,,,98892,100
2019-06-28 10:05:57.052730785,100121,201,99882,201,100346,301,99880,201,100383,301,99874,201,100533,301,99743,201,100590,100,99593,100,100729,100,99524,100,,,99452,100,,,99298,100,,,99019,100,,,98892,100
2019-06-28 10:06:00.000000000,100121,504,99882,504,100346,200,99880,100,100383,200,99874,100,100533,200,99743,100,100590,100,99593,100,100729,100,99524,100,,,99452,100,,,99298,100,,,99019,100,,,98892,100
2019-06-28 10:06:10.000000000,100121,302,99882,302,100346,402,99880,302,100383,200,99874,100,100533,200,99743,100,100590,100,99593,100,100729,100,99524,100,,,99452,100,,,99298,100,,,99019,100,,,98892,100
2019-06-28 10:06:12.136878295,100121,302,99882,302,100346,402,99880,302,100383,200,99874,100,100533,200,99593,100,100590,100,99524,100,100729,100,99452,100,,,99298,100,,,99019,100,,,98931,100,,,98892,100
2019-06-28 10:06:20.000000000,100121,201,99882,201,100346,301,99880,201,100383,301,99874,201,100533,301,99593,201,100590,100,99524,100,100729,100,99452,100,,,99298,100,,,99019,100,,,98931,100,,,98892,100
2019-06-28 10:06:30.000000000,100121,181,99882,181,100346,281,99880,181,100383,281,99874,181,100533,281,99593,181,100590,181,99524,181,100729,100,99452,100,,,99298,100,,,99019,100,,,98931,100,,,98892,100
2019-06-28 10:06:31.763494100,100121,181,99882,181,100346,281,99880,181,100383,281,99874,181,100533,281,99593,181,100590,181,99524,181,100729,100,99452,100,,,99298,100,,,99019,100,,,98931,100,,,98892,100
2019-06-28 10:06:40.000000000,100121,504,99882,504,100346,200,99880,100,100383,200,99874,100,100533,200,99593,100,100590,100,99524,100,100729,100,99452,100,,,99298,100,,,99019,100,,,98931,100,,,98892,100
2019-06-28 10:06:46.222111391,100121,604,99882,504,100346,200,99880,100,100383,200,99874,100,100533,200,99593,100,100590,100,99524,100,100729,100,99452,100,,,99298,100,,,99019,100,,,98931,100,,,98892,100
2019-06-28 10:06:50.000000000,100121,281,99882,181,100346,281,99880,181,100383,281,99874,181,100533,281,99593,181,100590,181,99524,181,100729,100,99452,100,,,99298,100,,,99019,100,,,98931,100,,,98892,100
2019-06-28 10:07:00.000000000,100121,337,99882,237,100346,333,99880,233,100383,333,99874,233,100533,200,99593,100,100590,100,99524,100,100729,100,99452,100,,,99298,100,,,99019,100,,,98931,100,,,98892,100
2019-06-28 10:07:01.968802050,100121,337,99882,137,100346,333,99880,233,100383,333,99874,233,100533,200,99593,100,100590,100,99524,100,100729,100,99452,100,,,99298,100,,,99019,100,,,98931,100,,,98892,100
2019-06-28 10:07:10.000000000,100121,604,99880,504,100346,200,99874,100,100383,200,99593,100,100533,200,99524,100,100590,100,99452,100,100729,100,99298,100,,,99019,100,,,98931,100,,,98892,100,,,98810,100
2019-06-28 10:07:17.480573191,100005,100,99880,504,100121,604,99874,100,100346,200,99593,100,100383,200,99524,100,100533,200,99452,100,100590,100,99298,100,100729,100,99019,100,,,98931,100,,,98892,100,,,98810,100
2019-06-28 10:07:20.000000000,100005,504,99880,504,100121,200,99874,100,100346,200,99593,100,100383,200,99524,100,100533,200,99452,100,100590,100,99298,100,100729,100,99019,100,,,98931,100,,,98892,100,,,98810,100
2019-06-28 10:07:30.000000000,100005,201,99880,201,100121,301,99874,201,100346,301,99593,201,100383,301,99524,201,100533,200,99452,100,100590,100,99298,100,100729,100,99019,100,,,98931,100,,,98892,100,,,98810,100
2019-06-28 10:07:40.000000000,100005,181,99880,181,100121,281,99874,181,100346,281,99593,181,100383,281,99524,181,100533,281,99452,181,100590,100,99298,100,100729,100,99019,100,,,98931,100,,,98892,100,,,98810,100
2019-06-28 10:07:46.448808768,100005,181,99880,181,100121,281,99874,181,100346,281,99593,181,100383,281,99524,181,100533,281,99452,181,100590,100,99298,100,100729,100,99019,100,,,98931,100,,,98892,100,,,98810,100
2019-06-28 10:07:48.314526105,100005,181,99880,181,100121,281,99874,181,100346,281,99593,181,100383,281,99524,181,100533,281,99452,181,100590,100,99298,100,100729,100,99019,100,,,98931,100,,,98892,100,,,98810,100
2019-06-28 10:07:50.000000000,100005,181,99880,181,100121,281,99874,181,100346,281,99593,181,100383,281,99524,181,100533,281,99452,181,100590,100,99298,100,100729,100,99019,100,,,98931,100,,,98892,100,,,98810,100
2019-06-28 10:07:52.343895297,100005,181,99880,181,100121,281,99874,181,100346,281,99593,181,100383,281,99524,181,100533,281,99452,181,100590,100,99298,100,100729,100,99019,100,,,98931,100,,,98892,100,,,98810,100
2019-06-28 10:08:00.000000000,100005,237,99880,237,100121,333,99874,233,100346,333,99593,233,100383,200,99524,100,100533,200,99452,100,100590,100,99298,100,100729,100,99019,100,,,98931,100,,,98892,100,,,98810,100
2019-06-28 10:08:10.000000000,100005,201,99880,201,100121,301,99874,201,100346,301,99593,201,100383,301,99524,201,100533,200,99452,100,100590,100,99298,100,100729,100,99019,100,,,98931,100,,,98892,100,,,98810,100
2019-06-28 10:08:17.228947009,100005,201,99880,201,100121,301,99874,201,100346,301,99593,201,100383,301,99524,201,100533,200,99452,100,100590,100,99298,100,100729,100,99019,100,,,98931,100,,,98892,100,,,98810,100
2019-06-28 10:08:20.000000000,100005,201,99880,201,100121,301,99874,201,100346,301,99593,201,100383,301,99524,201,100533,200,99452,100,100590,100,99298,100,100729,100,99019,100,,,98931,100,,,98892,100,,,98810,100
2019-06-28 10:08:24.199324813,100005,201,99880,201,100121,301,99874,201,100346,301,99593,201,100383,301,99524,201,100533,200,99452,100,100590,100,99298,100,100729,100,99019,100,,,98931,100,,,98892,100,,,98810,100
2019-06-28 10:08:30.000000000,100005,201,99880,201,100121,301,99874,201,100346,301,99593,201,100383,301,99524,201,100533,200,99452,100,100590,100,99298,100,100729,100,99019,100,,,98931,100,,,98892,100,,,98810,100
2019-06-28 10:08:40.000000000,100005,181,99880,181,100121,281,99874,181,100346,281,99593,181,100383,281,99524,181,100533,281,99452,181,100590,100,99298,100,100729,100,99019,100,,,98931,100,,,98892,100,,,98810,100
2019-06-28 10:08:46.544197885,100005,181,99880,81,100121,281,99874,181,100346,281,99593,181,100383,281,99524,181,100533,281,99452,181,100590,100,99298,100,100729,100,99019,100,,,98931,100,,,98892,100,,,98810,100
2019-06-28 10:08:47.172391422,100005,181,99880,81,100121,281,99874,181,100346,281,99593,181,100383,281,99524,181,100533,281,99452,81,100590,100,99298,100,100729,100,99019,100,,,98931,100,,,98892,100,,,98810,100
2019-06-28 10:08:50.000000000,100005,504,99874,504,100121,200,99593,100,100346,200,99524,100,100383,200,99298,100,100533,200,99019,100,100590,100,98931,100,100729,100,98892,100,,,98810,100,,,98784,100,,,98758,100
