,ask_price_1,ask_size_1,bid_price_1,bid_size_1,ask_price_2,ask_size_2,bid_price_2,bid_size_2,ask_price_3,ask_size_3,bid_price_3,bid_size_3,ask_price_4,ask_size_4,bid_price_4,bid_size_4,ask_price_5,ask_size_5,bid_price_5,bid_size_5,ask_price_6,ask_size_6,bid_price_6,bid_size_6,ask_price_7,ask_size_7,bid_price_7,bid_size_7,ask_price_8,ask_size_8,bid_price_8,bid_size_8,ask_price_9,ask_size_9,bid_price_9,bid_size_9,ask_price_10,ask_size_10,bid_price_10,bid_size_10
2019-06-28 09:30:00.000000003,99995,100,,,,,,,,,,,,,,,,,,,,,,,,,,,,,,,,,,,,,,
2019-06-28 09:30:00.000000006,99995,100,99919,100,,,,,,,,,,,,,,,,,,,,,,,,,,,,,,,,,,,,
2019-06-28 09:30:00.000000007,99995,100,99919,100,100041,100,99882,100,,,,,,,,,,,,,,,,,,,,,,,,,,,,,,,,
2019-06-28 09:30:00.000000008,99986,100,99919,100,99995,100,99882,100,100041,100,,,,,,,,,,,,,,,,,,,,,,,,,,,,,,
2019-06-28 09:30:00.000000012,99986,100,99961,100,99995,100,99919,100,100041,100,99882,100,,,,,,,,,,,,,,,,,,,,,,,,,,,,
2019-06-28 09:30:00.000000013,99986,100,99961,100,99995,100,99919,100,100041,100,99882,100,,,99871,100,,,,,,,,,,,,,,,,,,,,,,,,
2019-06-28 09:30:00.000000015,99986,100,99961,100,99995,100,99919,100,100019,100,99882,100,100041,100,99871,100,,,99835,100,,,,,,,,,,,,,,,,,,,,
2019-06-28 09:30:00.000000016,99986,100,99961,100,99995,100,99919,100,100019,100,99882,100,100041,100,99871,100,100046,100,99835,100,,,,,,,,,,,,,,,,,,,,
2019-06-28 09:30:00.000000019,99986,100,99961,100,99995,100,99919,100,100019,100,99882,100,100041,100,99871,100,100046,100,99835,100,100062,100,99831,100,100066,100,,,,,,,,,,,,,,
2019-06-28 09:30:00.000000020,99995,100,99961,100,100019,100,99919,100,100041,100,99882,100,100046,100,99871,100,100062,100,99835,100,100066,100,99831,100,,,,,,,,,,,,,,,,
2019-06-28 09:30:00.000000021,100019,100,99961,100,100041,100,99919,100,100046,100,99882,100,100062,100,99871,100,100066,100,99835,100,,,99831,100,,,,,,,,,,,,,,,,
2019-06-28 09:30:00.000000022,100019,100,99986,100,100041,100,99961,100,100046,100,99919,100,100062,100,99882,100,100066,100,99871,100,,,99835,100,,,99831,100,,,,,,,,,,,,
2019-06-28 09:30:00.000000023,100041,100,99986,100,100046,100,99961,100,100062,100,99919,100,100066,100,99882,100,,,99871,100,,,99835,100,,,99831,100,,,,,,,,,,,,
2019-06-28 09:30:00.000000026,100019,100,99986,100,100041,100,99961,100,100046,100,99919,100,100062,100,99882,100,100066,100,99871,100,,,99835,100,,,99831,100,,,,,,,,,,,,
2019-06-28 09:30:00.000000028,100041,100,99986,100,100046,100,99961,100,100062,100,99947,100,100066,100,99919,100,,,99896,100,,,99882,100,,,99871,100,,,99835,100,,,99831,100,,,,
2019-06-28 09:30:00.000000029,100036,100,99986,100,100041,100,99961,100,100046,100,99947,100,100062,100,99919,100,100066,100,99896,100,,,99882,100,,,99871,100,,,99835,100,,,99831,100,,,,
2019-06-28 09:30:00.000000030,100036,100,100019,100,100041,100,99986,100,100046,100,99961,100,100062,100,99947,100,100066,100,99919,100,,,99896,100,,,99882,100,,,99871,100,,,99835,100,,,99831,100
2019-06-28 09:30:00.000000032,100036,100,99986,100,100041,100,99961,100,100046,100,99947,100,100062,100,99919,100,100066,100,99896,100,,,99882,100,,,99871,100,,,99835,100,,,99831,100,,,,
2019-06-28 09:30:00.000000033,100036,100,100027,100,100041,100,99986,100,100046,100,99961,100,100062,100,99947,100,100066,100,99919,100,,,99896,100,,,99882,100,,,99871,100,,,99835,100,,,99831,100
2019-06-28 09:30:00.000000034,100036,100,100027,100,100041,100,99986,100,100042,100,99961,100,100046,100,99947,100,100062,100,99919,100,100066,100,99896,100,,,99882,100,,,99871,100,,,99835,100,,,99831,100
2019-06-28 09:30:00.000000035,100036,100,99986,100,100041,100,99961,100,100042,100,99947,100,100046,100,99919,100,100056,100,99896,100,100062,100,99882,100,100066,100,99871,100,,,99835,100,,,99831,100,,,,
2019-06-28 09:30:00.000000037,100036,100,99961,100,100041,100,99947,100,100042,100,99919,100,100046,100,99896,100,100056,100,99882,100,100062,100,99871,100,100066,100,99835,100,,,99831,100,,,,,,,,
2019-06-28 09:30:00.000000039,100036,100,99980,100,100041,100,99961,100,100042,100,99947,100,100046,100,99919,100,100056,100,99896,100,100062,100,99882,100,100066,100,99871,100,,,99835,100,,,99831,100,,,,
2019-06-28 09:30:00.000000040,100003,100,99980,100,100036,100,99961,100,100041,100,99947,100,100042,100,99919,100,100046,100,99896,100,100056,100,99882,100,100062,100,99871,100,100066,100,99835,100,,,99831,100,,,,
2019-06-28 09:30:00.000000041,100003,100,99980,100,100036,100,99961,100,100041,100,99947,100,100042,100,99919,100,100046,100,99896,100,100054,100,99882,100,100056,100,99871,100,100062,100,99835,100,100066,100,99831,100,,,,
2019-06-28 09:30:00.000000042,100003,100,99980,100,100027,100,99961,100,100036,100,99947,100,100041,100,99919,100,100042,100,99896,100,100046,100,99882,100,100054,100,99871,100,100056,100,99835,100,100062,100,99831,100,100066,100,,
2019-06-28 09:30:00.000000044,100003,100,99980,100,100027,100,99961,100,100036,100,99951,100,100041,100,99947,100,100042,100,99919,100,100046,100,99896,100,100054,100,99882,100,100056,100,99871,100,100062,100,99835,100,100066,100,99831,100
2019-06-28 09:30:00.000000046,100003,100,99980,100,100007,100,99961,100,100027,100,99951,100,100036,100,99947,100,100041,100,99919,100,100042,100,99896,100,100046,100,99882,100,100054,100,99871,100,100056,100,99835,100,100062,100,99831,100
2019-06-28 09:30:00.000000048,100007,100,99980,100,100027,100,99961,100,100036,100,99951,100,100041,100,99947,100,100042,100,99919,100,100046,100,99896,100,100054,100,99882,100,100056,100,99871,100,100062,100,99835,100,100066,100,99831,100
2019-06-28 09:30:00.000000051,100007,100,99980,100,100027,100,99961,100,100036,100,99951,100,100041,100,99947,100,100042,100,99919,100,100046,100,99896,100,100054,100,99882,100,100056,100,99871,100,100062,100,99837,100,100066,100,99835,100
2019-06-28 09:30:00.000000053,100007,100,99994,100,100027,100,99980,100,100036,100,99961,100,100041,100,99951,100,100042,100,99947,100,100046,100,99919,100,100054,100,99896,100,100056,100,99882,100,100062,100,99871,100,100066,100,99837,100
2019-06-28 09:30:00.000000056,100007,100,99994,100,100027,100,99980,100,100036,100,99961,100,100041,100,99951,100,100042,100,99947,100,100046,100,99919,100,100054,100,99896,100,100056,100,99882,100,100062,100,99871,100,100066,100,99837,100
2019-06-28 09:30:00.000000061,100007,100,99994,200,100027,100,99980,100,100036,100,99961,100,100041,100,99951,100,100042,100,99947,100,100046,100,99919,100,100054,100,99896,100,100056,100,99882,100,100062,100,99871,100,100066,100,99837,100
2019-06-28 09:30:00.000000063,100027,100,99995,100,100036,100,99994,200,100041,100,99980,100,100042,100,99961,100,100046,100,99951,100,100054,100,99947,100,100056,100,99919,100,100062,100,99896,100,100066,100,99882,100,100076,100,99871,100
2019-06-28 09:30:00.000000066,100027,100,99995,100,100036,100,99994,200,100041,100,99980,100,100042,100,99961,100,100046,100,99951,100,100053,100,99947,100,100054,100,99919,100,100056,100,99896,100,100062,100,99882,100,100066,100,99871,100
2019-06-28 09:30:00.000000068,100007,100,99995,100,100027,100,99994,200,100036,100,99980,100,100041,100,99961,100,100042,100,99951,100,100046,100,99947,100,100053,100,99919,100,100054,100,99896,100,100056,100,99882,100,100062,100,99871,100
2019-06-28 09:30:00.000000070,100027,100,99995,100,100036,100,99994,200,100041,100,99980,100,100042,100,99961,100,100046,100,99951,100,100053,100,99947,100,100054,100,99919,100,100056,100,99896,100,100062,100,99882,100,100066,100,99871,100
2019-06-28 09:30:00.000000074,100027,100,99995,100,100036,100,99994,200,100041,100,99980,100,100042,100,99961,100,100046,100,99951,100,100053,100,99947,100,100054,100,99919,100,100056,100,99896,100,100062,100,99883,100,100066,100,99882,100
2019-06-28 09:30:00.000000075,100027,100,99994,200,100036,100,99980,100,100041,100,99961,100,100042,100,99951,100,100046,100,99947,100,100053,100,99919,100,100054,100,99917,100,100056,100,99896,100,100062,100,99883,100,100066,100,99882,100
2019-06-28 09:30:00.000000079,100036,100,99994,200,100041,100,99980,100,100042,100,99961,100,100046,100,99951,100,100053,100,99947,100,100054,100,99919,100,100056,100,99917,100,100062,100,99896,100,100066,100,99883,100,100076,100,99882,100
2019-06-28 09:30:00.000000082,100036,100,99995,100,100041,100,99994,200,100042,100,99980,100,100046,100,99961,100,100053,100,99951,100,100054,100,99947,100,100056,100,99919,100,100062,100,99917,100,100066,100,99896,100,100076,100,99883,100
2019-06-28 09:30:00.000000084,100036,100,99995,100,100041,100,99994,200,100042,100,99980,100,100043,100,99961,100,100046,100,99951,100,100053,100,99947,100,100054,100,99919,100,100056,100,99917,100,100062,100,99896,100,100066,100,99883,100
2019-06-28 09:30:00.000000085,100036,100,100018,100,100041,100,99995,100,100042,100,99994,200,100043,100,99980,100,100046,100,99961,100,100053,100,99951,100,100054,100,99947,100,100056,100,99919,100,100062,100,99917,100,100066,100,99896,100
2019-06-28 09:30:00.000000091,100036,100,100018,100,100041,100,99995,100,100042,100,99994,200,100043,100,99980,100,100046,100,99961,100,100051,100,99951,100,100053,100,99947,100,100054,100,99919,100,100056,100,99917,100,100062,100,99896,100
2019-06-28 09:30:00.000000093,100027,100,100018,100,100036,100,99995,100,100041,100,99994,200,100042,100,99980,100,100043,100,99961,100,100046,100,99951,100,100051,100,99947,100,100053,100,99925,100,100054,100,99919,100,100056,100,99917,100
2019-06-28 09:30:00.000000097,100027,100,100018,100,100036,100,99995,100,100041,100,99994,200,100042,100,99980,100,100043,100,99961,100,100046,100,99951,100,100051,100,99947,100,100053,100,99925,100,100054,100,99919,100,100056,100,99917,100
2019-06-28 09:30:00.000000098,100027,100,100018,100,100036,100,99995,100,100041,100,99994,200,100042,100,99980,100,100043,100,99961,100,100046,100,99951,100,100051,100,99947,100,100053,100,99925,100,100054,100,99919,100,100056,100,99917,100
2019-06-28 09:30:00.000000099,100027,100,100018,100,100033,100,99995,100,100036,100,99994,200,100041,100,99980,100,100042,100,99961,100,100043,100,99951,100,100046,100,99947,100,100051,100,99925,100,100053,100,99919,100,100054,100,99917,100
2019-06-28 09:30:03.627242146,100027,100,100018,100,100033,100,99995,100,100036,100,99994,200,100041,100,99980,100,100042,100,99970,100,100043,100,99961,100,100046,100,99951,100,100051,100,99947,100,100053,100,99925,100,100054,100,99919,100
2019-06-28 09:30:10.000000000,100027,334,100018,334,100033,334,99995,334,100036,100,99994,200,100041,100,99980,100,100042,100,99970,100,100043,100,99961,100,100046,100,99951,100,100051,100,99947,100,100053,100,99925,100,100054,100,99919,100
2019-06-28 09:30:20.000000000,100027,259,100018,259,100033,254,99995,254,100036,254,99994,354,100041,100,99980,100,100042,100,99970,100,100043,100,99961,100,100046,100,99951,100,100051,100,99947,100,100053,100,99925,100,100054,100,99919,100
2019-06-28 09:30:28.198942480,100027,259,100018,259,100033,254,99995,254,100036,254,99994,354,100041,100,99970,100,100042,100,99961,100,100043,100,99951,100,100046,100,99947,100,100051,100,99933,100,100053,100,99925,100,100054,100,99919,100
2019-06-28 09:30:30.000000000,100027,568,100018,568,100033,100,99995,100,100036,100,99994,200,100041,100,99970,100,100042,100,99961,100,100043,100,99951,100,100046,100,99947,100,100051,100,99933,100,100053,100,99925,100,100054,100,99919,100
2019-06-28 09:30:36.537771237,100027,568,100018,468,100033,100,99995,100,100036,100,99994,200,100041,100,99970,100,100042,100,99961,100,100046,100,99951,100,100051,100,99947,100,100053,100,99933,100,100054,100,99925,100,100062,100,99919,100
2019-06-28 09:30:38.304070435,100027,568,100018,468,100033,100,99995,100,100036,100,99994,200,100041,100,99970,100,100042,100,99961,100,100046,100,99951,100,100051,100,99947,100,100053,100,99933,100,100054,100,99925,100,100062,100,99919,100
2019-06-28 09:30:39.548760657,100027,568,100018,368,100033,100,99995,100,100036,100,99994,200,100041,100,99970,100,100042,100,99961,100,100046,100,99951,100,100051,100,99933,100,100053,100,99925,100,100054,100,99919,100,100062,100,99917,100
2019-06-28 09:30:39.825741217,100027,568,100018,268,100033,100,99995,100,100036,100,99994,200,100041,100,99970,100,100042,100,99961,100,100046,100,99951,100,100051,100,99933,100,100053,100,99925,100,100054,100,99919,100,100062,100,99917,100
2019-06-28 09:30:40.000000000,100027,568,99995,568,100033,100,99994,200,100036,100,99970,100,100041,100,99961,100,100042,100,99951,100,100046,100,99933,100,100051,100,99925,100,100053,100,99919,100,100054,100,99917,100,100062,100,99896,100
2019-06-28 09:30:41.534206773,100027,568,99995,568,100033,100,99994,200,100036,100,99970,100,100041,100,99961,100,100042,100,99951,100,100046,100,99933,100,100051,100,99925,100,100053,100,99919,100,100054,100,99917,100,100062,100,99896,100
2019-06-28 09:30:46.032456210,100027,468,99995,568,100033,100,99994,200,100036,100,99970,100,100041,100,99961,100,100042,100,99951,100,100046,100,99933,100,100051,100,99925,100,100053,100,99919,100,100054,100,99917,100,100062,100,99896,100
2019-06-28 09:30:50.000000000,100033,568,99995,568,100036,100,99994,200,100041,100,99970,100,100042,100,99961,100,100046,100,99951,100,100051,100,99933,100,100053,100,99925,100,100054,100,99919,100,100062,100,99917,100,100066,100,99896,100
2019-06-28 09:31:00.000000000,100033,194,99995,194,100036,194,99994,294,100041,194,99970,194,100042,194,99961,194,100046,194,99951,194,100051,100,99933,100,100053,100,99925,100,100054,100,99919,100,100062,100,99917,100,100066,100,99896,100
2019-06-28 09:31:00.416982942,100033,194,99995,194,100036,194,99994,294,100041,194,99970,194,100042,194,99961,194,100046,194,99951,194,100051,100,99933,100,100053,100,99925,100,100054,100,99919,100,100062,100,99917,100,100066,100,99896,100
2019-06-28 09:31:03.569555691,100033,194,100018,100,100036,194,99995,194,100041,194,99994,294,100042,194,99970,194,100046,194,99961,194,100051,100,99951,194,100053,100,99933,100,100054,100,99925,100,100062,100,99919,100,100066,100,99917,100
2019-06-28 09:31:10.000000000,100033,194,100018,194,100036,194,99995,194,100041,194,99994,294,100042,194,99970,194,100046,194,99961,194,100051,100,99951,100,100053,100,99933,100,100054,100,99925,100,100062,100,99919,100,100066,100,99917,100
2019-06-28 09:31:20.000000000,100033,334,100018,334,100036,334,99995,334,100041,100,99994,200,100042,100,99970,100,100046,100,99961,100,100051,100,99951,100,100053,100,99933,100,100054,100,99925,100,100062,100,99919,100,100066,100,99917,100
2019-06-28 09:31:30.000000000,100033,568,100018,568,100036,100,99995,100,100041,100,99994,200,100042,100,99970,100,100046,100,99961,100,100051,100,99951,100,100053,100,99933,100,100054,100,99925,100,100062,100,99919,100,100066,100,99917,100
2019-06-28 09:31:36.037044517,100033,568,100018,568,100036,100,99995,100,100041,100,99994,200,100042,100,99970,100,100046,100,99961,100,100051,100,99951,100,100053,100,99933,100,100054,100,99925,100,100062,100,99919,100,100066,100,99917,100
2019-06-28 09:31:40.000000000,100033,334,100018,334,100036,334,99995,334,100041,100,99994,200,100042,100,99970,100,100046,100,99961,100,100051,100,99951,100,100053,100,99933,100,100054,100,99925,100,100062,100,99919,100,100066,100,99917,100
2019-06-28 09:31:41.462857479,100033,334,100018,334,100036,334,99995,334,100041,100,99994,200,100042,100,99970,100,100046,100,99961,100,100051,100,99951,100,100053,100,99933,100,100054,100,99925,100,100062,100,99919,100,100066,100,99917,100
2019-06-28 09:31:50.000000000,100033,194,100018,194,100036,194,99995,194,100041,194,99994,294,100042,194,99970,194,100046,194,99961,194,100051,100,99951,100,100053,100,99933,100,100054,100,99925,100,100062,100,99919,100,100066,100,99917,100
2019-06-28 09:32:00.000000000,100033,259,100018,259,100036,254,99995,254,100041,254,99994,354,100042,100,99970,100,100046,100,99961,100,100051,100,99951,100,100053,100,99933,100,100054,100,99925,100,100062,100,99919,100,100066,100,99917,100
2019-06-28 09:32:10.000000000,100033,568,100018,568,100036,100,99995,100,100041,100,99994,200,100042,100,99970,100,100046,100,99961,100,100051,100,99951,100,100053,100,99933,100,100054,100,99925,100,100062,100,99919,100,100066,100,99917,100
2019-06-28 09:32:11.308968586,100033,568,100018,568,100036,100,99995,100,100041,100,99994,200,100042,100,99970,100,100046,100,99951,100,100051,100,99933,100,100053,100,99925,100,100054,100,99919,100,100062,100,99917,100,100066,100,99896,100
2019-06-28 09:32:20.000000000,100033,334,100018,334,100036,334,99995,334,100041,100,99994,200,100042,100,99970,100,100046,100,99951,100,100051,100,99933,100,100053,100,99925,100,100054,100,99919,100,100062,100,99917,100,100066,100,99896,100
2019-06-28 09:32:30.000000000,100033,568,100018,568,100036,100,99995,100,100041,100,99994,200,100042,100,99970,100,100046,100,99951,100,100051,100,99933,100,100053,100,99925,100,100054,100,99919,100,100062,100,99917,100,100066,100,99896,100
2019-06-28 09:32:40.000000000,100033,194,100018,194,100036,194,99995,194,100041,194,99994,294,100042,194,99970,194,100046,194,99951,194,100051,100,99933,100,100053,100,99925,100,100054,100,99919,100,100062,100,99917,100,100066,100,99896,100
2019-06-28 09:32:50.000000000,100033,568,100018,568,100036,100,99995,100,100041,100,99994,200,100042,100,99970,100,100046,100,99951,100,100051,100,99933,100,100053,100,99925,100,100054,100,99919,100,100062,100,99917,100,100066,100,99896,100
2019-06-28 09:33:00.000000000,100033,194,100018,194,100036,194,99995,194,100041,194,99994,294,100042,194,99970,194,100046,194,99951,194,100051,100,99933,100,100053,100,99925,100,100054,100,99919,100,100062,100,99917,100,100066,100,99896,100
2019-06-28 09:33:00.580946218,100033,194,100018,94,100036,194,99995,194,100041,194,99994,294,100042,194,99970,194,100046,194,99951,194,100051,100,99933,100,100053,100,99925,100,100054,100,99919,100,100062,100,99917,100,100066,100,99896,100
2019-06-28 09:33:10.000000000,100033,194,99995,194,100036,194,99994,294,100041,194,99970,194,100042,194,99951,194,100046,194,99933,194,100051,100,99925,100,100053,100,99919,100,100054,100,99917,100,100062,100,99896,100,100066,100,99883,100
2019-06-28 09:33:20.000000000,100033,217,99995,217,100036,217,99994,317,100041,217,99970,217,100042,217,99951,217,100046,100,99933,100,100051,100,99925,100,100053,100,99919,100,100054,100,99917,100,100062,100,99896,100,100066,100,99883,100
2019-06-28 09:33:30.000000000,100033,217,99995,217,100036,217,99994,317,100041,217,99970,217,100042,217,99951,217,100046,100,99933,100,100051,100,99925,100,100053,100,99919,100,100054,100,99917,100,100062,100,99896,100,100066,100,99883,100
2019-06-28 09:33:40.000000000,100033,259,99995,259,100036,254,99994,354,100041,254,99970,254,100042,100,99951,100,100046,100,99933,100,100051,100,99925,100,100053,100,99919,100,100054,100,99917,100,100062,100,99896,100,100066,100,99883,100
2019-06-28 09:33:48.922993629,100033,159,99995,259,100036,154,99994,354,100041,254,99970,254,100042,100,99951,100,100046,100,99933,100,100051,100,99925,100,100053,100,99919,100,100054,100,99917,100,100062,100,99896,100,100066,100,99883,100
2019-06-28 09:33:50.000000000,100041,334,99995,334,100042,334,99994,434,100046,100,99970,100,100051,100,99951,100,100053,100,99933,100,100054,100,99925,100,100062,100,99919,100,100066,100,99917,100,100076,100,99896,100,100077,100,99883,100
2019-06-28 09:33:51.417312747,100041,334,100019,100,100042,334,99995,334,100046,100,99994,434,100051,100,99970,100,100053,100,99951,100,100054,100,99933,100,100062,100,99925,100,100066,100,99919,100,100076,100,99917,100,100077,100,99896,100
2019-06-28 09:34:00.000000000,100041,568,100019,568,100042,100,99995,100,100046,100,99994,200,100051,100,99970,100,100053,100,99951,100,100054,100,99933,100,100062,100,99925,100,100066,100,99919,100,100076,100,99917,100,100077,100,99896,100
2019-06-28 09:34:06.858421716,100041,568,100019,568,100042,100,99995,100,100046,100,99994,200,100051,100,99970,100,100053,100,99951,100,100054,100,99933,100,100062,100,99925,100,100066,100,99919,100,100076,100,99917,100,100077,100,99896,100
2019-06-28 09:34:10.000000000,100041,194,100019,194,100042,194,99995,194,100046,194,99994,294,100051,194,99970,194,100053,194,99951,194,100054,100,99933,100,100062,100,99925,100,100066,100,99919,100,100076,100,99917,100,100077,100,99896,100
2019-06-28 09:34:20.000000000,100041,568,100019,568,100042,100,99995,100,100046,100,99994,200,100051,100,99970,100,100053,100,99951,100,100054,100,99933,100,100062,100,99925,100,100066,100,99919,100,100076,100,99917,100,100077,100,99896,100
2019-06-28 09:34:30.000000000,100041,259,100019,259,100042,254,99995,254,100046,254,99994,354,100051,100,99970,100,100053,100,99951,100,100054,100,99933,100,100062,100,99925,100,100066,100,99919,100,100076,100,99917,100,100077,100,99896,100
2019-06-28 09:34:40.000000000,100041,217,100019,217,100042,217,99995,217,100046,217,99994,317,100051,217,99970,217,100053,100,99951,100,100054,100,99933,100,100062,100,99925,100,100066,100,99919,100,100076,100,99917,100,100077,100,99896,100
2019-06-28 09:34:50.000000000,100041,259,100019,259,100042,254,99995,254,100046,254,99994,354,100051,100,99970,100,100053,100,99951,100,100054,100,99933,100,100062,100,99925,100,100066,100,99919,100,100076,100,99917,100,100077,100,99896,100
2019-06-28 09:35:00.000000000,100041,334,100019,334,100042,334,99995,334,100046,100,99994,200,100051,100,99970,100,100053,100,99951,100,100054,100,99933,100,100062,100,99925,100,100066,100,99919,100,100076,100,99917,100,100077,100,99896,100
2019-06-28 09:35:10.000000000,100041,259,100019,259,100042,254,99995,254,100046,254,99994,354,100051,100,99970,100,100053,100,99951,100,100054,100,99933,100,100062,100,99925,100,100066,100,99919,100,100076,100,99917,100,100077,100,99896,100
2019-06-28 09:35:20.000000000,100041,259,100019,259,100042,254,99995,254,100046,254,99994,354,100051,100,99970,100,100053,100,99951,100,100054,100,99933,100,100062,100,99925,100,100066,100,99919,100,100076,100,99917,100,100077,100,99896,100
2019-06-28 09:35:30.000000000,100041,568,100019,568,100042,100,99995,100,100046,100,99994,200,100051,100,99970,100,100053,100,99951,100,100054,100,99933,100,100062,100,99925,100,100066,100,99919,100,100076,100,99917,100,100077,100,99896,100
2019-06-28 09:35:33.996836949,100041,568,100019,568,100042,100,99995,100,100046,100,99994,200,100051,100,99970,100,100053,100,99951,100,100054,100,99933,100,100062,100,99925,100,100066,100,99919,100,100076,100,99917,100,100077,100,99896,100
2019-06-28 09:35:40.000000000,100041,334,100019,334,100042,334,99995,334,100046,100,99994,200,100051,100,99970,100,100053,100,99951,100,100054,100,99933,100,100062,100,99925,100,100066,100,99919,100,100076,100,99917,100,100077,100,99896,100
2019-06-28 09:35:40.688142893,100041,334,100019,334,100042,334,99995,334,100046,100,99994,200,100051,100,99970,100,100053,100,99951,100,100054,100,99933,100,100062,100,99925,100,100066,100,99919,100,100076,100,99917,100,100077,100,99896,100
2019-06-28 09:35:41.725481078,100041,334,100019,334,100042,334,99995,334,100046,100,99994,200,100051,100,99970,100,100053,100,99951,100,100054,100,99933,100,100062,100,99925,100,100066,100,99919,100,100076,100,99917,100,100077,100,99896,100
2019-06-28 09:35:45.545929741,100041,334,100019,434,100042,334,99995,334,100046,100,99994,200,100051,100,99970,100,100053,100,99951,100,100054,100,99933,100,100062,100,99925,100,100066,100,99919,100,100076,100,99917,100,100077,100,99896,100
2019-06-28 09:35:50.000000000,100041,259,100019,359,100042,254,99995,254,100046,254,99994,354,100051,100,99970,100,100053,100,99951,100,100054,100,99933,100,100062,100,99925,100,100066,100,99919,100,100076,100,99917,100,100077,100,99896,100
2019-06-28 09:35:57.382380799,100041,159,100019,359,100042,254,99995,254,100046,254,99994,354,100051,100,99970,100,100054,100,99951,100,100062,100,99933,100,100066,100,99925,100,100076,100,99919,100,100077,100,99917,100,100088,100,99896,100
2019-06-28 09:36:00.000000000,100042,194,100019,294,100046,194,99995,194,100051,194,99994,294,100054,194,99970,194,100062,194,99951,194,100066,100,99933,100,100076,100,99925,100,100077,100,99919,100,100088,100,99917,100,100103,100,99896,100
2019-06-28 09:36:10.000000000,100042,194,100019,294,100046,194,99995,194,100051,194,99994,294,100054,194,99970,194,100062,194,99951,194,100066,100,99933,100,100076,100,99925,100,100077,100,99919,100,100088,100,99917,100,100103,100,99896,100
2019-06-28 09:36:20.000000000,100042,194,100019,294,100046,194,99995,194,100051,194,99994,294,100054,194,99970,194,100062,194,99951,194,100066,100,99933,100,100076,100,99925,100,100077,100,99919,100,100088,100,99917,100,100103,100,99896,100
2019-06-28 09:36:25.896584919,100042,194,100019,294,100046,194,99995,194,100051,194,99994,294,100054,194,99970,194,100062,194,99951,194,100066,100,99933,100,100076,100,99925,100,100077,100,99919,100,100088,100,99917,100,100103,100,99896,100
2019-06-28 09:36:30.000000000,100042,259,100019,359,100046,254,99995,254,100051,254,99994,354,100054,100,99970,100,100062,100,99951,100,100066,100,99933,100,100076,100,99925,100,100077,100,99919,100,100088,100,99917,100,100103,100,99896,100
2019-06-28 09:36:38.039850689,100042,159,100019,359,100046,254,99995,254,100051,254,99994,354,100054,100,99970,100,100062,100,99951,100,100066,100,99933,100,100076,100,99925,100,100077,100,99919,100,100088,100,99917,100,100103,100,99896,100
2019-06-28 09:36:40.000000000,100046,259,100019,359,100051,254,99995,254,100054,254,99994,354,100062,100,99970,100,100066,100,99951,100,100076,100,99933,100,100077,100,99925,100,100088,100,99919,100,100103,100,99917,100,100124,100,99896,100
2019-06-28 09:36:48.602153345,100046,259,100019,359,100051,254,99995,254,100054,254,99994,254,100062,100,99970,100,100066,100,99951,100,100076,100,99933,100,100077,100,99925,100,100088,100,99919,100,100103,100,99917,100,100124,100,99896,100
2019-06-28 09:36:50.000000000,100046,259,100019,359,100051,254,99995,254,100054,254,99994,254,100062,100,99970,100,100066,100,99951,100,100076,100,99933,100,100077,100,99925,100,100088,100,99919,100,100103,100,99917,100,100124,100,99896,100
2019-06-28 09:37:00.000000000,100046,217,100019,317,100051,217,99995,217,100054,217,99994,217,100062,217,99970,217,100066,100,99951,100,100076,100,99933,100,100077,100,99925,100,100088,100,99919,100,100103,100,99917,100,100124,100,99896,100
2019-06-28 09:37:10.000000000,100046,217,100019,317,100051,217,99995,217,100054,217,99994,217,100062,217,99970,217,100066,100,99951,100,100076,100,99933,100,100077,100,99925,100,100088,100,99919,100,100103,100,99917,100,100124,100,99896,100
2019-06-28 09:37:20.000000000,100046,568,100019,668,100051,100,99995,100,100054,100,99994,100,100062,100,99970,100,100066,100,99951,100,100076,100,99933,100,100077,100,99925,100,100088,100,99919,100,100103,100,99917,100,100124,100,99896,100
2019-06-28 09:37:27.490134249,100046,568,100041,100,100051,100,100019,668,100054,100,99995,100,100062,100,99994,100,100066,100,99970,100,100076,100,99951,100,100077,100,99933,100,100088,100,99925,100,100103,100,99919,100,100124,100,99917,100
2019-06-28 09:37:30.000000000,100046,334,100041,334,100051,334,100019,434,100054,100,99995,100,100062,100,99994,100,100066,100,99970,100,100076,100,99951,100,100077,100,99933,100,100088,100,99925,100,100103,100,99919,100,100124,100,99917,100
2019-06-28 09:37:40.000000000,100046,334,100041,334,100051,334,100019,434,100054,100,99995,100,100062,100,99994,100,100066,100,99970,100,100076,100,99951,100,100077,100,99933,100,100088,100,99925,100,100103,100,99919,100,100124,100,99917,100
2019-06-28 09:37:50.000000000,100046,334,100041,334,100051,334,100019,434,100054,100,99995,100,100062,100,99994,100,100066,100,99970,100,100076,100,99951,100,100077,100,99933,100,100088,100,99925,100,100103,100,99919,100,100124,100,99917,100
2019-06-28 09:37:56.893945307,100046,334,100041,334,100051,334,100019,434,100054,100,99995,100,100062,100,99994,100,100066,100,99970,100,100076,100,99951,100,100077,100,99933,100,100088,100,99925,100,100103,100,99919,100,100124,100,99917,100
2019-06-28 09:38:00.000000000,100046,334,100041,334,100051,334,100019,434,100054,100,99995,100,100062,100,99994,100,100066,100,99970,100,100076,100,99951,100,100077,100,99933,100,100088,100,99925,100,100103,100,99919,100,100124,100,99917,100
2019-06-28 09:38:10.000000000,100046,217,100041,217,100051,217,100019,317,100054,217,99995,217,100062,217,99994,217,100066,100,99970,100,100076,100,99951,100,100077,100,99933,100,100088,100,99925,100,100103,100,99919,100,100124,100,99917,100
2019-06-28 09:38:20.000000000,100046,334,100041,334,100051,334,100019,434,100054,100,99995,100,100062,100,99994,100,100066,100,99970,100,100076,100,99951,100,100077,100,99933,100,100088,100,99925,100,100103,100,99919,100,100124,100,99917,100
2019-06-28 09:38:30.000000000,100046,568,100041,568,100051,100,100019,200,100054,100,99995,100,100062,100,99994,100,100066,100,99970,100,100076,100,99951,100,100077,100,99933,100,100088,100,99925,100,100103,100,99919,100,100124,100,99917,100
2019-06-28 09:38:34.550273815,100046,568,100041,568,100054,100,100019,200,100062,100,99995,100,100066,100,99994,100,100076,100,99970,100,100077,100,99951,100,100088,100,99933,100,100103,100,99925,100,100124,100,99919,100,100197,100,99917,100
2019-06-28 09:38:40.000000000,100046,568,100041,568,100054,100,100019,200,100062,100,99995,100,100066,100,99994,100,100076,100,99970,100,100077,100,99951,100,100088,100,99933,100,100103,100,99925,100,100124,100,99919,100,100197,100,99917,100
2019-06-28 09:38:46.470362756,100046,568,100041,468,100054,100,100019,200,100062,100,99995,100,100066,100,99994,100,100076,100,99970,100,100077,100,99951,100,100088,100,99933,100,100103,100,99925,100,100124,100,99919,100,100197,100,99917,100
2019-06-28 09:38:50.000000000,100046,217,100019,317,100054,217,99995,217,100062,217,99994,217,100066,217,99970,217,100076,100,99951,100,100077,100,99933,100,100088,100,99925,100,100103,100,99919,100,100124,100,99917,100,100197,100,99896,100
2019-06-28 09:38:54.076816335,100046,217,100019,317,100054,217,99995,217,100062,217,99994,217,100066,217,99970,217,100076,100,99951,100,100077,100,99933,100,100088,100,99925,100,100103,100,99919,100,100124,100,99917,100,100197,100,99896,100
2019-06-28 09:39:00.000000000,100046,334,100019,434,100054,334,99995,334,100062,100,99994,100,100066,100,99970,100,100076,100,99951,100,100077,100,99933,100,100088,100,99925,100,100103,100,99919,100,100124,100,99917,100,100197,100,99896,100
2019-06-28 09:39:10.000000000,100046,217,100019,317,100054,217,99995,217,100062,217,99994,217,100066,217,99970,217,100076,100,99951,100,100077,100,99933,100,100088,100,99925,100,100103,100,99919,100,100124,100,99917,100,100197,100,99896,100
2019-06-28 09:39:14.244098012,100046,217,100019,317,100054,217,99995,217,100062,217,99994,217,100066,217,99970,217,100076,100,99951,100,100077,100,99933,100,100088,100,99925,100,100103,100,99919,100,100124,100,99917,100,100197,100,99896,100
2019-06-28 09:39:20.000000000,100046,194,100019,294,100054,194,99995,194,100062,194,99994,194,100066,194,99970,194,100076,194,99951,194,100077,100,99933,100,100088,100,99925,100,100103,100,99919,100,100124,100,99917,100,100197,100,99896,100
2019-06-28 09:39:24.432336021,100046,94,100019,294,100054,194,99995,194,100062,194,99994,194,100066,194,99970,194,100076,194,99951,194,100077,100,99933,100,100088,100,99925,100,100103,100,99919,100,100124,100,99917,100,100197,100,99896,100
2019-06-28 09:39:30.000000000,100054,334,100019,434,100062,334,99995,334,100066,100,99994,100,100076,100,99970,100,100077,100,99951,100,100088,100,99933,100,100103,100,99925,100,100124,100,99919,100,100197,100,99917,100,100226,100,99896,100
2019-06-28 09:39:38.756020079,100054,334,100019,434,100062,334,99995,334,100066,100,99994,100,100076,100,99970,100,100077,100,99951,100,100088,100,99933,100,100103,100,99925,100,100124,100,99919,100,100197,100,99917,100,100226,100,99896,100
2019-06-28 09:39:40.000000000,100054,334,100019,434,100062,334,99995,334,100066,100,99994,100,100076,100,99970,100,100077,100,99951,100,100088,100,99933,100,100103,100,99925,100,100124,100,99919,100,100197,100,99917,100,100226,100,99896,100
2019-06-28 09:39:48.398257676,100054,334,100019,434,100062,334,99995,334,100066,100,99994,100,100076,100,99970,100,100077,100,99951,100,100088,100,99933,100,100103,100,99925,100,100124,100,99919,100,100197,100,99917,100,100226,100,99896,100
2019-06-28 09:39:50.000000000,100054,194,100019,294,100062,194,99995,194,100066,194,99994,194,100076,194,99970,194,100077,194,99951,194,100088,100,99933,100,100103,100,99925,100,100124,100,99919,100,100197,100,99917,100,100226,100,99896,100
2019-06-28 09:40:00.000000000,100054,568,100019,668,100062,100,99995,100,100066,100,99994,100,100076,100,99970,100,100077,100,99951,100,100088,100,99933,100,100103,100,99925,100,100124,100,99919,100,100197,100,99917,100,100226,100,99896,100
2019-06-28 09:40:04.791573049,100054,568,100019,668,100062,100,99995,100,100066,100,99994,100,100076,100,99970,100,100077,100,99951,100,100088,100,99933,100,100103,100,99925,100,100124,100,99919,100,100197,100,99917,100,100226,100,99896,100
2019-06-28 09:40:10.000000000,100054,217,100019,317,100062,217,99995,217,100066,217,99994,217,100076,217,99970,217,100077,100,99951,100,100088,100,99933,100,100103,100,99925,100,100124,100,99919,100,100197,100,99917,100,100226,100,99896,100
2019-06-28 09:40:11.716572846,100054,217,100019,317,100062,217,99995,217,100066,217,99994,217,100076,217,99970,217,100077,100,99951,100,100088,100,99933,100,100103,100,99925,100,100124,100,99919,100,100197,100,99917,100,100226,100,99896,100
2019-06-28 09:40:20.000000000,100054,568,100019,668,100062,100,99995,100,100066,100,99994,100,100076,100,99970,100,100077,100,99951,100,100088,100,99933,100,100103,100,99925,100,100124,100,99919,100,100197,100,99917,100,100226,100,99896,100
2019-06-28 09:40:30.000000000,100054,334,100019,434,100062,334,99995,334,100066,100,99994,100,100076,100,99970,100,100077,100,99951,100,100088,100,99933,100,100103,100,99925,100,100124,100,99919,100,100197,100,99917,100,100226,100,99896,100
2019-06-28 09:40:40.000000000,100054,217,100019,317,100062,217,99995,217,100066,217,99994,217,100076,217,99970,217,100077,100,99951,100,100088,100,99933,100,100103,100,99925,100,100124,100,99919,100,100197,100,99917,100,100226,100,99896,100
2019-06-28 09:40:45.430801955,100054,217,100019,317,100062,217,99995,217,100066,217,99994,217,100076,217,99970,217,100077,100,99951,100,100088,100,99933,100,100103,100,99925,100,100124,100,99919,100,100197,100,99917,100,100226,100,99896,100
2019-06-28 09:40:50.000000000,100054,334,100019,434,100062,334,99995,334,100066,100,99994,100,100076,100,99970,100,100077,100,99951,100,100088,100,99933,100,100103,100,99925,100,100124,100,99919,100,100197,100,99917,100,100226,100,99896,100
2019-06-28 09:40:50.486863566,100041,100,100019,434,100054,334,99995,334,100062,334,99994,100,100066,100,99970,100,100076,100,99951,100,100077,100,99933,100,100088,100,99925,100,100103,100,99919,100,100124,100,99917,100,100197,100,99896,100
2019-06-28 09:40:51.373474792,100041,100,100019,334,100054,334,99995,334,100062,334,99994,100,100066,100,99970,100,100077,100,99951,100,100088,100,99933,100,100103,100,99925,100,100124,100,99919,100,100197,100,99917,100,100226,100,99896,100
2019-06-28 09:40:57.098103812,100040,100,100019,334,100041,100,99995,334,100054,334,99994,100,100062,334,99970,100,100066,100,99951,100,100077,100,99933,100,100088,100,99925,100,100103,100,99919,100,100124,100,99917,100,100197,100,99896,100
2019-06-28 09:40:57.577479352,100040,100,100019,334,100041,100,99995,334,100054,334,99994,100,100062,334,99970,100,100066,100,99951,100,100077,100,99933,100,100088,100,99925,100,100103,100,99919,100,100124,100,99917,100,100197,100,99896,100
2019-06-28 09:41:00.000000000,100040,568,100019,568,100041,100,99995,100,100054,100,99994,100,100062,100,99970,100,100066,100,99951,100,100077,100,99933,100,100088,100,99925,100,100103,100,99919,100,100124,100,99917,100,100197,100,99896,100
2019-06-28 09:41:00.370502720,100040,568,100019,468,100041,100,99995,100,100054,100,99994,100,100062,100,99970,100,100066,100,99951,100,100077,100,99933,100,100088,100,99925,100,100103,100,99919,100,100124,100,99917,100,100197,100,99896,100
2019-06-28 09:41:10.000000000,100040,334,99995,334,100041,334,99994,334,100054,100,99970,100,100062,100,99951,100,100066,100,99933,100,100077,100,99925,100,100088,100,99919,100,100103,100,99917,100,100124,100,99896,100,100197,100,99883,100
2019-06-28 09:41:11.103487256,100040,334,99995,334,100041,334,99994,334,100054,100,99951,100,100062,100,99933,100,100066,100,99925,100,100077,100,99919,100,100088,100,99917,100,100103,100,99896,100,100124,100,99883,100,100197,100,99882,100
2019-06-28 09:41:20.000000000,100040,194,99995,194,100041,194,99994,194,100054,194,99951,194,100062,194,99933,194,100066,194,99925,194,100077,100,99919,100,100088,100,99917,100,100103,100,99896,100,100124,100,99883,100,100197,100,99882,100
2019-06-28 09:41:30.000000000,100040,194,99995,194,100041,194,99994,194,100054,194,99951,194,100062,194,99933,194,100066,194,99925,194,100077,100,99919,100,100088,100,99917,100,100103,100,99896,100,100124,100,99883,100,100197,100,99882,100
2019-06-28 09:41:34.314580864,100040,194,99995,194,100041,194,99994,194,100054,194,99951,194,100062,194,99933,194,100066,194,99925,194,100077,100,99919,100,100088,100,99917,100,100103,100,99896,100,100124,100,99883,100,100197,100,99882,100
2019-06-28 09:41:36.753598597,100040,194,99995,194,100041,194,99994,194,100054,194,99951,194,100062,194,99933,194,100066,194,99925,194,100077,100,99919,100,100088,100,99917,100,100103,100,99896,100,100124,100,99883,100,100197,100,99882,100
2019-06-28 09:41:37.098077888,100040,194,99995,194,100041,194,99994,194,100054,194,99951,194,100062,194,99933,194,100066,194,99925,194,100077,100,99919,100,100088,100,99917,100,100103,100,99896,100,100124,100,99883,100,100226,100,99882,100
2019-06-28 09:41:38.596366299,100040,194,99995,94,100041,194,99994,194,100054,194,99951,194,100062,194,99933,194,100066,194,99925,194,100077,100,99919,100,100088,100,99917,100,100103,100,99896,100,100124,100,99883,100,100226,100,99882,100
2019-06-28 09:41:40.000000000,100040,194,99994,194,100041,194,99951,194,100054,194,99933,194,100062,194,99925,194,100066,194,99919,194,100077,100,99917,100,100088,100,99896,100,100103,100,99883,100,100124,100,99882,100,100226,100,99835,100
2019-06-28 09:41:50.000000000,100040,194,99994,194,100041,194,99951,194,100054,194,99933,194,100062,194,99925,194,100066,194,99919,194,100077,100,99917,100,100088,100,99896,100,100103,100,99883,100,100124,100,99882,100,100226,100,99835,100
2019-06-28 09:42:00.000000000,100040,334,99994,334,100041,334,99951,334,100054,100,99933,100,100062,100,99925,100,100066,100,99919,100,100077,100,99917,100,100088,100,99896,100,100103,100,99883,100,100124,100,99882,100,100226,100,99835,100
2019-06-28 09:42:10.000000000,100040,334,99994,334,100041,334,99951,334,100054,100,99933,100,100062,100,99925,100,100066,100,99919,100,100077,100,99917,100,100088,100,99896,100,100103,100,99883,100,100124,100,99882,100,100226,100,99835,100
2019-06-28 09:42:16.029341938,100040,334,99994,334,100041,334,99951,334,100054,100,99925,100,100062,100,99919,100,100066,100,99917,100,100077,100,99896,100,100088,100,99883,100,100103,100,99882,100,100124,100,99835,100,100226,100,99769,100
2019-06-28 09:42:20.000000000,100040,334,99994,334,100041,334,99951,334,100054,100,99925,100,100062,100,99919,100,100066,100,99917,100,100077,100,99896,100,100088,100,99883,100,100103,100,99882,100,100124,100,99835,100,100226,100,99769,100
2019-06-28 09:42:30.000000000,100040,217,99994,217,100041,217,99951,217,100054,217,99925,217,100062,217,99919,217,100066,100,99917,100,100077,100,99896,100,100088,100,99883,100,100103,100,99882,100,100124,100,99835,100,100226,100,99769,100
2019-06-28 09:42:40.000000000,100040,259,99994,259,100041,254,99951,254,100054,254,99925,254,100062,100,99919,100,100066,100,99917,100,100077,100,99896,100,100088,100,99883,100,100103,100,99882,100,100124,100,99835,100,100226,100,99769,100
2019-06-28 09:42:42.312168447,100040,259,100025,100,100041,254,99994,259,100054,254,99951,254,100062,100,99925,254,100066,100,99919,100,100077,100,99917,100,100088,100,99896,100,100124,100,99883,100,100226,100,99882,100,100280,100,99835,100
2019-06-28 09:42:42.916507674,100040,259,99994,259,100041,254,99951,254,100054,254,99925,254,100062,100,99919,100,100066,100,99917,100,100077,100,99896,100,100088,100,99883,100,100124,100,99882,100,100226,100,99835,100,100280,100,99769,100
2019-06-28 09:42:43.301207398,100040,259,99994,259,100041,254,99951,254,100054,254,99925,254,100062,100,99919,100,100066,100,99917,100,100077,100,99896,100,100088,100,99894,100,100124,100,99883,100,100226,100,99882,100,100280,100,99835,100
2019-06-28 09:42:50.000000000,100040,334,99994,334,100041,334,99951,334,100054,100,99925,100,100062,100,99919,100,100066,100,99917,100,100077,100,99896,100,100088,100,99894,100,100124,100,99883,100,100226,100,99882,100,100280,100,99835,100
2019-06-28 09:42:51.723805367,100010,100,99994,334,100040,334,99951,334,100041,334,99925,100,100054,100,99919,100,100066,100,99917,100,100077,100,99896,100,100088,100,99894,100,100124,100,99883,100,100226,100,99882,100,100280,100,99835,100
2019-06-28 09:42:59.433136340,100040,334,99994,334,100041,334,99951,334,100054,100,99925,100,100066,100,99919,100,100077,100,99917,100,100124,100,99896,100,100226,100,99894,100,100280,100,99883,100,100333,100,99882,100,100346,100,99835,100
2019-06-28 09:43:00.000000000,100040,217,99994,217,100041,217,99951,217,100054,217,99925,217,100066,217,99919,217,100077,100,99917,100,100124,100,99896,100,100226,100,99894,100,100280,100,99883,100,100333,100,99882,100,100346,100,99835,100
2019-06-28 09:43:07.302713704,100025,100,99994,217,100040,217,99951,217,100041,217,99925,217,100054,217,99919,217,100066,217,99917,100,100077,100,99896,100,100124,100,99894,100,100226,100,99883,100,100280,100,99882,100,100333,100,99835,100
2019-06-28 09:43:10.000000000,100025,217,99994,217,100040,217,99951,217,100041,217,99925,217,100054,217,99919,217,100066,100,99917,100,100077,100,99896,100,100124,100,99894,100,100226,100,99883,100,100280,100,99882,100,100333,100,99835,100
2019-06-28 09:43:10.220511860,100025,217,99994,217,100040,217,99951,217,100041,217,99925,217,100054,217,99919,217,100066,100,99917,100,100077,100,99896,100,100124,100,99894,100,100226,100,99882,100,100280,100,99835,100,100333,100,99802,100
2019-06-28 09:43:20.000000000,100025,568,99994,568,100040,100,99951,100,100041,100,99925,100,100054,100,99919,100,100066,100,99917,100,100077,100,99896,100,100124,100,99894,100,100226,100,99882,100,100280,100,99835,100,100333,100,99802,100
2019-06-28 09:43:21.992983214,100025,468,99994,568,100040,100,99951,100,100041,100,99925,100,100054,100,99919,100,100066,100,99917,100,100077,100,99896,100,100124,100,99894,100,100226,100,99882,100,100280,100,99835,100,100333,100,99802,100
2019-06-28 09:43:26.193523474,100025,468,99994,568,100040,100,99951,100,100041,100,99925,100,100054,100,99919,100,100077,100,99917,100,100124,100,99896,100,100226,100,99894,100,100280,100,99882,100,100333,100,99835,100,100346,100,99802,100
2019-06-28 09:43:27.476716889,100025,468,99994,568,100040,100,99959,100,100041,100,99951,100,100054,100,99919,100,100077,100,99917,100,100124,100,99896,100,100226,100,99894,100,100280,100,99882,100,100333,100,99835,100,100346,100,99802,100
2019-06-28 09:43:30.000000000,100040,194,99994,194,100041,194,99959,194,100054,194,99951,194,100077,194,99919,194,100124,194,99917,194,100226,100,99896,100,100280,100,99894,100,100333,100,99882,100,100346,100,99835,100,100835,100,99802,100
2019-06-28 09:43:32.823218747,100040,194,99994,194,100041,194,99959,194,100054,194,99951,194,100077,194,99919,194,100124,194,99917,194,100226,100,99896,100,100280,100,99894,100,100333,100,99882,200,100346,100,99835,100,100835,100,99802,100
2019-06-28 09:43:34.668206554,100040,194,99994,194,100041,194,99959,194,100054,194,99951,194,100077,194,99919,194,100124,194,99917,194,100226,100,99896,100,100280,100,99894,100,100333,100,99882,100,100346,100,99844,100,100835,100,99835,100
2019-06-28 09:43:37.926047085,100024,100,99994,194,100040,194,99959,194,100041,194,99951,194,100054,194,99919,194,100077,194,99917,194,100124,194,99896,100,100226,100,99894,100,100280,100,99882,100,100333,100,99844,100,100346,100,99835,100
2019-06-28 09:43:37.965031747,100024,100,99994,194,100040,194,99959,194,100041,94,99951,194,100054,194,99919,194,100077,194,99917,194,100124,194,99896,100,100226,100,99894,100,100280,100,99882,100,100333,100,99844,100,100346,100,99835,100
2019-06-28 09:43:40.000000000,100024,194,99994,194,100040,194,99959,194,100054,194,99951,194,100077,194,99919,194,100124,194,99917,194,100226,100,99896,100,100280,100,99894,100,100333,100,99882,100,100346,100,99844,100,100835,100,99835,100
2019-06-28 09:43:42.765797904,100024,194,99994,194,100040,194,99959,194,100054,194,99952,100,100077,194,99951,194,100124,194,99919,194,100226,100,99917,194,100280,100,99896,100,100333,100,99894,100,100835,100,99882,100,,,99844,100
2019-06-28 09:43:50.000000000,100024,259,99994,259,100040,254,99959,254,100054,254,99952,254,100077,100,99951,100,100124,100,99919,100,100226,100,99917,100,100280,100,99896,100,100333,100,99894,100,100835,100,99882,100,,,99844,100
2019-06-28 09:43:58.403394592,100024,359,99994,259,100040,254,99959,254,100054,254,99952,254,100077,100,99951,100,100124,100,99919,100,100226,100,99917,100,100280,100,99896,100,100333,100,99894,100,100835,100,99882,100,,,99844,100
2019-06-28 09:44:00.000000000,100024,294,99994,194,100040,194,99959,194,100054,194,99952,194,100077,194,99951,194,100124,194,99919,194,100226,100,99917,100,100280,100,99896,100,100333,100,99894,100,100835,100,99882,100,,,99844,100
2019-06-28 09:44:03.911076858,100024,394,99994,194,100040,194,99959,194,100054,194,99952,194,100077,194,99951,194,100124,194,99919,194,100226,100,99917,100,100280,100,99896,100,100333,100,99894,100,100835,100,99882,100,,,99844,100
2019-06-28 09:44:10.000000000,100024,417,99994,217,100040,217,99959,217,100054,217,99952,217,100077,217,99951,217,100124,100,99919,100,100226,100,99917,100,100280,100,99896,100,100333,100,99894,100,100835,100,99882,100,,,99844,100
2019-06-28 09:44:20.000000000,100024,768,99994,568,100040,100,99959,100,100054,100,99952,100,100077,100,99951,100,100124,100,99919,100,100226,100,99917,100,100280,100,99896,100,100333,100,99894,100,100835,100,99882,100,,,99844,100
2019-06-28 09:44:30.000000000,100024,459,99994,259,100040,254,99959,254,100054,254,99952,254,100077,100,99951,100,100124,100,99919,100,100226,100,99917,100,100280,100,99896,100,100333,100,99894,100,100835,100,99882,100,,,99844,100
2019-06-28 09:44:40.000000000,100024,459,99994,259,100040,254,99959,254,100054,254,99952,254,100077,100,99951,100,100124,100,99919,100,100226,100,99917,100,100280,100,99896,100,100333,100,99894,100,100835,100,99882,100,,,99844,100
2019-06-28 09:44:43.730017921,100024,359,99994,259,100040,254,99959,254,100054,254,99952,254,100077,100,99951,100,100124,100,99919,100,100226,100,99917,100,100280,100,99896,100,100333,100,99894,100,100835,100,99882,100,,,99844,100
2019-06-28 09:44:46.373589680,100024,359,99994,159,100040,254,99959,254,100054,254,99952,254,100077,100,99951,100,100124,100,99919,100,100226,100,99917,100,100280,100,99896,100,100333,100,99894,100,100835,100,99882,100,,,99844,100
2019-06-28 09:44:47.718371776,100024,359,99994,59,100040,254,99959,254,100054,254,99952,254,100077,100,99951,100,100124,100,99919,100,100226,100,99917,100,100280,100,99896,100,100333,100,99894,100,100835,100,99882,100,,,99844,100
2019-06-28 09:44:50.000000000,100024,294,99959,194,100040,194,99952,194,100054,194,99951,194,100077,194,99919,194,100124,194,99917,194,100226,100,99896,100,100280,100,99894,100,100333,100,99882,100,100835,100,99844,100,,,99835,100
2019-06-28 09:45:00.000000000,100024,434,99959,334,100040,334,99952,334,100054,100,99951,100,100077,100,99919,100,100124,100,99917,100,100226,100,99896,100,100280,100,99894,100,100333,100,99882,100,100835,100,99844,100,,,99835,100
2019-06-28 09:45:01.243275906,100024,434,99959,334,100040,334,99952,334,100054,100,99951,100,100077,100,99919,100,100124,100,99917,100,100226,100,99896,100,100280,100,99894,100,100333,100,99882,100,100835,100,99844,100,,,99835,100
2019-06-28 09:45:10.000000000,100024,434,99959,334,100040,334,99952,334,100054,100,99951,100,100077,100,99919,100,100124,100,99917,100,100226,100,99896,100,100280,100,99894,100,100333,100,99882,100,100835,100,99844,100,,,99835,100
2019-06-28 09:45:12.677911234,99962,100,99959,334,100024,434,99952,334,100040,334,99951,100,100054,100,99919,100,100077,100,99917,100,100124,100,99896,100,100226,100,99894,100,100280,100,99882,100,100333,100,99844,100,100835,100,99835,100
2019-06-28 09:45:20.000000000,99962,259,99959,259,100024,354,99952,254,100040,254,99951,254,100054,100,99919,100,100077,100,99917,100,100124,100,99896,100,100226,100,99894,100,100280,100,99882,100,100333,100,99844,100,100835,100,99835,100
2019-06-28 09:45:30.000000000,99962,334,99959,334,100024,434,99952,334,100040,100,99951,100,100054,100,99919,100,100077,100,99917,100,100124,100,99896,100,100226,100,99894,100,100280,100,99882,100,100333,100,99844,100,100835,100,99835,100
2019-06-28 09:45:40.000000000,99962,217,99959,217,100024,317,99952,217,100040,217,99951,217,100054,217,99919,217,100077,100,99917,100,100124,100,99896,100,100226,100,99894,100,100280,100,99882,100,100333,100,99844,100,100835,100,99835,100
2019-06-28 09:45:50.000000000,99962,259,99959,259,100024,354,99952,254,100040,254,99951,254,100054,100,99919,100,100077,100,99917,100,100124,100,99896,100,100226,100,99894,100,100280,100,99882,100,100333,100,99844,100,100835,100,99835,100
2019-06-28 09:45:56.104779221,99962,159,99959,259,100024,354,99952,254,100040,254,99951,254,100054,100,99919,100,100077,100,99917,100,100124,100,99896,100,100226,100,99894,100,100280,100,99882,100,100333,100,99844,100,100835,100,99835,100
2019-06-28 09:46:00.000000000,100024,359,99959,259,100040,254,99952,254,100054,254,99951,254,100077,100,99919,100,100124,100,99917,100,100226,100,99896,100,100280,100,99894,100,100333,100,99882,100,100835,100,99844,100,,,99835,100
2019-06-28 09:46:10.000000000,100024,294,99959,194,100040,194,99952,194,100054,194,99951,194,100077,194,99919,194,100124,194,99917,194,100226,100,99896,100,100280,100,99894,100,100333,100,99882,100,100835,100,99844,100,,,99835,100
2019-06-28 09:46:17.399701853,100024,294,99959,94,100040,194,99952,194,100054,194,99951,194,100077,194,99919,194,100124,194,99917,194,100226,100,99896,100,100280,100,99894,100,100333,100,99882,100,100835,100,99844,100,,,99835,100
2019-06-28 09:46:20.000000000,100024,294,99952,194,100040,194,99951,194,100054,194,99919,194,100077,194,99917,194,100124,194,99896,194,100226,100,99894,100,100280,100,99882,100,100333,100,99844,100,100835,100,99835,100,,,99802,100
2019-06-28 09:46:30.000000000,100024,317,99952,217,100040,217,99951,217,100054,217,99919,217,100077,217,99917,217,100124,100,99896,100,100226,100,99894,100,100280,100,99882,100,100333,100,99844,100,100835,100,99835,100,,,99802,100
2019-06-28 09:46:32.119769587,100024,317,99952,117,100040,217,99951,217,100054,217,99919,217,100077,217,99917,217,100124,100,99896,100,100226,100,99894,100,100280,100,99882,100,100333,100,99844,100,100835,100,99835,100,,,99802,100
2019-06-28 09:46:40.000000000,100024,317,99951,217,100040,217,99919,217,100054,217,99917,217,100077,217,99896,217,100124,100,99894,100,100226,100,99882,100,100280,100,99844,100,100333,100,99835,100,100835,100,99802,100,,,99763,100
2019-06-28 09:46:50.000000000,100024,294,99951,194,100040,194,99919,194,100054,194,99917,194,100077,194,99896,194,100124,194,99894,194,100226,100,99882,100,100280,100,99844,100,100333,100,99835,100,100835,100,99802,100,,,99763,100
2019-06-28 09:46:55.039696414,100000,100,99951,194,100024,294,99919,194,100040,194,99917,194,100054,194,99896,194,100077,194,99894,194,100124,194,99882,100,100226,100,99844,100,100280,100,99835,100,100333,100,99802,100,100835,100,99763,100
2019-06-28 09:46:55.439988287,99989,100,99951,194,100000,100,99919,194,100024,294,99917,194,100040,194,99896,194,100054,194,99894,194,100077,194,99882,100,100124,194,99844,100,100226,100,99835,100,100280,100,99802,100,100333,100,99763,100
2019-06-28 09:46:55.728393842,99989,100,99960,100,100000,100,99951,194,100024,294,99919,194,100040,194,99917,194,100054,194,99896,194,100077,194,99894,194,100124,194,99882,100,100226,100,99844,100,100280,100,99835,100,100333,100,99802,100
2019-06-28 09:46:56.263090930,99989,100,99951,194,100000,100,99919,194,100024,294,99917,194,100040,194,99896,194,100054,194,99894,194,100077,194,99882,100,100124,194,99844,100,100226,100,99835,100,100280,100,99802,100,100333,100,99763,100
2019-06-28 09:47:00.000000000,99989,568,99951,568,100000,100,99919,100,100024,200,99917,100,100040,100,99896,100,100054,100,99894,100,100077,100,99882,100,100124,100,99844,100,100226,100,99835,100,100280,100,99802,100,100333,100,99763,100
2019-06-28 09:47:10.000000000,99989,568,99951,568,100000,100,99919,100,100024,200,99917,100,100040,100,99896,100,100054,100,99894,100,100077,100,99882,100,100124,100,99844,100,100226,100,99835,100,100280,100,99802,100,100333,100,99763,100
2019-06-28 09:47:11.336976035,99989,568,99951,568,100000,100,99919,100,100024,200,99917,100,100040,100,99896,100,100054,100,99894,100,100077,100,99882,100,100124,100,99844,100,100226,100,99835,100,100280,100,99802,100,100835,100,99763,100
2019-06-28 09:47:14.556595241,99989,568,99951,468,100000,100,99919,100,100024,200,99917,100,100040,100,99896,100,100054,100,99894,100,100077,100,99882,100,100124,100,99844,100,100226,100,99835,100,100280,100,99802,100,100835,100,99763,100
2019-06-28 09:47:20.000000000,99989,259,99919,259,100000,254,99917,254,100024,354,99896,254,100040,100,99894,100,100054,100,99882,100,100077,100,99844,100,100124,100,99835,100,100226,100,99802,100,100280,100,99763,100,100835,100,99672,100
2019-06-28 09:47:20.403567608,99989,259,99919,259,100000,254,99917,254,100024,354,99896,254,100040,100,99894,100,100054,100,99882,100,100077,100,99844,100,100124,100,99835,100,100226,100,99802,100,100280,100,99763,100,100835,100,99672,100
2019-06-28 09:47:23.562163637,99989,259,99919,259,100000,254,99917,254,100024,354,99898,100,100040,100,99896,254,100054,100,99894,100,100077,100,99882,100,100124,100,99844,100,100226,100,99835,100,100280,100,99802,100,100835,100,99763,100
2019-06-28 09:47:25.862091750,99989,259,99919,259,100000,254,99917,254,100024,354,99898,100,100040,100,99896,254,100054,100,99894,100,100077,100,99882,100,100124,100,99844,100,100226,100,99835,100,100280,100,99802,100,100835,100,99763,100
2019-06-28 09:47:30.000000000,99989,568,99919,568,100000,100,99917,100,100024,200,99898,100,100040,100,99896,100,100054,100,99894,100,100077,100,99882,100,100124,100,99844,100,100226,100,99835,100,100280,100,99802,100,100835,100,99763,100
2019-06-28 09:47:40.000000000,99989,334,99919,334,100000,334,99917,334,100024,200,99898,100,100040,100,99896,100,100054,100,99894,100,100077,100,99882,100,100124,100,99844,100,100226,100,99835,100,100280,100,99802,100,100835,100,99763,100
2019-06-28 09:47:48.463404351,99989,334,99919,334,100000,334,99917,334,100024,200,99898,100,100040,100,99896,100,100054,100,99894,100,100077,100,99882,100,100124,100,99844,100,100226,100,99835,100,100280,100,99802,100,100498,100,99763,100
2019-06-28 09:47:50.000000000,99989,259,99919,259,100000,254,99917,254,100024,354,99898,254,100040,100,99896,100,100054,100,99894,100,100077,100,99882,100,100124,100,99844,100,100226,100,99835,100,100280,100,99802,100,100498,100,99763,100
2019-06-28 09:48:00.000000000,99989,568,99919,568,100000,100,99917,100,100024,200,99898,100,100040,100,99896,100,100054,100,99894,100,100077,100,99882,100,100124,100,99844,100,100226,100,99835,100,100280,100,99802,100,100498,100,99763,100
2019-06-28 09:48:09.061556342,99989,568,99919,568,100000,100,99917,100,100024,200,99898,100,100040,100,99896,100,100054,100,99894,100,100077,100,99882,100,100124,100,99844,100,100280,100,99835,100,100498,100,99802,100,100739,100,99763,100
2019-06-28 09:48:10.000000000,99989,568,99919,568,100000,100,99917,100,100024,200,99898,100,100040,100,99896,100,100054,100,99894,100,100077,100,99882,100,100124,100,99844,100,100280,100,99835,100,100498,100,99802,100,100739,100,99763,100
2019-06-28 09:48:20.000000000,99989,194,99919,194,100000,194,99917,194,100024,294,99898,194,100040,194,99896,194,100054,194,99894,194,100077,100,99882,100,100124,100,99844,100,100280,100,99835,100,100498,100,99802,100,100739,100,99763,100
2019-06-28 09:48:30.000000000,99989,259,99919,259,100000,254,99917,254,100024,354,99898,254,100040,100,99896,100,100054,100,99894,100,100077,100,99882,100,100124,100,99844,100,100280,100,99835,100,100498,100,99802,100,100739,100,99763,100
2019-06-28 09:48:40.000000000,99989,568,99919,568,100000,100,99917,100,100024,200,99898,100,100040,100,99896,100,100054,100,99894,100,100077,100,99882,100,100124,100,99844,100,100280,100,99835,100,100498,100,99802,100,100739,100,99763,100
2019-06-28 09:48:50.000000000,99989,217,99919,217,100000,217,99917,217,100024,317,99898,217,100040,217,99896,217,100054,100,99894,100,100077,100,99882,100,100124,100,99844,100,100280,100,99835,100,100498,100,99802,100,100739,100,99763,100
2019-06-28 09:48:57.703383918,99989,117,99919,217,100000,217,99917,217,100024,317,99898,217,100040,217,99896,217,100054,100,99894,100,100077,100,99882,100,100124,100,99844,100,100280,100,99835,100,100498,100,99802,100,100739,100,99763,100
2019-06-28 09:49:00.000000000,100000,194,99919,194,100024,294,99917,194,100040,194,99898,194,100054,194,99896,194,100077,194,99894,194,100124,100,99882,100,100280,100,99844,100,100498,100,99835,100,100739,100,99802,100,100835,100,99763,100
2019-06-28 09:49:10.000000000,100000,217,99919,217,100024,317,99917,217,100040,217,99898,217,100054,217,99896,217,100077,100,99894,100,100124,100,99882,100,100280,100,99844,100,100498,100,99835,100,100739,100,99802,100,100835,100,99763,100
2019-06-28 09:49:10.830447669,100000,217,99919,217,100024,317,99917,217,100040,217,99898,217,100054,217,99896,217,100077,100,99894,100,100124,100,99882,100,100280,100,99844,100,100356,100,99835,100,100498,100,99802,100,100739,100,99763,100
2019-06-28 09:49:20.000000000,100000,568,99919,568,100024,200,99917,100,100040,100,99898,100,100054,100,99896,100,100077,100,99894,100,100124,100,99882,100,100280,100,99844,100,100356,100,99835,100,100498,100,99802,100,100739,100,99763,100
2019-06-28 09:49:30.000000000,100000,568,99919,568,100024,200,99917,100,100040,100,99898,100,100054,100,99896,100,100077,100,99894,100,100124,100,99882,100,100280,100,99844,100,100356,100,99835,100,100498,100,99802,100,100739,100,99763,100
2019-06-28 09:49:40.000000000,100000,194,99919,194,100024,294,99917,194,100040,194,99898,194,100054,194,99896,194,100077,194,99894,194,100124,100,99882,100,100280,100,99844,100,100356,100,99835,100,100498,100,99802,100,100739,100,99763,100
2019-06-28 09:49:46.448069323,100000,94,99919,194,100024,294,99917,194,100040,194,99898,194,100054,194,99896,194,100077,194,99894,194,100124,100,99882,100,100280,100,99844,100,100356,100,99835,100,100498,100,99763,100,100739,100,99759,100
2019-06-28 09:49:46.920453543,100024,294,100000,6,100040,194,99919,194,100054,194,99917,194,100077,194,99898,194,100124,100,99896,194,100280,100,99894,194,100356,100,99882,100,100498,100,99844,100,100739,100,99835,100,,,99763,100
2019-06-28 09:49:50.000000000,100024,668,100000,474,100040,100,99919,100,100054,100,99917,100,100077,100,99898,100,100124,100,99896,100,100280,100,99894,100,100356,100,99882,100,100498,100,99844,100,100739,100,99835,100,,,99763,100
2019-06-28 09:50:00.000000000,100024,317,100000,123,100040,217,99919,217,100054,217,99917,217,100077,217,99898,217,100124,100,99896,100,100280,100,99894,100,100356,100,99882,100,100498,100,99844,100,100739,100,99835,100,,,99763,100
2019-06-28 09:50:05.574011307,100024,317,100000,123,100040,217,99919,217,100054,217,99917,217,100077,217,99898,217,100124,100,99896,100,100280,100,99894,100,100356,100,99882,100,100458,100,99844,100,100498,100,99835,100,100739,100,99763,100
2019-06-28 09:50:10.000000000,100024,668,100000,474,100040,100,99919,100,100054,100,99917,100,100077,100,99898,100,100124,100,99896,100,100280,100,99894,100,100356,100,99882,100,100458,100,99844,100,100498,100,99835,100,100739,100,99763,100
2019-06-28 09:50:15.106739542,100024,568,100000,474,100040,100,99919,100,100077,100,99917,100,100124,100,99898,100,100280,100,99896,100,100356,100,99894,100,100458,100,99882,100,100498,100,99844,100,100739,100,99835,100,,,99763,100
2019-06-28 09:50:16.751460954,100024,468,100000,474,100040,100,99919,100,100077,100,99917,100,100124,100,99898,100,100280,100,99896,100,100356,100,99894,100,100458,100,99882,100,100498,100,99844,100,100739,100,99835,100,,,99763,100
2019-06-28 09:50:20.000000000,100040,217,100000,123,100077,217,99919,217,100124,217,99917,217,100280,217,99898,217,100356,100,99896,100,100458,100,99894,100,100498,100,99882,100,100739,100,99844,100,,,99835,100,,,99763,100
2019-06-28 09:50:30.000000000,100040,334,100000,240,100077,334,99919,334,100124,100,99917,100,100280,100,99898,100,100356,100,99896,100,100458,100,99894,100,100498,100,99882,100,100739,100,99844,100,,,99835,100,,,99763,100
2019-06-28 09:50:33.349809914,100040,334,100000,240,100077,334,99919,334,100124,100,99917,100,100280,100,99898,100,100285,100,99896,100,100356,100,99894,100,100458,100,99882,100,100498,100,99844,100,100739,100,99835,100,,,99763,100
2019-06-28 09:50:40.000000000,100040,217,100000,123,100077,217,99919,217,100124,217,99917,217,100280,217,99898,217,100285,100,99896,100,100356,100,99894,100,100458,100,99882,100,100498,100,99844,100,100739,100,99835,100,,,99763,100
2019-06-28 09:50:44.359568379,100040,217,100000,123,100077,217,99919,217,100124,217,99917,217,100177,100,99898,217,100280,117,99896,100,100285,100,99894,100,100356,100,99882,100,100458,100,99844,100,100498,100,99835,100,100739,100,99763,100
2019-06-28 09:50:50.000000000,100040,217,100000,123,100077,217,99919,217,100124,217,99917,217,100177,217,99898,217,100285,100,99896,100,100356,100,99894,100,100458,100,99882,100,100498,100,99844,100,100739,100,99835,100,,,99763,100
2019-06-28 09:50:58.605924678,100040,217,100000,123,100077,217,99919,217,100124,217,99917,217,100177,217,99898,217,100285,100,99896,100,100356,100,99894,100,100458,100,99882,100,100498,100,99844,100,100739,100,99835,100,,,99813,100
2019-06-28 09:51:00.000000000,100040,259,100000,165,100077,254,99919,254,100124,254,99917,254,100177,100,99898,100,100285,100,99896,100,100356,100,99894,100,100458,100,99882,100,100498,100,99844,100,100739,100,99835,100,,,99813,100
2019-06-28 09:51:10.000000000,100040,194,100000,100,100077,194,99919,194,100124,194,99917,194,100177,194,99898,194,100285,194,99896,194,100356,100,99894,100,100458,100,99882,100,100498,100,99844,100,100739,100,99835,100,,,99813,100
2019-06-28 09:51:20.000000000,100040,568,100000,474,100077,100,99919,100,100124,100,99917,100,100177,100,99898,100,100285,100,99896,100,100356,100,99894,100,100458,100,99882,100,100498,100,99844,100,100739,100,99835,100,,,99813,100
2019-06-28 09:51:29.467965383,100040,568,100024,100,100077,100,100000,474,100124,100,99919,100,100177,100,99917,100,100285,100,99898,100,100356,100,99896,100,100458,100,99894,100,100498,100,99882,100,100739,100,99844,100,,,99835,100
2019-06-28 09:51:30.000000000,100040,217,100024,217,100077,217,100000,123,100124,217,99919,217,100177,217,99917,217,100285,100,99898,100,100356,100,99896,100,100458,100,99894,100,100498,100,99882,100,100739,100,99844,100,,,99835,100
2019-06-28 09:51:40.000000000,100040,568,100024,568,100077,100,100000,6,100124,100,99919,100,100177,100,99917,100,100285,100,99898,100,100356,100,99896,100,100458,100,99894,100,100498,100,99882,100,100739,100,99844,100,,,99835,100
2019-06-28 09:51:50.000000000,100040,194,100024,194,100077,194,100000,100,100124,194,99919,194,100177,194,99917,194,100285,194,99898,194,100356,100,99896,100,100458,100,99894,100,100498,100,99882,100,100739,100,99844,100,,,99835,100
2019-06-28 09:52:00.000000000,100040,217,100024,217,100077,217,100000,123,100124,217,99919,217,100177,217,99917,217,100285,100,99898,100,100356,100,99896,100,100458,100,99894,100,100498,100,99882,100,100739,100,99844,100,,,99835,100
2019-06-28 09:52:10.000000000,100040,217,100024,217,100077,217,100000,123,100124,217,99919,217,100177,217,99917,217,100285,100,99898,100,100356,100,99896,100,100458,100,99894,100,100498,100,99882,100,100739,100,99844,100,,,99835,100
2019-06-28 09:52:20.000000000,100040,217,100024,217,100077,217,100000,123,100124,217,99919,217,100177,217,99917,217,100285,100,99898,100,100356,100,99896,100,100458,100,99894,100,100498,100,99882,100,100739,100,99844,100,,,99835,100
2019-06-28 09:52:30.000000000,100040,194,100024,194,100077,194,100000,100,100124,194,99919,194,100177,194,99917,194,100285,194,99898,194,100356,100,99896,100,100458,100,99894,100,100498,100,99882,100,100739,100,99844,100,,,99835,100
2019-06-28 09:52:40.000000000,100040,334,100024,334,100077,334,100000,240,100124,100,99919,100,100177,100,99917,100,100285,100,99898,100,100356,100,99896,100,100458,100,99894,100,100498,100,99882,100,100739,100,99844,100,,,99835,100
2019-06-28 09:52:43.120558878,100040,334,100024,334,100077,334,100000,240,100124,100,99919,100,100177,100,99917,100,100285,100,99898,100,100356,100,99896,100,100458,100,99894,100,100498,100,99882,100,100739,100,99844,100,100888,100,99835,100
2019-06-28 09:52:43.155043599,100040,334,100024,334,100077,334,100000,240,100124,100,99919,100,100177,100,99917,100,100285,100,99898,100,100356,100,99896,100,100458,100,99894,100,100498,100,99882,100,100739,100,99844,100,100848,100,99835,100
2019-06-28 09:52:50.000000000,100040,259,100024,259,100077,254,100000,160,100124,254,99919,254,100177,100,99917,100,100285,100,99898,100,100356,100,99896,100,100458,100,99894,100,100498,100,99882,100,100739,100,99844,100,100848,100,99835,100
2019-06-28 09:53:00.000000000,100040,194,100024,194,100077,194,100000,100,100124,194,99919,194,100177,194,99917,194,100285,194,99898,194,100356,100,99896,100,100458,100,99894,100,100498,100,99882,100,100739,100,99844,100,100848,100,99835,100
2019-06-28 09:53:05.673515938,100040,94,100024,194,100077,194,100000,100,100124,194,99919,194,100177,194,99917,194,100285,194,99898,194,100356,100,99896,100,100458,100,99894,100,100498,100,99882,100,100739,100,99844,100,100848,100,99835,100
2019-06-28 09:53:10.000000000,100077,259,100024,259,100124,254,100000,160,100177,254,99919,254,100285,100,99917,100,100356,100,99898,100,100458,100,99896,100,100498,100,99894,100,100739,100,99882,100,100848,100,99844,100,100888,100,99835,100
2019-06-28 09:53:10.368619187,100077,259,100024,159,100124,254,100000,160,100177,254,99919,254,100285,100,99917,100,100356,100,99898,100,100458,100,99896,100,100498,100,99894,100,100739,100,99882,100,100848,100,99844,100,100888,100,99835,100
2019-06-28 09:53:20.000000000,100077,217,100000,123,100124,217,99919,217,100177,217,99917,217,100285,217,99898,217,100356,100,99896,100,100458,100,99894,100,100498,100,99882,100,100739,100,99844,100,100848,100,99835,100,100888,100,99813,100
2019-06-28 09:53:30.000000000,100077,194,100000,100,100124,194,99919,194,100177,194,99917,194,100285,194,99898,194,100356,194,99896,194,100458,100,99894,100,100498,100,99882,100,100739,100,99844,100,100848,100,99835,100,100888,100,99813,100
2019-06-28 09:53:40.000000000,100077,217,100000,123,100124,217,99919,217,100177,217,99917,217,100285,217,99898,217,100356,100,99896,100,100458,100,99894,100,100498,100,99882,100,100739,100,99844,100,100848,100,99835,100,100888,100,99813,100
2019-06-28 09:53:50.000000000,100077,217,100000,123,100124,217,99919,217,100177,217,99917,217,100285,217,99898,217,100356,100,99896,100,100458,100,99894,100,100498,100,99882,100,100739,100,99844,100,100848,100,99835,100,100888,100,99813,100
2019-06-28 09:53:53.069434605,100077,217,100000,123,100124,217,99991,100,100177,217,99919,217,100285,217,99917,217,100356,100,99898,217,100458,100,99896,100,100498,100,99894,100,100739,100,99882,100,100888,100,99844,100,,,99835,100
2019-06-28 09:54:00.000000000,100077,194,100000,100,100124,194,99991,194,100177,194,99919,194,100285,194,99917,194,100356,194,99898,194,100458,100,99896,100,100498,100,99894,100,100739,100,99882,100,100888,100,99844,100,,,99835,100
2019-06-28 09:54:04.585981297,100077,194,100005,100,100124,194,100000,100,100177,194,99991,194,100285,194,99919,194,100356,194,99917,194,100458,100,99898,194,100498,100,99896,100,100739,100,99894,100,100888,100,99882,100,,,99844,100
2019-06-28 09:54:10.000000000,100077,194,100005,194,100124,194,100000,100,100177,194,99991,194,100285,194,99919,194,100356,194,99917,194,100458,100,99898,100,100498,100,99896,100,100739,100,99894,100,100888,100,99882,100,,,99844,100
2019-06-28 09:54:10.030989666,100077,194,100025,100,100124,194,100005,194,100177,194,100000,100,100285,194,99991,194,100356,194,99919,194,100458,100,99917,194,100498,100,99898,100,100739,100,99896,100,100888,100,99894,100,,,99882,100
2019-06-28 09:54:11.481326387,100077,194,100025,100,100124,194,100005,194,100165,100,100000,100,100177,194,99991,194,100285,94,99919,194,100356,194,99917,194,100458,100,99898,100,100498,100,99896,100,100739,100,99894,100,100888,100,99882,100
2019-06-28 09:54:16.634754788,100077,94,100025,100,100124,194,100005,194,100165,100,100000,100,100177,194,99991,194,100285,94,99919,194,100356,194,99917,194,100458,100,99898,100,100498,100,99896,100,100739,100,99894,100,100888,100,99882,100
2019-06-28 09:54:20.000000000,100124,217,100025,217,100165,217,100005,217,100177,217,100000,123,100356,217,99991,217,100458,100,99919,100,100498,100,99917,100,100739,100,99898,100,100888,100,99896,100,,,99894,100,,,99882,100
2019-06-28 09:54:25.031998580,100124,217,100040,100,100165,217,100025,217,100177,217,100005,217,100356,217,100000,123,100458,100,99991,217,100498,100,99919,100,100739,100,99917,100,100888,100,99898,100,,,99896,100,,,99894,100
2019-06-28 09:54:30.000000000,100124,259,100040,259,100165,254,100025,254,100177,254,100005,254,100356,100,100000,6,100458,100,99991,100,100498,100,99919,100,100739,100,99917,100,100888,100,99898,100,,,99896,100,,,99894,100
2019-06-28 09:54:37.075275915,100124,259,100040,159,100165,254,100025,254,100177,254,100005,254,100356,100,100000,6,100458,100,99991,100,100498,100,99919,100,100739,100,99917,100,100888,100,99898,100,,,99896,100,,,99894,100
2019-06-28 09:54:40.000000000,100124,334,100025,334,100165,334,100005,334,100177,100,100000,6,100356,100,99991,100,100458,100,99919,100,100498,100,99917,100,100739,100,99898,100,100888,100,99896,100,,,99894,100,,,99882,100
2019-06-28 09:54:50.000000000,100124,334,100025,334,100165,334,100005,334,100177,100,100000,6,100356,100,99991,100,100458,100,99919,100,100498,100,99917,100,100739,100,99898,100,100888,100,99896,100,,,99894,100,,,99882,100
2019-06-28 09:55:00.000000000,100124,568,100025,568,100165,100,100005,100,100177,100,100000,6,100356,100,99991,100,100458,100,99919,100,100498,100,99917,100,100739,100,99898,100,100888,100,99896,100,,,99894,100,,,99882,100
2019-06-28 09:55:10.000000000,100124,259,100025,259,100165,254,100005,254,100177,254,100000,160,100356,100,99991,100,100458,100,99919,100,100498,100,99917,100,100739,100,99898,100,100888,100,99896,100,,,99894,100,,,99882,100
2019-06-28 09:55:15.602188526,100124,259,100025,259,100165,254,100005,254,100177,254,100000,160,100356,100,99991,100,100458,100,99919,100,100498,100,99917,100,100739,100,99898,100,100888,100,99896,100,,,99894,100,,,99882,100
2019-06-28 09:55:16.762442972,100124,259,100025,259,100165,254,100005,254,100177,254,100000,160,100356,100,99991,100,100458,100,99945,100,100498,100,99919,100,100739,100,99917,100,100888,100,99898,100,,,99896,100,,,99894,100
2019-06-28 09:55:18.911520902,100124,259,100025,259,100165,254,100005,254,100177,154,100000,160,100356,100,99991,100,100458,100,99945,100,100498,100,99919,100,100739,100,99917,100,100888,100,99905,100,,,99898,100,,,99896,100
2019-06-28 09:55:20.000000000,100124,568,100025,568,100165,100,100005,100,100356,100,100000,6,100458,100,99991,100,100498,100,99945,100,100739,100,99919,100,100888,100,99917,100,,,99905,100,,,99898,100,,,99896,100
2019-06-28 09:55:26.824278289,100124,568,100025,568,100165,100,100005,100,100356,100,100000,6,100458,100,99991,100,100498,100,99945,100,100739,100,99919,100,100888,100,99917,100,,,99898,100,,,99896,100,,,99894,100
2019-06-28 09:55:30.000000000,100124,217,100025,217,100165,217,100005,217,100356,217,100000,123,100458,217,99991,217,100498,100,99945,100,100739,100,99919,100,100888,100,99917,100,,,99898,100,,,99896,100,,,99894,100
2019-06-28 09:55:40.000000000,100124,194,100025,194,100165,194,100005,194,100356,194,100000,100,100458,194,99991,194,100498,194,99945,194,100739,100,99919,100,100888,100,99917,100,,,99898,100,,,99896,100,,,99894,100
2019-06-28 09:55:50.000000000,100124,334,100025,334,100165,334,100005,334,100356,100,100000,6,100458,100,99991,100,100498,100,99945,100,100739,100,99919,100,100888,100,99917,100,,,99898,100,,,99896,100,,,99894,100
2019-06-28 09:55:52.044559435,100124,334,100025,234,100165,334,100005,334,100356,100,100000,6,100458,100,99991,100,100498,100,99945,100,100739,100,99919,100,100888,100,99917,100,,,99898,100,,,99896,100,,,99882,100
2019-06-28 09:55:59.545032120,100040,100,100025,234,100124,334,100005,334,100165,334,100000,6,100356,100,99991,100,100458,100,99945,100,100498,100,99919,100,100739,100,99917,100,100888,100,99898,100,,,99896,100,,,99882,100
2019-06-28 09:56:00.000000000,100040,568,100005,568,100124,100,100000,6,100165,100,99991,100,100356,100,99945,100,100458,100,99919,100,100498,100,99917,100,100739,100,99898,100,100888,100,99896,100,,,99882,100,,,99844,100
2019-06-28 09:56:10.000000000,100040,259,100005,259,100124,254,100000,160,100165,254,99991,254,100356,100,99945,100,100458,100,99919,100,100498,100,99917,100,100739,100,99898,100,100888,100,99896,100,,,99882,100,,,99844,100
2019-06-28 09:56:10.254070902,100040,259,100005,159,100124,254,100000,160,100165,254,99991,254,100356,100,99945,100,100458,100,99919,100,100498,100,99917,100,100739,100,99898,100,100888,100,99896,100,,,99882,100,,,99844,100
2019-06-28 09:56:16.104431564,100040,259,100005,59,100124,254,100000,160,100165,254,99991,254,100356,100,99945,100,100458,100,99919,100,100498,100,99917,100,100739,100,99898,100,100888,100,99896,100,,,99882,100,,,99844,100
2019-06-28 09:56:20.000000000,100040,568,100000,474,100124,100,99991,100,100165,100,99945,100,100356,100,99919,100,100458,100,99917,100,100498,100,99898,100,100739,100,99896,100,100888,100,99882,100,,,99844,100,,,99813,100
2019-06-28 09:56:30.000000000,100040,568,100000,474,100124,100,99991,100,100165,100,99945,100,100356,100,99919,100,100458,100,99917,100,100498,100,99898,100,100739,100,99896,100,100888,100,99882,100,,,99844,100,,,99813,100
2019-06-28 09:56:33.489051878,100040,568,100000,474,100124,100,99991,100,100157,100,99945,100,100165,100,99919,100,100356,100,99917,100,100458,100,99898,100,100498,100,99896,100,100739,100,99882,100,100888,100,99844,100,,,99813,100
2019-06-28 09:56:40.000000000,100040,334,100000,240,100124,334,99991,334,100157,100,99945,100,100165,100,99919,100,100356,100,99917,100,100458,100,99898,100,100498,100,99896,100,100739,100,99882,100,100888,100,99844,100,,,99813,100
2019-06-28 09:56:46.743477779,100040,334,100000,240,100124,334,99991,334,100157,100,99945,100,100165,100,99919,100,100356,100,99917,100,100458,100,99898,100,100498,100,99896,100,100739,100,99882,100,100888,100,99844,100,,,99813,100
2019-06-28 09:56:50.000000000,100040,334,100000,240,100124,334,99991,334,100157,100,99945,100,100165,100,99919,100,100356,100,99917,100,100458,100,99898,100,100498,100,99896,100,100739,100,99882,100,100888,100,99844,100,,,99813,100
2019-06-28 09:57:00.000000000,100040,217,100000,123,100124,217,99991,217,100157,217,99945,217,100165,217,99919,217,100356,100,99917,100,100458,100,99898,100,100498,100,99896,100,100739,100,99882,100,100888,100,99844,100,,,99813,100
2019-06-28 09:57:10.000000000,100040,259,100000,165,100124,254,99991,254,100157,254,99945,254,100165,100,99919,100,100356,100,99917,100,100458,100,99898,100,100498,100,99896,100,100739,100,99882,100,100888,100,99844,100,,,99813,100
2019-06-28 09:57:15.581712749,100005,100,100000,165,100040,259,99991,254,100124,254,99945,254,100157,254,99919,100,100165,100,99917,100,100356,100,99898,100,100458,100,99896,100,100498,100,99882,100,100739,100,99844,100,100888,100,99813,100
2019-06-28 09:57:18.774647140,100005,100,100000,165,100040,259,99991,254,100081,100,99945,254,100124,254,99919,100,100157,254,99917,100,100165,100,99898,100,100356,100,99896,100,100458,100,99882,100,100498,100,99844,100,100739,100,99813,100
2019-06-28 09:57:20.000000000,100005,568,100000,474,100040,100,99991,100,100081,100,99945,100,100124,100,99919,100,100157,100,99917,100,100165,100,99898,100,100356,100,99896,100,100458,100,99882,100,100498,100,99844,100,100739,100,99813,100
2019-06-28 09:57:30.000000000,100005,194,100000,100,100040,194,99991,194,100081,194,99945,194,100124,194,99919,194,100157,194,99917,194,100165,100,99898,100,100356,100,99896,100,100458,100,99882,100,100498,100,99844,100,100739,100,99813,100
2019-06-28 09:57:36.229185716,100005,194,99991,194,100040,194,99945,194,100081,94,99919,194,100124,194,99917,194,100157,194,99898,100,100165,100,99896,100,100356,100,99882,100,100458,100,99844,100,100498,100,99813,100,100739,100,99803,100
2019-06-28 09:57:39.479655736,100005,194,99991,194,100040,194,99945,194,100081,94,99919,194,100086,100,99917,194,100124,194,99898,100,100157,194,99896,100,100165,100,99882,100,100356,100,99844,100,100458,100,99813,100,100498,100,99803,100
2019-06-28 09:57:40.000000000,100005,259,99991,259,100040,254,99945,254,100086,254,99919,254,100124,100,99917,100,100157,100,99898,100,100165,100,99896,100,100356,100,99882,100,100458,100,99844,100,100498,100,99813,100,100739,100,99803,100
2019-06-28 09:57:50.000000000,100005,217,99991,217,100040,217,99945,217,100086,217,99919,217,100124,217,99917,217,100157,100,99898,100,100165,100,99896,100,100356,100,99882,100,100458,100,99844,100,100498,100,99813,100,100739,100,99803,100
2019-06-28 09:58:00.000000000,100005,259,99991,259,100040,254,99945,254,100086,254,99919,254,100124,100,99917,100,100157,100,99898,100,100165,100,99896,100,100356,100,99882,100,100458,100,99844,100,100498,100,99813,100,100739,100,99803,100
2019-06-28 09:58:10.000000000,100005,568,99991,568,100040,100,99945,100,100086,100,99919,100,100124,100,99917,100,100157,100,99898,100,100165,100,99896,100,100356,100,99882,100,100458,100,99844,100,100498,100,99813,100,100739,100,99803,100
2019-06-28 09:58:20.000000000,100005,334,99991,334,100040,334,99945,334,100086,100,99919,100,100124,100,99917,100,100157,100,99898,100,100165,100,99896,100,100356,100,99882,100,100458,100,99844,100,100498,100,99813,100,100739,100,99803,100
2019-06-28 09:58:24.731865152,100005,334,99991,234,100040,334,99945,334,100086,100,99932,100,100124,100,99919,100,100157,100,99917,100,100165,100,99898,100,100356,100,99896,100,100458,100,99882,100,100498,100,99844,100,100739,100,99813,100
2019-06-28 09:58:27.080664067,100005,334,99991,134,100040,334,99945,334,100086,100,99932,100,100124,100,99919,100,100157,100,99917,100,100165,100,99898,100,100356,100,99896,100,100458,100,99882,100,100498,100,99844,100,100739,100,99813,100
2019-06-28 09:58:30.000000000,100005,259,99945,259,100040,254,99932,254,100086,254,99919,254,100124,100,99917,100,100157,100,99898,100,100165,100,99896,100,100356,100,99882,100,100458,100,99844,100,100498,100,99813,100,100739,100,99803,100
2019-06-28 09:58:40.000000000,100005,568,99945,568,100040,100,99932,100,100086,100,99919,100,100124,100,99917,100,100157,100,99898,100,100165,100,99896,100,100356,100,99882,100,100458,100,99844,100,100498,100,99813,100,100739,100,99803,100
2019-06-28 09:58:50.000000000,100005,194,99945,194,100040,194,99932,194,100086,194,99919,194,100124,194,99917,194,100157,194,99898,194,100165,100,99896,100,100356,100,99882,100,100458,100,99844,100,100498,100,99813,100,100739,100,99803,100
2019-06-28 09:58:59.659218181,100005,194,99945,94,100040,194,99932,194,100086,194,99919,194,100124,194,99917,194,100157,194,99898,194,100165,100,99896,100,100356,100,99882,100,100458,100,99844,100,100498,100,99813,100,100739,100,99803,100
2019-06-28 09:59:00.000000000,100005,259,99932,259,100040,254,99919,254,100086,254,99917,254,100124,100,99898,100,100157,100,99896,100,100165,100,99882,100,100356,100,99844,100,100458,100,99813,100,100498,100,99803,100,100739,100,99763,100
2019-06-28 09:59:06.483759290,100005,259,99932,259,100040,254,99919,254,100086,254,99917,254,100124,100,99898,100,100157,100,99896,100,100356,100,99882,100,100458,100,99844,100,100498,100,99813,100,100739,100,99803,100,100888,100,99763,100
2019-06-28 09:59:10.000000000,100005,568,99932,568,100040,100,99919,100,100086,100,99917,100,100124,100,99898,100,100157,100,99896,100,100356,100,99882,100,100458,100,99844,100,100498,100,99813,100,100739,100,99803,100,100888,100,99763,100
2019-06-28 09:59:20.000000000,100005,568,99932,568,100040,100,99919,100,100086,100,99917,100,100124,100,99898,100,100157,100,99896,100,100356,100,99882,100,100458,100,99844,100,100498,100,99813,100,100739,100,99803,100,100888,100,99763,100
2019-06-28 09:59:30.000000000,100005,334,99932,334,100040,334,99919,334,100086,100,99917,100,100124,100,99898,100,100157,100,99896,100,100356,100,99882,100,100458,100,99844,100,100498,100,99813,100,100739,100,99803,100,100888,100,99763,100
2019-06-28 09:59:32.964236755,100005,334,99932,234,100040,334,99919,334,100086,100,99917,100,100124,100,99898,100,100157,100,99896,100,100356,100,99882,100,100458,100,99844,100,100498,100,99813,100,100739,100,99803,100,100888,100,99763,100
2019-06-28 09:59:33.251698273,100005,334,99932,134,100040,334,99919,334,100086,100,99917,100,100124,100,99898,100,100157,100,99896,100,100356,100,99882,100,100458,100,99844,100,100498,100,99813,100,100739,100,99803,100,100888,100,99763,100
2019-06-28 09:59:40.000000000,100005,568,99919,568,100040,100,99917,100,100086,100,99898,100,100124,100,99896,100,100157,100,99882,100,100356,100,99844,100,100458,100,99813,100,100498,100,99803,100,100739,100,99763,100,100888,100,99672,100
2019-06-28 09:59:50.000000000,100005,568,99919,568,100040,100,99917,100,100086,100,99898,100,100124,100,99896,100,100157,100,99882,100,100356,100,99844,100,100458,100,99813,100,100498,100,99803,100,100739,100,99763,100,100888,100,99672,100
2019-06-28 09:59:55.045879600,100005,568,99919,468,100040,100,99917,100,100086,100,99898,100,100124,100,99896,100,100157,100,99882,100,100458,100,99844,100,100498,100,99813,100,100739,100,99803,100,100888,100,99763,100,,,99672,100
2019-06-28 09:59:58.331764810,100005,568,99919,468,100040,100,99917,100,100124,100,99898,100,100157,100,99896,100,100458,100,99882,100,100498,100,99844,100,100739,100,99813,100,100888,100,99803,100,,,99763,100,,,99672,100
2019-06-28 10:00:00.000000000,100005,259,99917,259,100040,254,99898,254,100124,254,99896,254,100157,100,99882,100,100458,100,99844,100,100498,100,99813,100,100739,100,99803,100,100888,100,99763,100,,,99672,100,,,99644,100
2019-06-28 10:00:10.000000000,100005,334,99917,334,100040,334,99898,334,100124,100,99896,100,100157,100,99882,100,100458,100,99844,100,100498,100,99813,100,100739,100,99803,100,100888,100,99763,100,,,99672,100,,,99644,100
2019-06-28 10:00:18.848876804,100005,334,99917,234,100040,334,99898,334,100124,100,99896,100,100157,100,99882,100,100458,100,99844,100,100498,100,99813,100,100739,100,99803,100,100888,100,99763,100,,,99672,100,,,99644,100
2019-06-28 10:00:20.000000000,100005,568,99898,568,100040,100,99896,100,100124,100,99882,100,100157,100,99844,100,100458,100,99813,100,100498,100,99803,100,100739,100,99763,100,100888,100,99672,100,,,99644,100,,,99608,100
2019-06-28 10:00:21.548759413,100005,568,99898,368,100040,100,99896,100,100124,100,99882,100,100157,100,99844,100,100458,100,99813,100,100498,100,99803,100,100739,100,99763,100,100888,100,99672,100,,,99644,100,,,99608,100
2019-06-28 10:00:30.000000000,100005,217,99896,217,100040,217,99882,217,100124,217,99844,217,100157,217,99813,217,100458,100,99803,100,100498,100,99763,100,100739,100,99672,100,100888,100,99644,100,,,99608,100,,,99538,100
2019-06-28 10:00:33.343743039,100005,217,99896,117,100040,217,99882,217,100124,217,99844,217,100157,217,99813,217,100458,100,99803,100,100498,100,99763,100,100739,100,99672,100,100888,100,99644,100,,,99608,100,,,99538,100
2019-06-28 10:00:38.048957286,100005,217,99896,17,100040,217,99882,217,100124,217,99844,217,100157,217,99813,217,100458,100,99803,100,100498,100,99763,100,100739,100,99672,100,100888,100,99644,100,,,99608,100,,,99538,100
2019-06-28 10:00:40.000000000,100005,259,99882,259,100040,254,99844,254,100124,254,99813,254,100157,100,99803,100,100458,100,99763,100,100498,100,99672,100,100739,100,99644,100,100888,100,99608,100,,,99538,100,,,99531,100
2019-06-28 10:00:50.000000000,100005,568,99882,568,100040,100,99844,100,100124,100,99813,100,100157,100,99803,100,100458,100,99763,100,100498,100,99672,100,100739,100,99644,100,100888,100,99608,100,,,99538,100,,,99531,100
2019-06-28 10:01:00.000000000,100005,334,99882,334,100040,334,99844,334,100124,100,99813,100,100157,100,99803,100,100458,100,99763,100,100498,100,99672,100,100739,100,99644,100,100888,100,99608,100,,,99538,100,,,99531,100
2019-06-28 10:01:10.000000000,100005,194,99882,194,100040,194,99844,194,100124,194,99813,194,100157,194,99803,194,100458,194,99763,194,100498,100,99672,100,100739,100,99644,100,100888,100,99608,100,,,99538,100,,,99531,100
2019-06-28 10:01:15.741756108,99896,100,99882,194,100005,194,99844,194,100040,194,99813,194,100124,194,99803,194,100157,194,99763,194,100458,194,99672,100,100498,100,99644,100,100739,100,99608,100,100888,100,99538,100,,,99531,100
2019-06-28 10:01:20.000000000,99896,334,99882,334,100005,334,99844,334,100040,100,99813,100,100124,100,99803,100,100157,100,99763,100,100458,100,99672,100,100498,100,99644,100,100739,100,99608,100,100888,100,99538,100,,,99531,100
2019-06-28 10:01:23.943485995,99896,334,99882,334,100005,334,99844,334,100040,100,99813,100,100124,100,99803,100,100157,100,99763,100,100458,100,99672,100,100498,100,99644,100,100739,100,99608,100,100888,100,99538,100,,,99531,100
2019-06-28 10:01:30.000000000,99896,334,99882,334,100005,334,99844,334,100040,100,99813,100,100124,100,99803,100,100157,100,99763,100,100458,100,99672,100,100498,100,99644,100,100739,100,99608,100,100888,100,99538,100,,,99531,100
2019-06-28 10:01:40.000000000,99896,568,99882,568,100005,100,99844,100,100040,100,99813,100,100124,100,99803,100,100157,100,99763,100,100458,100,99672,100,100498,100,99644,100,100739,100,99608,100,100888,100,99538,100,,,99531,100
2019-06-28 10:01:45.807258078,99896,568,99882,568,100005,100,99813,100,100040,100,99803,100,100124,100,99763,100,100157,100,99672,100,100458,100,99644,100,100498,100,99608,100,100739,100,99552,100,100888,100,99538,100,,,99531,100
2019-06-28 10:01:50.000000000,99896,194,99882,194,100005,194,99813,194,100040,194,99803,194,100124,194,99763,194,100157,194,99672,194,100458,100,99644,100,100498,100,99608,100,100739,100,99552,100,100888,100,99538,100,,,99531,100
2019-06-28 10:01:51.438654026,99896,194,99882,194,100005,194,99813,194,100040,194,99803,194,100124,194,99763,194,100157,194,99672,194,100458,100,99648,100,100498,100,99644,100,100739,100,99608,100,100888,100,99552,100,,,99538,100
2019-06-28 10:01:52.231279143,99896,294,99882,194,100005,194,99813,194,100040,194,99803,194,100124,194,99763,194,100157,194,99672,194,100458,100,99648,100,100498,100,99644,100,100739,100,99608,100,100888,100,99552,100,,,99538,100
2019-06-28 10:02:00.000000000,99896,668,99882,568,100005,100,99813,100,100040,100,99803,100,100124,100,99763,100,100157,100,99672,100,100458,100,99648,100,100498,100,99644,100,100739,100,99608,100,100888,100,99552,100,,,99538,100
2019-06-28 10:02:10.000000000,99896,359,99882,259,100005,254,99813,254,100040,254,99803,254,100124,100,99763,100,100157,100,99672,100,100458,100,99648,100,100498,100,99644,100,100739,100,99608,100,100888,100,99552,100,,,99538,100
2019-06-28 10:02:20.000000000,99896,294,99882,194,100005,194,99813,194,100040,194,99803,194,100124,194,99763,194,100157,194,99672,194,100458,100,99648,100,100498,100,99644,100,100739,100,99608,100,100888,100,99552,100,,,99538,100
2019-06-28 10:02:30.000000000,99896,668,99882,568,100005,100,99813,100,100040,100,99803,100,100124,100,99763,100,100157,100,99672,100,100458,100,99648,100,100498,100,99644,100,100739,100,99608,100,100888,100,99552,100,,,99538,100
2019-06-28 10:02:40.000000000,99896,668,99882,568,100005,100,99813,100,100040,100,99803,100,100124,100,99763,100,100157,100,99672,100,100458,100,99648,100,100498,100,99644,100,100739,100,99608,100,100888,100,99552,100,,,99538,100
2019-06-28 10:02:45.455507334,99896,568,99882,568,100005,100,99813,100,100040,100,99803,100,100124,100,99763,100,100157,100,99672,100,100458,100,99648,100,100498,100,99644,100,100739,100,99608,100,100888,100,99552,100,,,99538,100
2019-06-28 10:02:50.000000000,99896,217,99882,217,100005,217,99813,217,100040,217,99803,217,100124,217,99763,217,100157,100,99672,100,100458,100,99648,100,100498,100,99644,100,100739,100,99608,100,100888,100,99552,100,,,99538,100
2019-06-28 10:02:56.003408597,99896,217,99882,217,100005,217,99813,217,100040,217,99803,217,100124,217,99763,217,100157,100,99672,100,100192,100,99648,100,100458,100,99644,100,100498,100,99608,100,100739,100,99552,100,100888,100,99538,100
2019-06-28 10:03:00.000000000,99896,259,99882,259,100005,254,99813,254,100040,254,99803,254,100124,100,99763,100,100157,100,99672,100,100192,100,99648,100,100458,100,99644,100,100498,100,99608,100,100739,100,99552,100,100888,100,99538,100
2019-06-28 10:03:03.352923760,99896,159,99882,259,100005,254,99813,254,100040,254,99803,254,100124,100,99763,100,100157,100,99672,100,100192,100,99648,100,100458,100,99644,100,100498,100,99608,100,100739,100,99552,100,100888,100,99538,100
2019-06-28 10:03:10.000000000,100005,194,99882,194,100040,194,99813,194,100124,194,99803,194,100157,194,99763,194,100192,194,99672,194,100458,100,99648,100,100498,100,99644,100,100739,100,99608,100,100888,100,99552,100,,,99538,100
2019-06-28 10:03:12.589278208,100005,94,99882,194,100040,194,99813,194,100124,194,99803,194,100157,194,99763,194,100192,194,99672,194,100458,100,99648,100,100498,100,99644,100,100739,100,99608,100,100888,100,99552,100,,,99538,100
2019-06-28 10:03:20.000000000,100040,217,99882,217,100124,217,99813,217,100157,217,99803,217,100192,217,99763,217,100458,100,99672,100,100498,100,99648,100,100739,100,99644,100,100888,100,99608,100,,,99552,100,,,99538,100
2019-06-28 10:03:30.000000000,100040,194,99882,194,100124,194,99813,194,100157,194,99803,194,100192,194,99763,194,100458,194,99672,194,100498,100,99648,100,100739,100,99644,100,100888,100,99608,100,,,99552,100,,,99538,100
2019-06-28 10:03:38.767620632,100040,194,99936,100,100124,194,99882,194,100157,194,99813,194,100192,194,99803,194,100458,194,99763,194,100498,100,99672,194,100739,100,99648,100,100888,100,99644,100,,,99608,100,,,99552,100
2019-06-28 10:03:40.000000000,100040,259,99936,259,100124,254,99882,254,100157,254,99813,254,100192,100,99803,100,100458,100,99763,100,100498,100,99672,100,100739,100,99648,100,100888,100,99644,100,,,99608,100,,,99552,100
2019-06-28 10:03:48.336253491,100040,159,99936,259,100124,254,99882,254,100157,254,99813,254,100192,100,99763,100,100458,100,99672,100,100498,100,99648,100,100739,100,99644,100,100888,100,99608,100,,,99552,100,,,99538,100
2019-06-28 10:03:50.000000000,100124,259,99936,259,100157,254,99882,254,100192,254,99813,254,100458,100,99763,100,100498,100,99672,100,100739,100,99648,100,100888,100,99644,100,,,99608,100,,,99552,100,,,99538,100
2019-06-28 10:04:00.000000000,100124,194,99936,194,100157,194,99882,194,100192,194,99813,194,100458,194,99763,194,100498,194,99672,194,100739,100,99648,100,100888,100,99644,100,,,99608,100,,,99552,100,,,99538,100
2019-06-28 10:04:10.000000000,100124,194,99936,194,100157,194,99882,194,100192,194,99813,194,100458,194,99763,194,100498,194,99672,194,100739,100,99648,100,100888,100,99644,100,,,99608,100,,,99552,100,,,99538,100
2019-06-28 10:04:20.000000000,100124,217,99936,217,100157,217,99882,217,100192,217,99813,217,100458,217,99763,217,100498,100,99672,100,100739,100,99648,100,100888,100,99644,100,,,99608,100,,,99552,100,,,99538,100
2019-06-28 10:04:30.000000000,100124,568,99936,568,100157,100,99882,100,100192,100,99813,100,100458,100,99763,100,100498,100,99672,100,100739,100,99648,100,100888,100,99644,100,,,99608,100,,,99552,100,,,99538,100
2019-06-28 10:04:40.000000000,100124,568,99936,568,100157,100,99882,100,100192,100,99813,100,100458,100,99763,100,100498,100,99672,100,100739,100,99648,100,100888,100,99644,100,,,99608,100,,,99552,100,,,99538,100
2019-06-28 10:04:50.000000000,100124,217,99936,217,100157,217,99882,217,100192,217,99813,217,100458,217,99763,217,100498,100,99672,100,100739,100,99648,100,100888,100,99644,100,,,99608,100,,,99552,100,,,99538,100
2019-06-28 10:04:53.544654889,100124,217,99936,217,100157,217,99882,217,100192,217,99879,100,100458,217,99813,217,100498,100,99763,217,100739,100,99672,100,100888,100,99648,100,,,99644,100,,,99608,100,,,99552,100
2019-06-28 10:04:55.187163058,100124,217,99961,100,100157,217,99936,217,100192,217,99882,217,100458,217,99879,100,100498,100,99813,217,100739,100,99763,217,100888,100,99672,100,,,99648,100,,,99644,100,,,99608,100
2019-06-28 10:05:00.000000000,100124,334,99961,334,100157,334,99936,334,100192,100,99882,100,100458,100,99879,100,100498,100,99813,100,100739,100,99763,100,100888,100,99672,100,,,99648,100,,,99644,100,,,99608,100
2019-06-28 10:05:10.000000000,100124,259,99961,259,100157,254,99936,254,100192,254,99882,254,100458,100,99879,100,100498,100,99813,100,100739,100,99763,100,100888,100,99672,100,,,99648,100,,,99644,100,,,99608,100
2019-06-28 10:05:20.000000000,100124,568,99961,568,100157,100,99936,100,100192,100,99882,100,100458,100,99879,100,100498,100,99813,100,100739,100,99763,100,100888,100,99672,100,,,99648,100,,,99644,100,,,99608,100
2019-06-28 10:05:22.594870260,100124,568,100005,100,100157,100,99961,568,100192,100,99936,100,100458,100,99882,100,100498,100,99879,100,100739,100,99813,100,100888,100,99763,100,,,99672,100,,,99648,100,,,99644,100
2019-06-28 10:05:23.864573584,100124,568,99961,568,100157,100,99936,100,100192,100,99882,100,100458,100,99879,100,100498,100,99813,100,100739,100,99763,100,,,99672,100,,,99648,100,,,99644,100,,,99608,100
2019-06-28 10:05:26.154335935,100124,568,99961,568,100157,100,99936,100,100192,100,99882,100,100352,100,99879,100,100458,100,99813,100,100498,100,99763,100,100739,100,99672,100,,,99644,100,,,99608,100,,,99552,100
2019-06-28 10:05:30.000000000,100124,334,99961,334,100157,334,99936,334,100192,100,99882,100,100352,100,99879,100,100458,100,99813,100,100498,100,99763,100,100739,100,99672,100,,,99644,100,,,99608,100,,,99552,100
2019-06-28 10:05:40.000000000,100124,568,99961,568,100157,100,99936,100,100192,100,99882,100,100352,100,99879,100,100458,100,99813,100,100498,100,99763,100,100739,100,99672,100,,,99644,100,,,99608,100,,,99552,100
2019-06-28 10:05:43.162775881,100124,568,99961,568,100157,100,99936,100,100192,100,99899,100,100352,100,99882,100,100458,100,99879,100,100498,100,99813,100,100739,100,99763,100,,,99672,100,,,99644,100,,,99608,100
2019-06-28 10:05:50.000000000,100124,334,99961,334,100157,334,99936,334,100192,100,99899,100,100352,100,99882,100,100458,100,99879,100,100498,100,99813,100,100739,100,99763,100,,,99672,100,,,99644,100,,,99608,100
2019-06-28 10:06:00.000000000,100124,194,99961,194,100157,194,99936,194,100192,194,99899,194,100352,194,99882,194,100458,194,99879,194,100498,100,99813,100,100739,100,99763,100,,,99672,100,,,99644,100,,,99608,100
2019-06-28 10:06:09.921362070,100124,94,99961,194,100157,194,99936,194,100192,194,99899,194,100352,194,99882,194,100458,194,99879,194,100498,100,99813,100,100739,100,99763,100,,,99672,100,,,99644,100,,,99552,100
2019-06-28 10:06:10.000000000,100157,194,99961,194,100192,194,99936,194,100352,194,99899,194,100458,194,99882,194,100498,194,99879,194,100739,100,99813,100,,,99763,100,,,99672,100,,,99644,100,,,99552,100
2019-06-28 10:06:20.000000000,100157,568,99961,568,100192,100,99936,100,100352,100,99899,100,100458,100,99882,100,100498,100,99879,100,100739,100,99813,100,,,99763,100,,,99672,100,,,99644,100,,,99552,100
2019-06-28 10:06:27.127083531,100157,568,99961,568,100192,100,99936,100,100352,100,99914,100,100458,100,99899,100,100498,100,99882,100,100739,100,99879,100,,,99813,100,,,99763,100,,,99672,100,,,99644,100
2019-06-28 10:06:30.000000000,100157,217,99961,217,100192,217,99936,217,100352,217,99914,217,100458,217,99899,217,100498,100,99882,100,100739,100,99879,100,,,99813,100,,,99763,100,,,99672,100,,,99644,100
2019-06-28 10:06:40.000000000,100157,334,99961,334,100192,334,99936,334,100352,100,99914,100,100458,100,99899,100,100498,100,99882,100,100739,100,99879,100,,,99813,100,,,99763,100,,,99672,100,,,99644,100
2019-06-28 10:06:50.000000000,100157,568,99961,568,100192,100,99936,100,100352,100,99914,100,100458,100,99899,100,100498,100,99882,100,100739,100,99879,100,,,99813,100,,,99763,100,,,99672,100,,,99644,100
2019-06-28 10:07:00.000000000,100157,259,99961,259,100192,254,99936,254,100352,254,99914,254,100458,100,99899,100,100498,100,99882,100,100739,100,99879,100,,,99813,100,,,99763,100,,,99672,100,,,99644,100
2019-06-28 10:07:10.000000000,100157,334,99961,334,100192,334,99936,334,100352,100,99914,100,100458,100,99899,100,100498,100,99882,100,100739,100,99879,100,,,99813,100,,,99763,100,,,99672,100,,,99644,100
2019-06-28 10:07:20.000000000,100157,568,99961,568,100192,100,99936,100,100352,100,99914,100,100458,100,99899,100,100498,100,99882,100,100739,100,99879,100,,,99813,100,,,99763,100,,,99672,100,,,99644,100
2019-06-28 10:07:30.000000000,100157,334,99961,334,100192,334,99936,334,100352,100,99914,100,100458,100,99899,100,100498,100,99882,100,100739,100,99879,100,,,99813,100,,,99763,100,,,99672,100,,,99644,100
2019-06-28 10:07:40.000000000,100157,259,99961,259,100192,254,99936,254,100352,254,99914,254,100458,100,99899,100,100498,100,99882,100,100739,100,99879,100,,,99813,100,,,99763,100,,,99672,100,,,99644,100
2019-06-28 10:07:50.000000000,100157,259,99961,259,100192,254,99936,254,100352,254,99914,254,100458,100,99899,100,100498,100,99882,100,100739,100,99879,100,,,99813,100,,,99763,100,,,99672,100,,,99644,100
2019-06-28 10:08:00.000000000,100157,568,99961,568,100192,100,99936,100,100352,100,99914,100,100458,100,99899,100,100498,100,99882,100,100739,100,99879,100,,,99813,100,,,99763,100,,,99672,100,,,99644,100
2019-06-28 10:08:10.000000000,100157,217,99961,217,100192,217,99936,217,100352,217,99914,217,100458,217,99899,217,100498,100,99882,100,100739,100,99879,100,,,99813,100,,,99763,100,,,99672,100,,,99644,100
2019-06-28 10:08:11.876844427,100157,217,99961,117,100192,217,99936,217,100352,217,99914,217,100458,217,99899,217,100498,100,99882,100,100739,100,99879,100,,,99813,100,,,99763,100,,,99672,100,,,99552,100
2019-06-28 10:08:12.463407242,99981,100,99961,117,100157,217,99936,217,100192,217,99914,217,100352,217,99899,217,100458,217,99882,100,100498,100,99879,100,100739,100,99813,100,,,99763,100,,,99672,100,,,99538,100
2019-06-28 10:08:20.000000000,99981,568,99936,568,100157,100,99914,100,100192,100,99899,100,100352,100,99882,100,100458,100,99879,100,100498,100,99813,100,100739,100,99763,100,,,99672,100,,,99538,100,,,99531,100
2019-06-28 10:08:30.000000000,99981,568,99936,568,100157,100,99914,100,100192,100,99899,100,100352,100,99882,100,100458,100,99879,100,100498,100,99813,100,100739,100,99763,100,,,99672,100,,,99538,100,,,99531,100
2019-06-28 10:08:37.000340672,99981,568,99936,568,100157,100,99914,100,100192,100,99899,100,100316,100,99882,100,100352,100,99879,100,100458,100,99813,100,100498,100,99763,100,100739,100,99672,100,,,99538,100,,,99531,100
