,ask_price_1,ask_size_1,bid_price_1,bid_size_1,ask_price_2,ask_size_2,bid_price_2,bid_size_2,ask_price_3,ask_size_3,bid_price_3,bid_size_3,ask_price_4,ask_size_4,bid_price_4,bid_size_4,ask_price_5,ask_size_5,bid_price_5,bid_size_5,ask_price_6,ask_size_6,bid_price_6,bid_size_6,ask_price_7,ask_size_7,bid_price_7,bid_size_7,ask_price_8,ask_size_8,bid_price_8,bid_size_8,ask_price_9,ask_size_9,bid_price_9,bid_size_9,ask_price_10,ask_size_10,bid_price_10,bid_size_10
2019-06-28 09:30:00.000000002,,,99970,100,,,,,,,,,,,,,,,,,,,,,,,,,,,,,,,,,,,,
2019-06-28 09:30:00.000000004,,,99956,100,,,,,,,,,,,,,,,,,,,,,,,,,,,,,,,,,,,,
2019-06-28 09:30:00.000000005,100034,100,99963,100,,,99956,100,,,,,,,,,,,,,,,,,,,,,,,,,,,,,,,,
2019-06-28 09:30:00.000000012,99984,100,99963,100,100034,100,99956,100,,,,,,,,,,,,,,,,,,,,,,,,,,,,,,,,
2019-06-28 09:30:00.000000014,99984,100,99956,100,100034,100,,,,,,,,,,,,,,,,,,,,,,,,,,,,,,,,,,
2019-06-28 09:30:00.000000019,99984,100,99956,100,100034,100,99885,100,,,,,,,,,,,,,,,,,,,,,,,,,,,,,,,,
2019-06-28 09:30:00.000000020,99984,100,99956,100,100034,100,99932,100,,,99885,100,,,,,,,,,,,,,,,,,,,,,,,,,,,,
2019-06-28 09:30:00.000000021,99984,100,99956,100,100034,100,99932,100,,,99885,100,,,99755,100,,,,,,,,,,,,,,,,,,,,,,,,
2019-06-28 09:30:00.000000022,99984,100,99956,100,100034,100,99932,100,100081,100,99885,100,,,99755,100,,,,,,,,,,,,,,,,,,,,,,,,
2019-06-28 09:30:00.000000028,100034,100,99956,100,100081,100,99932,100,,,99885,100,,,99755,100,,,,,,,,,,,,,,,,,,,,,,,,
2019-06-28 09:30:00.000000031,100034,100,99956,100,100081,100,99938,100,,,99932,100,,,99885,100,,,99755,100,,,,,,,,,,,,,,,,,,,,
2019-06-28 09:30:00.000000033,100034,100,99956,100,100081,100,99938,100,100113,100,99932,100,100120,100,99885,100,,,99755,100,,,,,,,,,,,,,,,,,,,,
2019-06-28 09:30:00.000000034,100034,100,99963,100,100081,100,99956,100,100113,100,99938,100,100120,100,99932,100,,,99885,100,,,99755,100,,,,,,,,,,,,,,,,
2019-06-28 09:30:00.000000036,100034,100,99978,100,100081,100,99963,100,100082,100,99956,100,100113,100,99938,100,100115,100,99932,100,100120,100,99885,100,,,99755,100,,,,,,,,,,,,
2019-06-28 09:30:00.000000037,99984,100,99978,100,100034,100,99963,100,100081,100,99956,100,100082,100,99938,100,100113,100,99932,100,100115,100,99885,100,100120,100,99755,100,,,,,,,,,,,,
2019-06-28 09:30:00.000000039,99984,100,99978,100,100034,100,99963,100,100081,100,99956,100,100082,100,99939,100,100113,100,99938,100,100115,100,99932,100,100120,100,99885,100,,,99755,100,,,,,,,,
2019-06-28 09:30:00.000000040,99984,100,99978,100,100034,100,99963,100,100081,100,99956,100,100082,100,99939,100,100113,100,99938,100,100115,100,99932,100,100120,100,99885,100,,,99869,100,,,99755,100,,,,
2019-06-28 09:30:00.000000041,100034,100,99978,100,100081,100,99963,100,100082,100,99956,100,100113,100,99939,100,100115,100,99938,100,100120,100,99932,100,,,99885,100,,,99869,100,,,99755,100,,,,
2019-06-28 09:30:00.000000042,100034,100,99984,100,100081,100,99978,100,100082,100,99963,100,100113,100,99956,100,100115,100,99939,100,100120,100,99938,100,,,99932,100,,,99885,100,,,99869,100,,,99755,100
2019-06-28 09:30:00.000000043,100008,100,99984,100,100034,100,99978,100,100081,100,99963,100,100082,100,99956,100,100113,100,99939,100,100115,100,99938,100,100120,100,99932,100,,,99885,100,,,99869,100,,,99755,100
2019-06-28 09:30:00.000000045,100008,100,99978,100,100034,100,99963,100,100081,100,99956,100,100082,100,99939,100,100113,100,99938,100,100115,100,99932,100,100120,100,99885,100,,,99869,100,,,99755,100,,,,
2019-06-28 09:30:00.000000048,100008,100,99978,100,100034,100,99963,100,100081,100,99956,100,100082,100,99939,100,100113,100,99938,100,100115,100,99932,100,100120,100,99916,100,,,99885,100,,,99869,100,,,99755,100
2019-06-28 09:30:00.000000049,100034,100,99978,100,100081,100,99963,100,100082,100,99956,100,100113,100,99939,100,100115,100,99938,100,100120,100,99932,100,,,99916,100,,,99885,100,,,99869,100,,,99755,100
2019-06-28 09:30:00.000000050,100009,100,99978,100,100034,100,99963,100,100081,100,99956,100,100082,100,99939,100,100097,100,99938,100,100113,100,99932,100,100115,100,99916,100,100120,100,99903,100,,,99885,100,,,99869,100
2019-06-28 09:30:00.000000052,100009,100,99978,100,100034,100,99963,100,100081,100,99956,100,100082,100,99939,100,100097,100,99938,100,100113,100,99932,100,100115,100,99916,100,100120,100,99903,100,,,99885,100,,,99869,100
2019-06-28 09:30:00.000000053,100009,100,99978,100,100034,100,99963,100,100081,100,99956,100,100082,100,99939,100,100097,100,99938,100,100113,100,99932,100,100115,100,99919,100,100120,100,99916,100,,,99903,100,,,99885,100
2019-06-28 09:30:00.000000054,100009,100,99978,100,100034,100,99963,100,100047,100,99956,100,100081,100,99939,100,100082,100,99938,100,100097,100,99932,100,100113,100,99919,100,100115,100,99916,100,100120,100,99903,100,100173,100,99885,100
2019-06-28 09:30:00.000000055,100009,100,99963,100,100034,100,99956,100,100047,100,99939,100,100081,100,99938,100,100082,100,99932,100,100097,100,99919,100,100113,100,99916,100,100115,100,99903,100,100120,100,99885,100,100173,100,99869,100
2019-06-28 09:30:00.000000056,99986,100,99963,100,100009,100,99956,100,100034,100,99939,100,100047,100,99938,100,100081,100,99932,100,100082,100,99919,100,100097,100,99916,100,100113,100,99903,100,100115,100,99885,100,100120,100,99869,100
2019-06-28 09:30:00.000000057,99986,100,99963,100,100009,100,99956,100,100034,100,99939,100,100045,100,99938,100,100047,100,99932,100,100081,100,99919,100,100082,100,99916,100,100097,100,99903,100,100113,100,99885,100,100115,100,99869,100
2019-06-28 09:30:00.000000060,99986,100,99963,100,100009,100,99956,100,100029,100,99939,100,100034,100,99938,100,100045,100,99932,100,100047,100,99919,100,100081,100,99916,100,100082,100,99903,100,100097,100,99885,100,100113,100,99869,100
2019-06-28 09:30:00.000000062,99986,100,99963,100,100009,100,99956,100,100029,100,99939,100,100034,100,99938,100,100045,100,99932,100,100047,100,99919,100,100081,100,99916,100,100082,100,99903,100,100097,100,99885,100,100113,100,99872,100
2019-06-28 09:30:00.000000067,99986,100,99963,100,100009,100,99956,100,100029,100,99939,100,100034,100,99938,100,100045,100,99932,100,100047,100,99919,100,100072,100,99916,100,100081,100,99903,100,100082,100,99885,100,100097,100,99872,100
2019-06-28 09:30:00.000000068,99986,100,99963,100,100009,100,99960,100,100018,100,99956,100,100029,100,99939,100,100034,100,99938,100,100045,100,99932,100,100047,100,99919,100,100072,100,99916,100,100081,100,99903,100,100082,100,99885,100
2019-06-28 09:30:00.000000069,99986,100,99963,100,100009,100,99960,100,100017,100,99956,100,100018,100,99939,100,100029,100,99938,100,100034,100,99932,100,100045,100,99919,100,100047,100,99916,100,100072,100,99903,100,100081,100,99885,100
2019-06-28 09:30:00.000000075,99986,100,99963,100,100009,100,99960,100,100017,100,99956,100,100018,100,99939,100,100029,100,99938,100,100034,100,99932,100,100045,100,99919,100,100047,100,99916,100,100072,100,99903,100,100081,100,99885,100
2019-06-28 09:30:00.000000078,99986,100,99982,100,100009,100,99963,100,100017,100,99960,100,100018,100,99956,100,100029,100,99939,100,100034,100,99938,100,100045,100,99932,100,100047,100,99919,100,100072,100,99916,100,100081,100,99903,100
2019-06-28 09:30:00.000000080,99986,100,99982,100,100009,100,99978,100,100017,100,99963,100,100018,100,99960,100,100029,100,99956,100,100034,100,99939,100,100045,100,99938,100,100047,100,99932,100,100072,100,99919,100,100081,100,99916,100
2019-06-28 09:30:00.000000083,99986,100,99982,100,100009,100,99978,200,100017,100,99963,100,100018,100,99960,100,100029,100,99956,100,100034,100,99939,100,100045,100,99938,100,100047,100,99932,100,100072,100,99919,100,100081,100,99916,100
2019-06-28 09:30:00.000000085,99986,100,99978,200,100009,100,99963,100,100017,100,99960,100,100018,100,99956,100,100029,100,99948,100,100034,100,99939,100,100045,100,99938,100,100047,100,99932,100,100072,100,99919,100,100081,100,99916,100
2019-06-28 09:30:00.000000086,99982,100,99978,200,99986,100,99963,100,100009,100,99960,100,100017,100,99956,100,100018,100,99948,100,100029,100,99939,100,100034,100,99938,100,100045,100,99932,100,100047,100,99919,100,100072,100,99916,100
2019-06-28 09:30:00.000000090,99982,100,99978,200,99986,100,99963,100,100009,100,99960,100,100017,100,99956,100,100018,100,99948,100,100019,100,99939,100,100029,100,99938,100,100034,100,99932,100,100045,100,99919,100,100047,100,99916,100
2019-06-28 09:30:00.000000093,99982,100,99978,200,99986,100,99963,100,100009,100,99960,100,100017,100,99956,100,100018,100,99952,100,100019,100,99948,100,100029,100,99939,100,100034,100,99938,100,100045,100,99932,100,100047,100,99919,100
2019-06-28 09:30:00.000000097,99982,100,99978,200,99986,100,99963,100,100009,100,99960,100,100017,100,99956,100,100018,100,99952,100,100019,100,99948,100,100029,100,99939,100,100034,100,99938,100,100045,100,99932,100,100047,100,99919,100
2019-06-28 09:30:10.000000000,99982,158,99978,258,99986,158,99963,158,100009,158,99960,158,100017,158,99956,158,100018,158,99952,158,100019,100,99948,100,100029,100,99939,100,100034,100,99938,100,100045,100,99932,100,100047,100,99919,100
2019-06-28 09:30:11.759887886,99982,158,99978,258,99984,100,99963,158,99986,158,99960,158,100009,158,99956,158,100017,158,99952,158,100018,158,99948,100,100019,100,99939,100,100029,100,99938,100,100034,100,99932,100,100045,100,99919,100
2019-06-28 09:30:20.000000000,99982,389,99978,489,99984,100,99963,100,99986,100,99960,100,100009,100,99956,100,100017,100,99952,100,100018,100,99948,100,100019,100,99939,100,100029,100,99938,100,100034,100,99932,100,100045,100,99919,100
2019-06-28 09:30:30.000000000,99982,158,99978,258,99984,158,99963,158,99986,158,99960,158,100009,158,99956,158,100017,158,99952,158,100018,100,99948,100,100019,100,99939,100,100029,100,99938,100,100034,100,99932,100,100045,100,99919,100
2019-06-28 09:30:32.408380877,99982,158,99978,258,99984,158,99963,158,99986,58,99960,158,100009,158,99956,158,100017,158,99952,158,100018,100,99948,100,100019,100,99939,100,100029,100,99938,100,100034,100,99932,100,100045,100,99919,100
2019-06-28 09:30:40.000000000,99982,244,99978,344,99984,244,99963,244,100009,100,99960,100,100017,100,99956,100,100018,100,99952,100,100019,100,99948,100,100029,100,99939,100,100034,100,99938,100,100045,100,99932,100,100047,100,99919,100
2019-06-28 09:30:49.190294916,99982,244,99978,244,99984,244,99963,244,100009,100,99960,100,100017,100,99956,100,100018,100,99952,100,100019,100,99948,100,100029,100,99939,100,100034,100,99938,100,100045,100,99932,100,100047,100,99919,100
2019-06-28 09:30:50.000000000,99982,172,99978,172,99984,172,99963,172,100009,172,99960,172,100017,172,99956,172,100018,100,99952,100,100019,100,99948,100,100029,100,99939,100,100034,100,99938,100,100045,100,99932,100,100047,100,99919,100
2019-06-28 09:31:00.000000000,99982,244,99978,244,99984,244,99963,244,100009,100,99960,100,100017,100,99956,100,100018,100,99952,100,100019,100,99948,100,100029,100,99939,100,100034,100,99938,100,100045,100,99932,100,100047,100,99919,100
2019-06-28 09:31:10.000000000,99982,389,99978,389,99984,100,99963,100,100009,100,99960,100,100017,100,99956,100,100018,100,99952,100,100019,100,99948,100,100029,100,99939,100,100034,100,99938,100,100045,100,99932,100,100047,100,99919,100
2019-06-28 09:31:20.000000000,99982,244,99978,244,99984,244,99963,244,100009,100,99960,100,100017,100,99956,100,100018,100,99952,100,100019,100,99948,100,100029,100,99939,100,100034,100,99938,100,100045,100,99932,100,100047,100,99919,100
2019-06-28 09:31:30.000000000,99982,172,99978,172,99984,172,99963,172,100009,172,99960,172,100017,172,99956,172,100018,100,99952,100,100019,100,99948,100,100029,100,99939,100,100034,100,99938,100,100045,100,99932,100,100047,100,99919,100
2019-06-28 09:31:40.000000000,99982,198,99978,198,99984,195,99963,195,100009,195,99960,195,100017,100,99956,100,100018,100,99952,100,100019,100,99948,100,100029,100,99939,100,100034,100,99938,100,100045,100,99932,100,100047,100,99919,100
2019-06-28 09:31:50.000000000,99982,244,99978,244,99984,244,99963,244,100009,100,99960,100,100017,100,99956,100,100018,100,99952,100,100019,100,99948,100,100029,100,99939,100,100034,100,99938,100,100045,100,99932,100,100047,100,99919,100
2019-06-28 09:32:00.000000000,99982,158,99978,158,99984,158,99963,158,100009,158,99960,158,100017,158,99956,158,100018,158,99952,158,100019,100,99948,100,100029,100,99939,100,100034,100,99938,100,100045,100,99932,100,100047,100,99919,100
2019-06-28 09:32:00.993994745,99982,158,99978,58,99984,158,99963,158,100009,158,99960,158,100017,158,99956,158,100018,158,99952,158,100019,100,99948,100,100029,100,99939,100,100034,100,99938,100,100045,100,99932,100,100047,100,99919,100
2019-06-28 09:32:10.000000000,99982,158,99963,158,99984,158,99960,158,100009,158,99956,158,100017,158,99952,158,100018,158,99948,158,100019,100,99939,100,100029,100,99938,100,100034,100,99932,100,100045,100,99919,100,100047,100,99916,100
2019-06-28 09:32:12.903363503,99981,100,99963,158,99982,158,99960,158,99984,158,99956,158,100009,158,99952,158,100017,158,99948,158,100018,158,99939,100,100019,100,99938,100,100029,100,99932,100,100034,100,99919,100,100045,100,99916,100
2019-06-28 09:32:15.700298151,99981,100,99963,158,99982,158,99960,158,99984,158,99956,158,100009,158,99952,158,100017,158,99948,158,100018,158,99939,100,100019,100,99938,100,100029,100,99932,100,100034,100,99919,100,100047,100,99916,100
2019-06-28 09:32:20.000000000,99981,198,99963,198,99982,195,99960,195,99984,195,99956,195,100009,100,99952,100,100017,100,99948,100,100018,100,99939,100,100019,100,99938,100,100029,100,99932,100,100034,100,99919,100,100047,100,99916,100
2019-06-28 09:32:30.000000000,99981,389,99963,389,99982,100,99960,100,99984,100,99956,100,100009,100,99952,100,100017,100,99948,100,100018,100,99939,100,100019,100,99938,100,100029,100,99932,100,100034,100,99919,100,100047,100,99916,100
2019-06-28 09:32:40.000000000,99981,198,99963,198,99982,195,99960,195,99984,195,99956,195,100009,100,99952,100,100017,100,99948,100,100018,100,99939,100,100019,100,99938,100,100029,100,99932,100,100034,100,99919,100,100047,100,99916,100
2019-06-28 09:32:50.000000000,99981,172,99963,172,99982,172,99960,172,99984,172,99956,172,100009,172,99952,172,100017,100,99948,100,100018,100,99939,100,100019,100,99938,100,100029,100,99932,100,100034,100,99919,100,100047,100,99916,100
2019-06-28 09:33:00.000000000,99981,172,99963,172,99982,172,99960,172,99984,172,99956,172,100009,172,99952,172,100017,100,99948,100,100018,100,99939,100,100019,100,99938,100,100029,100,99932,100,100034,100,99919,100,100047,100,99916,100
2019-06-28 09:33:10.000000000,99981,198,99963,198,99982,195,99960,195,99984,195,99956,195,100009,100,99952,100,100017,100,99948,100,100018,100,99939,100,100019,100,99938,100,100029,100,99932,100,100034,100,99919,100,100047,100,99916,100
2019-06-28 09:33:20.000000000,99981,198,99963,198,99982,195,99960,195,99984,195,99956,195,100009,100,99952,100,100017,100,99948,100,100018,100,99939,100,100019,100,99938,100,100029,100,99932,100,100034,100,99919,100,100047,100,99916,100
2019-06-28 09:33:30.000000000,99981,198,99963,198,99982,195,99960,195,99984,195,99956,195,100009,100,99952,100,100017,100,99948,100,100018,100,99939,100,100019,100,99938,100,100029,100,99932,100,100034,100,99919,100,100047,100,99916,100
2019-06-28 09:33:31.899223980,99981,198,99963,198,99982,195,99960,195,99984,195,99956,195,100009,100,99952,100,100017,100,99948,100,100018,100,99939,100,100019,100,99938,100,100029,100,99932,100,100034,100,99919,100,100047,100,99916,100
2019-06-28 09:33:36.835236625,99981,198,99963,98,99982,195,99960,195,99984,195,99956,195,100009,100,99952,100,100017,100,99948,100,100018,100,99939,100,100019,100,99938,100,100029,100,99932,100,100034,100,99919,100,100047,100,99916,100
2019-06-28 09:33:40.000000000,99981,198,99960,198,99982,195,99956,195,99984,195,99952,195,100009,100,99948,100,100017,100,99939,100,100018,100,99938,100,100019,100,99932,100,100029,100,99919,100,100034,100,99916,100,100047,100,99908,100
2019-06-28 09:33:40.525979815,99981,198,99960,98,99982,195,99956,195,99984,195,99952,195,100009,100,99948,100,100017,100,99939,100,100018,100,99938,100,100019,100,99932,100,100029,100,99919,100,100034,100,99916,100,100047,100,99908,100
2019-06-28 09:33:43.204055840,99960,2,99956,195,99981,198,99952,195,99982,195,99948,100,99984,195,99939,100,100009,100,99938,100,100017,100,99932,100,100018,100,99919,100,100019,100,99908,100,100029,100,99903,100,100034,100,99885,100
2019-06-28 09:33:50.000000000,99960,146,99956,244,99981,244,99952,244,99982,100,99948,100,99984,100,99939,100,100009,100,99938,100,100017,100,99932,100,100018,100,99919,100,100019,100,99908,100,100029,100,99903,100,100034,100,99885,100
2019-06-28 09:34:00.000000000,99960,74,99956,172,99981,172,99952,172,99982,172,99948,172,99984,172,99939,172,100009,100,99938,100,100017,100,99932,100,100018,100,99919,100,100019,100,99908,100,100029,100,99903,100,100034,100,99885,100
2019-06-28 09:34:00.445013899,99960,74,99956,172,99981,172,99952,172,99982,172,99948,172,99984,172,99939,172,100009,100,99938,100,100017,100,99932,100,100018,100,99919,100,100019,100,99908,100,100029,100,99903,100,100034,100,99885,100
2019-06-28 09:34:10.000000000,99960,291,99956,389,99981,100,99952,100,99982,100,99948,100,99984,100,99939,100,100009,100,99938,100,100017,100,99932,100,100018,100,99919,100,100019,100,99908,100,100029,100,99903,100,100034,100,99885,100
2019-06-28 09:34:20.000000000,99960,74,99956,172,99981,172,99952,172,99982,172,99948,172,99984,172,99939,172,100009,100,99938,100,100017,100,99932,100,100018,100,99919,100,100019,100,99908,100,100029,100,99903,100,100034,100,99885,100
2019-06-28 09:34:30.000000000,99960,74,99956,172,99981,172,99952,172,99982,172,99948,172,99984,172,99939,172,100009,100,99938,100,100017,100,99932,100,100018,100,99919,100,100019,100,99908,100,100029,100,99903,100,100034,100,99885,100
2019-06-28 09:34:40.000000000,99960,146,99956,244,99981,244,99952,244,99982,100,99948,100,99984,100,99939,100,100009,100,99938,100,100017,100,99932,100,100018,100,99919,100,100019,100,99908,100,100029,100,99903,100,100034,100,99885,100
2019-06-28 09:34:50.000000000,99960,100,99956,198,99981,195,99952,195,99982,195,99948,195,99984,100,99939,100,100009,100,99938,100,100017,100,99932,100,100018,100,99919,100,100019,100,99908,100,100029,100,99903,100,100034,100,99885,100
2019-06-28 09:34:52.384403179,99960,100,99956,198,99981,195,99952,195,99982,195,99948,195,99984,100,99939,100,100009,100,99938,100,100017,100,99932,100,100018,100,99919,100,100019,100,99908,100,100029,100,99903,100,100034,100,99885,100
2019-06-28 09:35:00.000000000,99960,100,99956,198,99981,195,99952,195,99982,195,99948,195,99984,100,99939,100,100009,100,99938,100,100017,100,99932,100,100018,100,99919,100,100019,100,99908,100,100029,100,99903,100,100034,100,99885,100
2019-06-28 09:35:04.542359630,99960,100,99956,98,99981,195,99952,195,99982,195,99948,195,99984,100,99939,100,100009,100,99938,100,100017,100,99932,100,100018,100,99919,100,100019,100,99908,100,100029,100,99903,100,100034,100,99885,100
2019-06-28 09:35:10.000000000,99960,291,99952,389,99981,100,99948,100,99982,100,99939,100,99984,100,99938,100,100009,100,99932,100,100017,100,99919,100,100018,100,99908,100,100019,100,99903,100,100029,100,99885,100,100034,100,99872,100
2019-06-28 09:35:20.000000000,99960,291,99952,389,99981,100,99948,100,99982,100,99939,100,99984,100,99938,100,100009,100,99932,100,100017,100,99919,100,100018,100,99908,100,100019,100,99903,100,100029,100,99885,100,100034,100,99872,100
2019-06-28 09:35:30.000000000,99960,100,99952,198,99981,195,99948,195,99982,195,99939,195,99984,100,99938,100,100009,100,99932,100,100017,100,99919,100,100018,100,99908,100,100019,100,99903,100,100029,100,99885,100,100034,100,99872,100
2019-06-28 09:35:40.000000000,99960,146,99952,244,99981,244,99948,244,99982,100,99939,100,99984,100,99938,100,100009,100,99932,100,100017,100,99919,100,100018,100,99908,100,100019,100,99903,100,100029,100,99885,100,100034,100,99872,100
2019-06-28 09:35:50.000000000,99960,100,99952,198,99981,195,99948,195,99982,195,99939,195,99984,100,99938,100,100009,100,99932,100,100017,100,99919,100,100018,100,99908,100,100019,100,99903,100,100029,100,99885,100,100034,100,99872,100
2019-06-28 09:36:00.000000000,99960,291,99952,389,99981,100,99948,100,99982,100,99939,100,99984,100,99938,100,100009,100,99932,100,100017,100,99919,100,100018,100,99908,100,100019,100,99903,100,100029,100,99885,100,100034,100,99872,100
2019-06-28 09:36:06.151839655,99960,291,99952,289,99981,100,99948,100,99982,100,99939,100,99984,100,99938,100,100009,100,99932,100,100017,100,99919,100,100018,100,99908,100,100019,100,99903,100,100029,100,99885,100,100034,100,99872,100
2019-06-28 09:36:10.000000000,99960,100,99948,198,99981,195,99939,195,99982,195,99938,195,99984,100,99932,100,100009,100,99919,100,100017,100,99908,100,100018,100,99903,100,100019,100,99885,100,100029,100,99872,100,100034,100,99869,100
2019-06-28 09:36:14.665511785,99960,100,99948,98,99981,195,99939,195,99982,195,99938,195,99984,100,99932,100,100009,100,99919,100,100017,100,99908,100,100018,100,99903,100,100019,100,99885,100,100029,100,99872,100,100034,100,99869,100
2019-06-28 09:36:16.405837023,99948,2,99939,195,99960,100,99938,195,99981,195,99932,100,99982,195,99919,100,99984,100,99908,100,100009,100,99903,100,100017,100,99885,100,100018,100,99872,100,100019,100,99869,100,100029,100,99836,100
2019-06-28 09:36:20.000000000,99948,100,99939,198,99960,97,99938,195,99981,195,99932,195,99982,100,99919,100,99984,100,99908,100,100009,100,99903,100,100017,100,99885,100,100018,100,99872,100,100019,100,99869,100,100029,100,99836,100
2019-06-28 09:36:20.675754113,99948,200,99939,198,99960,97,99938,195,99981,195,99932,195,99982,100,99919,100,99984,100,99908,100,100009,100,99903,100,100017,100,99885,100,100018,100,99872,100,100019,100,99869,100,100029,100,99836,100
2019-06-28 09:36:24.410879941,99948,300,99939,198,99960,97,99938,195,99981,195,99932,195,99982,100,99919,100,99984,100,99908,100,100009,100,99903,100,100017,100,99885,100,100018,100,99872,100,100019,100,99869,100,100029,100,99836,100
2019-06-28 09:36:30.000000000,99948,491,99939,389,99960,2,99938,100,99981,100,99932,100,99982,100,99919,100,99984,100,99908,100,100009,100,99903,100,100017,100,99885,100,100018,100,99872,100,100019,100,99869,100,100029,100,99836,100
2019-06-28 09:36:31.287094515,99948,491,99939,289,99960,2,99938,100,99981,100,99932,100,99982,100,99919,100,99984,100,99908,100,100009,100,99903,100,100017,100,99885,100,100018,100,99872,100,100019,100,99869,100,100029,100,99836,100
2019-06-28 09:36:40.000000000,99948,346,99938,244,99960,146,99932,244,99981,100,99919,100,99982,100,99908,100,99984,100,99903,100,100009,100,99885,100,100017,100,99872,100,100018,100,99869,100,100019,100,99836,100,100029,100,99802,100
2019-06-28 09:36:40.403264599,99948,346,99938,144,99960,146,99932,244,99981,100,99919,100,99982,100,99908,100,99984,100,99903,100,100009,100,99885,100,100017,100,99872,100,100018,100,99869,100,100019,100,99836,100,100029,100,99802,100
2019-06-28 09:36:40.604354200,99948,346,99938,44,99960,146,99932,244,99981,100,99919,100,99982,100,99908,100,99984,100,99903,100,100009,100,99885,100,100017,100,99872,100,100018,100,99869,100,100019,100,99802,100,100029,100,99755,100
2019-06-28 09:36:42.509389407,99938,56,99932,244,99948,346,99919,100,99960,146,99908,100,99981,100,99903,100,99982,100,99885,100,99984,100,99872,100,100009,100,99869,100,100017,100,99802,100,100018,100,99755,100,100019,100,99740,100
2019-06-28 09:36:50.000000000,99938,200,99932,244,99948,346,99919,244,99960,2,99908,100,99981,100,99903,100,99982,100,99885,100,99984,100,99872,100,100009,100,99869,100,100017,100,99802,100,100018,100,99755,100,100019,100,99740,100
2019-06-28 09:37:00.000000000,99938,345,99932,389,99948,202,99919,100,99960,2,99908,100,99981,100,99903,100,99982,100,99885,100,99984,100,99872,100,100009,100,99869,100,100017,100,99802,100,100018,100,99755,100,100019,100,99740,100
2019-06-28 09:37:06.222762326,99938,345,99932,389,99948,202,99919,100,99960,2,99908,100,99981,100,99903,100,99982,100,99885,100,99984,100,99872,100,100009,100,99869,100,100017,100,99802,100,100018,100,99755,100,100019,100,99740,100
2019-06-28 09:37:10.000000000,99938,345,99932,389,99948,202,99919,100,99960,2,99908,100,99981,100,99903,100,99982,100,99885,100,99984,100,99872,100,100009,100,99869,100,100017,100,99802,100,100018,100,99755,100,100019,100,99740,100
2019-06-28 09:37:10.957615862,99938,345,99932,289,99948,202,99919,100,99960,2,99908,100,99981,100,99903,100,99982,100,99885,100,99984,100,99869,100,100009,100,99802,100,100017,100,99755,100,100018,100,99740,100,100019,100,98519,100
2019-06-28 09:37:20.000000000,99938,128,99919,172,99948,274,99908,172,99960,74,99903,172,99981,172,99885,172,99982,100,99869,100,99984,100,99802,100,100009,100,99755,100,100017,100,99740,100,100018,100,98519,100,100019,100,98302,100
2019-06-28 09:37:28.986699202,99938,128,99919,72,99948,274,99908,172,99960,74,99903,172,99981,172,99885,172,99982,100,99869,100,99984,100,99802,100,100009,100,99755,100,100017,100,99740,100,100018,100,98302,100,100019,100,97492,100
2019-06-28 09:37:30.000000000,99938,345,99908,389,99948,202,99903,100,99960,2,99885,100,99981,100,99869,100,99982,100,99802,100,99984,100,99755,100,100009,100,99740,100,100017,100,98302,100,100018,100,97492,100,100019,100,,
2019-06-28 09:37:40.000000000,99938,200,99908,244,99948,346,99903,244,99960,2,99885,100,99981,100,99869,100,99982,100,99802,100,99984,100,99755,100,100009,100,99740,100,100017,100,98302,100,100018,100,97492,100,100019,100,,
2019-06-28 09:37:40.439411846,99938,200,99908,144,99948,346,99903,244,99960,2,99885,100,99981,100,99869,100,99982,100,99802,100,99984,100,99755,100,100009,100,99740,100,100017,100,98302,100,100018,100,97492,100,100019,100,,
2019-06-28 09:37:40.985010914,99919,100,99908,144,99938,200,99903,244,99948,346,99885,100,99960,2,99869,100,99981,100,99802,100,99982,100,99755,100,99984,100,99740,100,100009,100,98302,100,100017,100,97492,100,100018,100,,
2019-06-28 09:37:50.000000000,99919,198,99903,198,99938,151,99885,195,99948,297,99869,195,99960,2,99802,100,99981,100,99755,100,99982,100,99740,100,99984,100,98302,100,100009,100,97492,100,100017,100,,,100018,100,,
2019-06-28 09:37:57.772781084,99919,198,99903,98,99938,151,99885,195,99948,297,99869,195,99960,2,99802,100,99981,100,99755,100,99982,100,99740,100,99984,100,98302,100,100009,100,97492,100,100017,100,,,100018,100,,
2019-06-28 09:37:58.562365911,99919,198,99903,98,99938,151,99885,195,99948,297,99869,195,99960,2,99802,100,99981,100,99755,100,99982,100,99740,100,99984,100,98834,100,100009,100,98302,100,100017,100,97492,100,100018,100,,
2019-06-28 09:38:00.000000000,99919,244,99885,244,99938,200,99869,244,99948,202,99802,100,99960,2,99755,100,99981,100,99740,100,99982,100,98834,100,99984,100,98302,100,100009,100,97492,100,100017,100,,,100018,100,,
2019-06-28 09:38:09.119993204,99919,244,99885,244,99938,200,99869,144,99948,202,99802,100,99960,2,99755,100,99981,100,99740,100,99982,100,98840,100,99984,100,98834,100,100009,100,98302,100,100017,100,97492,100,100018,100,,
2019-06-28 09:38:10.000000000,99919,172,99885,172,99938,128,99802,172,99948,274,99755,172,99960,74,99740,172,99981,100,98840,100,99982,100,98834,100,99984,100,98302,100,100009,100,97492,100,100017,100,,,100018,100,,
2019-06-28 09:38:20.000000000,99919,389,99885,389,99938,56,99802,100,99948,202,99755,100,99960,2,99740,100,99981,100,98840,100,99982,100,98834,100,99984,100,98302,100,100009,100,97492,100,100017,100,,,100018,100,,
2019-06-28 09:38:21.129327271,99919,389,99885,289,99938,56,99802,100,99948,202,99755,100,99960,2,99740,100,99981,100,98840,100,99982,100,98834,100,99984,100,98302,100,100009,100,97492,100,100017,100,,,100018,100,,
2019-06-28 09:38:30.000000000,99919,158,99802,158,99938,114,99755,158,99948,260,99740,158,99960,60,98840,158,99981,158,98834,158,99982,100,98302,100,99984,100,97492,100,100009,100,,,100017,100,,,100018,100,,
2019-06-28 09:38:40.000000000,99919,244,99802,244,99938,200,99755,244,99948,202,99740,100,99960,2,98840,100,99981,100,98834,100,99982,100,98302,100,99984,100,97492,100,100009,100,,,100017,100,,,100018,100,,
2019-06-28 09:38:50.000000000,99919,198,99802,198,99938,151,99755,195,99948,297,99740,195,99960,2,98840,100,99981,100,98834,100,99982,100,98302,100,99984,100,97492,100,100009,100,,,100017,100,,,100018,100,,
2019-06-28 09:39:00.000000000,99919,389,99802,389,99938,56,99755,100,99948,202,99740,100,99960,2,98840,100,99981,100,98834,100,99982,100,98302,100,99984,100,97492,100,100009,100,,,100017,100,,,100018,100,,
2019-06-28 09:39:08.770574130,99919,389,99802,389,99938,56,99755,100,99948,202,99740,100,99960,2,99079,100,99981,100,98840,100,99982,100,98834,100,99984,100,98302,100,100009,100,97492,100,100018,100,,,100019,100,,
2019-06-28 09:39:10.000000000,99919,244,99802,244,99938,200,99755,244,99948,202,99740,100,99960,2,99079,100,99981,100,98840,100,99982,100,98834,100,99984,100,98302,100,100009,100,97492,100,100018,100,,,100019,100,,
2019-06-28 09:39:20.000000000,99919,198,99802,198,99938,151,99755,195,99948,297,99740,195,99960,2,99079,100,99981,100,98840,100,99982,100,98834,100,99984,100,98302,100,100009,100,97492,100,100018,100,,,100019,100,,
2019-06-28 09:39:29.667185125,99919,198,99802,198,99938,151,99755,195,99948,297,99740,195,99960,2,99079,100,99981,100,99056,100,99982,100,98840,100,99984,100,98834,100,100009,100,98302,100,100018,100,97492,100,100019,100,,
2019-06-28 09:39:30.000000000,99919,389,99802,389,99938,56,99755,100,99948,202,99740,100,99960,2,99079,100,99981,100,99056,100,99982,100,98840,100,99984,100,98834,100,100009,100,98302,100,100018,100,97492,100,100019,100,,
2019-06-28 09:39:40.000000000,99919,389,99802,389,99938,56,99755,100,99948,202,99740,100,99960,2,99079,100,99981,100,99056,100,99982,100,98840,100,99984,100,98834,100,100009,100,98302,100,100018,100,97492,100,100019,100,,
2019-06-28 09:39:43.411066970,99919,389,99802,389,99938,56,99755,100,99948,202,99740,100,99960,2,99079,100,99981,100,99056,100,99982,100,98840,100,99984,100,98834,100,100009,100,98302,100,100018,100,97492,100,100019,100,,
2019-06-28 09:39:50.000000000,99919,158,99802,158,99938,114,99755,158,99948,260,99740,158,99960,60,99079,158,99981,158,99056,158,99982,100,98840,100,99984,100,98834,100,100009,100,98302,100,100018,100,97492,100,100019,100,,
2019-06-28 09:40:00.000000000,99919,389,99802,389,99938,56,99755,100,99948,202,99740,100,99960,2,99079,100,99981,100,99056,100,99982,100,98840,100,99984,100,98834,100,100009,100,98302,100,100018,100,97492,100,100019,100,,
2019-06-28 09:40:04.012413899,99903,100,99802,389,99919,389,99755,100,99938,56,99740,100,99948,202,99079,100,99960,2,99056,100,99981,100,98840,100,99982,100,98834,100,99984,100,98302,100,100009,100,97492,100,100018,100,,
2019-06-28 09:40:04.881762384,99903,100,99802,389,99919,389,99755,100,99938,56,99740,100,99948,202,99079,100,99960,2,99056,100,99981,100,98950,100,99982,100,98840,100,99984,100,98834,100,100009,100,98302,100,100018,100,97492,100
2019-06-28 09:40:10.000000000,99903,158,99802,158,99919,158,99755,158,99938,114,99740,158,99948,260,99079,158,99960,60,99056,158,99981,100,98950,100,99982,100,98840,100,99984,100,98834,100,100009,100,98302,100,100018,100,97492,100
2019-06-28 09:40:20.000000000,99903,244,99802,244,99919,244,99755,244,99938,56,99740,100,99948,202,99079,100,99960,2,99056,100,99981,100,98950,100,99982,100,98840,100,99984,100,98834,100,100009,100,98302,100,100018,100,97492,100
2019-06-28 09:40:30.000000000,99903,198,99802,198,99919,195,99755,195,99938,151,99740,195,99948,202,99079,100,99960,2,99056,100,99981,100,98950,100,99982,100,98840,100,99984,100,98834,100,100009,100,98302,100,100018,100,97492,100
2019-06-28 09:40:32.373918355,99903,198,99802,198,99919,195,99755,195,99938,151,99740,195,99948,202,99252,100,99960,2,99079,100,99981,100,99056,100,99982,100,98950,100,99984,100,98840,100,100009,100,98834,100,100018,100,97492,100
2019-06-28 09:40:40.000000000,99903,244,99802,244,99919,244,99755,244,99938,56,99740,100,99948,202,99252,100,99960,2,99079,100,99981,100,99056,100,99982,100,98950,100,99984,100,98840,100,100009,100,98834,100,100018,100,97492,100
2019-06-28 09:40:50.000000000,99903,158,99802,158,99919,158,99755,158,99938,114,99740,158,99948,260,99252,158,99960,60,99079,158,99981,100,99056,100,99982,100,98950,100,99984,100,98840,100,100009,100,98834,100,100018,100,97492,100
2019-06-28 09:41:00.000000000,99903,389,99802,389,99919,100,99755,100,99938,56,99740,100,99948,202,99252,100,99960,2,99079,100,99981,100,99056,100,99982,100,98950,100,99984,100,98840,100,100009,100,98834,100,100018,100,97492,100
2019-06-28 09:41:05.456421012,99903,489,99802,389,99919,100,99755,100,99948,202,99740,100,99960,2,99252,100,99981,100,99079,100,99982,100,99056,100,99984,100,98950,100,100009,100,98840,100,100018,100,98834,100,100019,100,97492,100
2019-06-28 09:41:10.000000000,99903,489,99802,389,99919,100,99755,100,99948,202,99740,100,99960,2,99252,100,99981,100,99079,100,99982,100,99056,100,99984,100,98950,100,100009,100,98840,100,100018,100,98834,100,100019,100,97492,100
2019-06-28 09:41:20.000000000,99903,258,99802,158,99919,158,99755,158,99948,260,99740,158,99960,60,99252,158,99981,158,99079,158,99982,100,99056,100,99984,100,98950,100,100009,100,98840,100,100018,100,98834,100,100019,100,97492,100
2019-06-28 09:41:30.000000000,99903,489,99802,389,99919,100,99755,100,99948,202,99740,100,99960,2,99252,100,99981,100,99079,100,99982,100,99056,100,99984,100,98950,100,100009,100,98840,100,100018,100,98834,100,100019,100,97492,100
2019-06-28 09:41:33.273443464,99825,100,99802,389,99903,489,99755,100,99919,100,99740,100,99948,202,99252,100,99960,2,99079,100,99981,100,99056,100,99982,100,98950,100,99984,100,98840,100,100009,100,98834,100,100018,100,97492,100
2019-06-28 09:41:40.000000000,99825,244,99802,244,99903,344,99755,244,99919,100,99740,100,99948,202,99252,100,99960,2,99079,100,99981,100,99056,100,99982,100,98950,100,99984,100,98840,100,100009,100,98834,100,100018,100,97492,100
2019-06-28 09:41:47.223627180,99825,244,99802,144,99903,344,99755,244,99919,100,99252,100,99948,202,99079,100,99960,2,99056,100,99981,100,98950,100,99982,100,98840,100,99984,100,98834,100,100009,100,97492,100,100018,100,,
2019-06-28 09:41:50.000000000,99825,389,99755,389,99903,200,99252,100,99919,100,99079,100,99948,202,99056,100,99960,2,98950,100,99981,100,98840,100,99982,100,98834,100,99984,100,97492,100,100009,100,,,100018,100,,
2019-06-28 09:42:00.000000000,99825,158,99755,158,99903,258,99252,158,99919,158,99079,158,99948,260,99056,158,99960,60,98950,158,99981,100,98840,100,99982,100,98834,100,99984,100,97492,100,100009,100,,,100018,100,,
2019-06-28 09:42:10.000000000,99825,244,99755,244,99903,344,99252,244,99919,100,99079,100,99948,202,99056,100,99960,2,98950,100,99981,100,98840,100,99982,100,98834,100,99984,100,97492,100,100009,100,,,100018,100,,
2019-06-28 09:42:10.902792913,99825,244,99755,144,99903,344,99252,244,99919,100,99079,100,99948,202,99056,100,99960,2,98950,100,99981,100,98840,100,99982,100,98834,100,99984,100,97492,100,100009,100,,,100018,100,,
2019-06-28 09:42:19.300244295,99817,100,99755,144,99825,244,99252,244,99903,344,99079,100,99919,100,99056,100,99948,202,98950,100,99960,2,98840,100,99981,100,98834,100,99982,100,97492,100,99984,100,,,100009,100,,
2019-06-28 09:42:20.000000000,99817,198,99252,198,99825,195,99079,195,99903,295,99056,195,99919,100,98950,100,99948,202,98840,100,99960,2,98834,100,99981,100,97492,100,99982,100,,,99984,100,,,100009,100,,
2019-06-28 09:42:30.000000000,99817,172,99252,172,99825,172,99079,172,99903,272,99056,172,99919,172,98950,172,99948,202,98840,100,99960,2,98834,100,99981,100,97492,100,99982,100,,,99984,100,,,100009,100,,
2019-06-28 09:42:37.526815191,99817,172,99577,100,99825,172,99252,172,99903,272,99079,172,99919,172,99056,172,99948,202,98950,172,99960,2,98840,100,99981,100,98834,100,99982,100,97492,100,99984,100,,,100009,100,,
2019-06-28 09:42:40.000000000,99817,172,99577,172,99825,172,99252,172,99903,272,99079,172,99919,172,99056,172,99948,202,98950,100,99960,2,98840,100,99981,100,98834,100,99982,100,97492,100,99984,100,,,100009,100,,
2019-06-28 09:42:50.000000000,99817,244,99577,244,99825,244,99252,244,99903,200,99079,100,99919,100,99056,100,99948,202,98950,100,99960,2,98840,100,99981,100,98834,100,99982,100,97492,100,99984,100,,,100009,100,,
2019-06-28 09:43:00.000000000,99817,158,99577,158,99825,158,99252,158,99903,258,99079,158,99919,158,99056,158,99948,260,98950,158,99960,2,98840,100,99981,100,98834,100,99982,100,97492,100,99984,100,,,100009,100,,
2019-06-28 09:43:10.000000000,99817,389,99577,389,99825,100,99252,100,99903,200,99079,100,99919,100,99056,100,99948,202,98950,100,99960,2,98840,100,99981,100,98834,100,99982,100,97492,100,99984,100,,,100009,100,,
2019-06-28 09:43:10.077023469,99817,389,99577,389,99825,100,99252,100,99903,200,99079,100,99919,100,99056,100,99948,102,98950,100,99960,2,98840,100,99981,100,98834,100,99982,100,97492,100,99984,100,,,100009,100,,
2019-06-28 09:43:14.855274132,99817,389,99577,389,99825,100,99427,100,99903,200,99252,100,99919,100,99079,100,99948,102,99056,100,99981,100,98950,100,99982,100,98840,100,99984,100,98834,100,100009,100,97492,100,100018,100,,
2019-06-28 09:43:20.000000000,99817,158,99577,158,99825,158,99427,158,99903,258,99252,158,99919,158,99079,158,99948,160,99056,158,99981,100,98950,100,99982,100,98840,100,99984,100,98834,100,100009,100,97492,100,100018,100,,
2019-06-28 09:43:22.593464977,99802,100,99577,158,99817,158,99427,158,99825,158,99252,158,99903,258,99079,158,99919,158,99056,158,99948,160,98950,100,99981,100,98840,100,99982,100,98834,100,99984,100,97492,100,100009,100,,
2019-06-28 09:43:30.000000000,99802,158,99577,158,99817,158,99427,158,99825,158,99252,158,99903,258,99079,158,99919,158,99056,158,99948,102,98950,100,99981,100,98840,100,99982,100,98834,100,99984,100,97492,100,100009,100,,
2019-06-28 09:43:31.176033994,99802,158,99577,158,99817,158,99427,158,99825,158,99307,100,99903,258,99252,158,99919,158,99079,158,99948,102,99056,158,99981,100,98950,100,99982,100,98840,100,99984,100,98834,100,100009,100,97492,100
2019-06-28 09:43:37.666100651,99802,258,99577,158,99817,158,99427,158,99825,158,99307,100,99903,258,99252,158,99919,158,99079,158,99948,102,99056,158,99981,100,98950,100,99982,100,98840,100,99984,100,98834,100,100009,100,97492,100
2019-06-28 09:43:40.000000000,99802,298,99577,198,99817,195,99427,195,99825,195,99307,195,99903,200,99252,100,99919,100,99079,100,99948,102,99056,100,99981,100,98950,100,99982,100,98840,100,99984,100,98834,100,100009,100,97492,100
2019-06-28 09:43:50.000000000,99802,272,99577,172,99817,172,99427,172,99825,172,99307,172,99903,272,99252,172,99919,100,99079,100,99948,102,99056,100,99981,100,98950,100,99982,100,98840,100,99984,100,98834,100,100009,100,97492,100
2019-06-28 09:44:00.000000000,99802,272,99577,172,99817,172,99427,172,99825,172,99307,172,99903,272,99252,172,99919,100,99079,100,99948,102,99056,100,99981,100,98950,100,99982,100,98840,100,99984,100,98834,100,100009,100,97492,100
2019-06-28 09:44:10.000000000,99802,489,99577,389,99817,100,99427,100,99825,100,99307,100,99903,200,99252,100,99919,100,99079,100,99948,102,99056,100,99981,100,98950,100,99982,100,98840,100,99984,100,98834,100,100009,100,97492,100
2019-06-28 09:44:18.030168542,99802,389,99577,389,99817,100,99427,100,99825,100,99307,100,99903,200,99252,100,99919,100,99079,100,99948,102,99056,100,99981,100,98950,100,99982,100,98840,100,99984,100,98834,100,100009,100,97492,100
2019-06-28 09:44:20.000000000,99802,198,99577,198,99817,195,99427,195,99825,195,99307,195,99903,200,99252,100,99919,100,99079,100,99948,102,99056,100,99981,100,98950,100,99982,100,98840,100,99984,100,98834,100,100009,100,97492,100
2019-06-28 09:44:28.002193433,99802,98,99577,198,99817,195,99427,195,99825,195,99307,195,99903,200,99252,100,99919,100,99079,100,99948,102,98950,100,99981,100,98840,100,99982,100,98834,100,99984,100,97492,100,100009,100,,
2019-06-28 09:44:28.851814254,99817,195,99802,2,99825,195,99577,198,99903,200,99427,195,99919,100,99307,195,99948,102,99252,100,99982,100,99079,100,99984,100,98950,100,100009,100,98840,100,100018,100,98834,100,100019,100,97492,100
2019-06-28 09:44:30.000000000,99817,172,99802,74,99825,172,99577,172,99903,272,99427,172,99919,172,99307,172,99948,102,99252,100,99982,100,99079,100,99984,100,98950,100,100009,100,98840,100,100018,100,98834,100,100019,100,97492,100
2019-06-28 09:44:37.011971842,99817,172,99802,174,99825,172,99577,172,99903,272,99427,172,99919,172,99307,172,99948,102,99252,100,99982,100,99079,100,99984,100,98950,100,100009,100,98840,100,100018,100,98834,100,100019,100,97492,100
2019-06-28 09:44:40.000000000,99817,244,99802,246,99825,244,99577,244,99903,200,99427,100,99919,100,99307,100,99948,102,99252,100,99982,100,99079,100,99984,100,98950,100,100009,100,98840,100,100018,100,98834,100,100019,100,97492,100
2019-06-28 09:44:42.252750504,99817,144,99802,246,99825,244,99577,144,99903,200,99427,100,99919,100,99307,100,99948,102,99252,100,99982,100,99079,100,99984,100,98950,100,100009,100,98840,100,100018,100,98834,100,100019,100,97492,100
2019-06-28 09:44:50.000000000,99825,389,99802,391,99903,200,99427,100,99919,100,99307,100,99948,102,99252,100,99982,100,99079,100,99984,100,98950,100,100009,100,98840,100,100018,100,98834,100,100019,100,97492,100,100029,100,,
2019-06-28 09:44:52.680856829,99825,289,99802,391,99903,200,99427,100,99919,100,99307,100,99948,102,99252,100,99982,100,99079,100,99984,100,98950,100,100009,100,98840,100,100018,100,98834,100,100019,100,97492,100,100029,100,,
2019-06-28 09:45:00.000000000,99903,344,99802,246,99919,244,99427,244,99948,102,99307,100,99982,100,99252,100,99984,100,99079,100,100009,100,98950,100,100018,100,98840,100,100019,100,98834,100,100029,100,97492,100,100081,100,,
2019-06-28 09:45:10.000000000,99903,272,99802,174,99919,172,99427,172,99948,174,99307,172,99982,172,99252,172,99984,100,99079,100,100009,100,98950,100,100018,100,98840,100,100019,100,98834,100,100029,100,97492,100,100081,100,,
2019-06-28 09:45:20.000000000,99903,258,99802,160,99919,158,99427,158,99948,160,99307,158,99982,158,99252,158,99984,158,99079,158,100009,100,98950,100,100018,100,98840,100,100019,100,98834,100,100029,100,97492,100,100081,100,,
2019-06-28 09:45:30.000000000,99903,258,99802,160,99919,158,99427,158,99948,160,99307,158,99982,158,99252,158,99984,158,99079,158,100009,100,98950,100,100018,100,98840,100,100019,100,98834,100,100029,100,97492,100,100081,100,,
2019-06-28 09:45:35.114957871,99903,258,99841,100,99919,158,99802,160,99948,160,99427,158,99982,158,99307,158,99984,158,99252,158,100009,100,99079,58,100018,100,98950,100,100019,100,98840,100,100029,100,98834,100,100081,100,97492,100
2019-06-28 09:45:40.000000000,99903,298,99841,198,99919,195,99802,197,99948,197,99427,195,99982,100,99307,100,99984,100,99252,100,100009,100,98950,100,100018,100,98840,100,100019,100,98834,100,100029,100,97492,100,100081,100,,
2019-06-28 09:45:49.206569861,99903,298,99841,198,99919,195,99802,195,99948,197,99427,195,99982,100,99307,100,99984,100,99252,100,100009,100,98950,100,100018,100,98840,100,100019,100,98834,100,100029,100,97492,100,100081,100,,
2019-06-28 09:45:50.000000000,99903,489,99841,389,99919,100,99802,100,99948,102,99427,100,99982,100,99307,100,99984,100,99252,100,100009,100,98950,100,100018,100,98840,100,100019,100,98834,100,100029,100,97492,100,100081,100,,
2019-06-28 09:45:54.976453986,99903,389,99841,389,99919,100,99802,100,99948,102,99427,100,99982,100,99307,100,99984,100,99252,100,100009,100,98950,100,100018,100,98840,100,100019,100,98834,100,100029,100,97492,100,100081,100,,
2019-06-28 09:46:00.000000000,99903,158,99841,158,99919,158,99802,158,99948,160,99427,158,99982,158,99307,158,99984,158,99252,158,100009,100,98950,100,100018,100,98840,100,100019,100,98834,100,100029,100,97492,100,100081,100,,
2019-06-28 09:46:10.000000000,99903,389,99841,389,99919,100,99802,100,99948,102,99427,100,99982,100,99307,100,99984,100,99252,100,100009,100,98950,100,100018,100,98840,100,100019,100,98834,100,100029,100,97492,100,100081,100,,
2019-06-28 09:46:20.000000000,99903,244,99841,244,99919,244,99802,244,99948,102,99427,100,99982,100,99307,100,99984,100,99252,100,100009,100,98950,100,100018,100,98840,100,100019,100,98834,100,100029,100,97492,100,100081,100,,
2019-06-28 09:46:30.000000000,99903,389,99841,389,99919,100,99802,100,99948,102,99427,100,99982,100,99307,100,99984,100,99252,100,100009,100,98950,100,100018,100,98840,100,100019,100,98834,100,100029,100,97492,100,100081,100,,
2019-06-28 09:46:40.000000000,99903,158,99841,158,99919,158,99802,158,99948,160,99427,158,99982,158,99307,158,99984,158,99252,158,100009,100,98950,100,100018,100,98840,100,100019,100,98834,100,100029,100,97492,100,100081,100,,
2019-06-28 09:46:50.000000000,99903,244,99841,244,99919,244,99802,244,99948,102,99427,100,99982,100,99307,100,99984,100,99252,100,100009,100,98950,100,100018,100,98840,100,100019,100,98834,100,100029,100,97492,100,100081,100,,
2019-06-28 09:47:00.000000000,99903,244,99841,244,99919,244,99802,244,99948,102,99427,100,99982,100,99307,100,99984,100,99252,100,100009,100,98950,100,100018,100,98840,100,100019,100,98834,100,100029,100,97492,100,100081,100,,
2019-06-28 09:47:01.219997940,99903,244,99841,244,99919,244,99802,244,99948,102,99427,100,99982,100,99307,100,99984,100,99252,100,100009,100,98950,100,100018,100,98840,100,100019,100,98834,100,100029,100,97492,100,100081,100,,
2019-06-28 09:47:10.000000000,99903,158,99841,158,99919,158,99802,158,99948,160,99427,158,99982,158,99307,158,99984,158,99252,158,100009,100,98950,100,100018,100,98840,100,100019,100,98834,100,100029,100,97492,100,100081,100,,
2019-06-28 09:47:20.000000000,99903,198,99841,198,99919,195,99802,195,99948,197,99427,195,99982,100,99307,100,99984,100,99252,100,100009,100,98950,100,100018,100,98840,100,100019,100,98834,100,100029,100,97492,100,100081,100,,
2019-06-28 09:47:30.000000000,99903,389,99841,389,99919,100,99802,100,99948,102,99427,100,99982,100,99307,100,99984,100,99252,100,100009,100,98950,100,100018,100,98840,100,100019,100,98834,100,100029,100,97492,100,100081,100,,
2019-06-28 09:47:40.000000000,99903,158,99841,158,99919,158,99802,158,99948,160,99427,158,99982,158,99307,158,99984,158,99252,158,100009,100,98950,100,100018,100,98840,100,100019,100,98834,100,100029,100,97492,100,100081,100,,
2019-06-28 09:47:50.000000000,99903,198,99841,198,99919,195,99802,195,99948,197,99427,195,99982,100,99307,100,99984,100,99252,100,100009,100,98950,100,100018,100,98840,100,100019,100,98834,100,100029,100,97492,100,100081,100,,
2019-06-28 09:47:57.025066532,99903,98,99841,198,99919,195,99802,195,99948,197,99427,195,99982,100,99307,100,99984,100,99252,100,100009,100,98950,100,100018,100,98840,100,100019,100,98834,100,100029,100,97492,100,100081,100,,
2019-06-28 09:48:00.000000000,99919,198,99841,198,99948,197,99802,195,99982,195,99427,195,99984,100,99307,100,100009,100,99252,100,100018,100,98950,100,100019,100,98840,100,100029,100,98834,100,100081,100,97492,100,100082,100,,
2019-06-28 09:48:07.352591905,99919,98,99841,198,99948,197,99802,195,99982,195,99427,195,99984,100,99307,100,100009,100,99252,100,100018,100,98950,100,100019,100,98840,100,100029,100,98834,100,100081,100,97492,100,100082,100,,
2019-06-28 09:48:10.000000000,99948,160,99841,158,99982,158,99802,158,99984,158,99427,158,100009,158,99307,158,100018,158,99252,158,100019,100,98950,100,100029,100,98840,100,100081,100,98834,100,100082,100,97492,100,100642,100,,
2019-06-28 09:48:11.379366771,99948,60,99841,158,99982,158,99802,158,99984,158,99427,158,100009,158,99307,158,100018,158,99252,158,100019,100,98950,100,100029,100,98840,100,100081,100,98834,100,100082,100,97492,100,100642,100,,
2019-06-28 09:48:20.000000000,99948,291,99841,389,99982,100,99802,100,99984,100,99427,100,100009,100,99307,100,100018,100,99252,100,100019,100,98950,100,100029,100,98840,100,100081,100,98834,100,100082,100,97492,100,100642,100,,
2019-06-28 09:48:26.804954240,99948,191,99841,389,99982,100,99802,100,99984,100,99427,100,100009,100,99307,100,100018,100,99252,100,100019,100,98950,100,100029,100,98840,100,100081,100,98834,100,100082,100,97492,100,100642,100,,
2019-06-28 09:48:30.000000000,99982,389,99841,389,99984,100,99802,100,100009,100,99427,100,100018,100,99307,100,100019,100,99252,100,100029,100,98950,100,100081,100,98840,100,100082,100,98834,100,100642,100,97492,100,,,,
2019-06-28 09:48:34.856483419,99982,389,99841,389,99984,100,99802,100,100009,100,99427,100,100018,100,99307,100,100019,100,99252,100,100081,100,98950,100,100082,100,98840,100,100642,100,98834,100,101488,100,97492,100,,,,
2019-06-28 09:48:40.000000000,99982,172,99841,172,99984,172,99802,172,100009,172,99427,172,100018,172,99307,172,100019,100,99252,100,100081,100,98950,100,100082,100,98840,100,100642,100,98834,100,101488,100,97492,100,,,,
2019-06-28 09:48:41.926423229,99982,72,99841,172,99984,172,99802,172,100009,172,99427,172,100018,172,99307,172,100019,100,99252,100,100081,100,98950,100,100082,100,98840,100,100642,100,98834,100,101488,100,97492,100,,,,
2019-06-28 09:48:50.000000000,99984,158,99841,158,100009,158,99802,158,100018,158,99427,158,100019,158,99307,158,100081,158,99252,158,100082,100,98950,100,100642,100,98840,100,101488,100,98834,100,,,97492,100,,,,
2019-06-28 09:48:59.156562230,99984,158,99841,158,100009,158,99802,158,100018,158,99427,158,100019,158,99307,158,100081,158,99252,158,100082,100,98950,100,100642,100,98840,100,101488,100,98834,100,101501,100,97492,100,,,,
2019-06-28 09:49:00.000000000,99984,389,99841,389,100009,100,99802,100,100018,100,99427,100,100019,100,99307,100,100081,100,99252,100,100082,100,98950,100,100642,100,98840,100,101488,100,98834,100,101501,100,97492,100,,,,
2019-06-28 09:49:02.933970848,99984,389,99841,389,100009,100,99802,100,100018,100,99307,100,100019,100,99252,100,100081,100,98950,100,100082,100,98840,100,100642,100,98834,100,101473,100,97492,100,101488,100,,,101501,100,,
2019-06-28 09:49:10.000000000,99984,244,99841,244,100009,244,99802,244,100018,100,99307,100,100019,100,99252,100,100081,100,98950,100,100082,100,98840,100,100642,100,98834,100,101473,100,97492,100,101488,100,,,101501,100,,
2019-06-28 09:49:17.165917819,99984,244,99841,244,100009,244,99802,244,100018,100,99307,100,100019,100,99252,100,100081,100,98950,100,100082,100,98840,100,100642,100,98834,100,101302,100,97492,100,101473,100,,,101488,100,,
2019-06-28 09:49:20.000000000,99984,172,99841,172,100009,172,99802,172,100018,172,99307,172,100019,172,99252,172,100081,100,98950,100,100082,100,98840,100,100642,100,98834,100,101302,100,97492,100,101473,100,,,101488,100,,
2019-06-28 09:49:30.000000000,99984,244,99841,244,100009,244,99802,244,100018,100,99307,100,100019,100,99252,100,100081,100,98950,100,100082,100,98840,100,100642,100,98834,100,101302,100,97492,100,101473,100,,,101488,100,,
2019-06-28 09:49:35.464577112,99984,244,99841,244,100009,244,99802,244,100018,100,99252,100,100019,100,98950,100,100081,100,98840,100,100082,100,98834,100,100642,100,97492,100,101302,100,,,101404,100,,,101473,100,,
2019-06-28 09:49:40.000000000,99984,172,99841,172,100009,172,99802,172,100018,172,99252,172,100019,172,98950,172,100081,100,98840,100,100082,100,98834,100,100642,100,97492,100,101302,100,,,101404,100,,,101473,100,,
2019-06-28 09:49:50.000000000,99984,158,99841,158,100009,158,99802,158,100018,158,99252,158,100019,158,98950,158,100081,158,98840,158,100082,100,98834,100,100642,100,97492,100,101302,100,,,101404,100,,,101473,100,,
2019-06-28 09:50:00.000000000,99984,244,99841,244,100009,244,99802,244,100018,100,99252,100,100019,100,98950,100,100081,100,98840,100,100082,100,98834,100,100642,100,97492,100,101302,100,,,101404,100,,,101473,100,,
2019-06-28 09:50:02.422175810,99984,244,99948,100,100009,244,99841,244,100018,100,99802,244,100019,100,99252,100,100081,100,98950,100,100082,100,98840,100,100642,100,98834,100,101302,100,97492,100,101404,100,,,101473,100,,
2019-06-28 09:50:10.000000000,99984,244,99948,244,100009,244,99841,244,100018,100,99802,100,100019,100,99252,100,100081,100,98950,100,100082,100,98840,100,100642,100,98834,100,101302,100,97492,100,101404,100,,,101473,100,,
2019-06-28 09:50:19.101688099,99984,244,99948,244,100009,244,99841,244,100018,100,99802,100,100019,100,99252,100,100081,100,98950,100,100082,100,98840,100,100642,100,98834,100,100932,100,97492,100,101302,100,,,101404,100,,
2019-06-28 09:50:20.000000000,99984,198,99948,198,100009,195,99841,195,100018,195,99802,195,100019,100,99252,100,100081,100,98950,100,100082,100,98840,100,100642,100,98834,100,100932,100,97492,100,101302,100,,,101404,100,,
2019-06-28 09:50:24.065206856,99984,198,99948,198,100009,195,99841,195,100018,195,99802,195,100019,100,99252,100,100081,100,98950,100,100082,100,98840,100,100642,100,98834,100,100886,100,97492,100,100932,100,,,101302,100,,
2019-06-28 09:50:30.000000000,99984,198,99948,198,100009,195,99841,195,100018,195,99802,195,100019,100,99252,100,100081,100,98950,100,100082,100,98840,100,100642,100,98834,100,100886,100,97492,100,100932,100,,,101302,100,,
2019-06-28 09:50:40.000000000,99984,244,99948,244,100009,244,99841,244,100018,100,99802,100,100019,100,99252,100,100081,100,98950,100,100082,100,98840,100,100642,100,98834,100,100886,100,97492,100,100932,100,,,101302,100,,
2019-06-28 09:50:50.000000000,99984,172,99948,172,100009,172,99841,172,100018,172,99802,172,100019,172,99252,172,100081,100,98950,100,100082,100,98840,100,100642,100,98834,100,100886,100,97492,100,100932,100,,,101302,100,,
2019-06-28 09:50:59.676960557,99984,172,99948,272,100009,172,99841,172,100018,172,99802,172,100019,172,99252,172,100081,100,98950,100,100082,100,98840,100,100642,100,98834,100,100886,100,97492,100,100932,100,,,101302,100,,
2019-06-28 09:51:00.000000000,99984,389,99948,489,100009,100,99841,100,100018,100,99802,100,100019,100,99252,100,100081,100,98950,100,100082,100,98840,100,100642,100,98834,100,100886,100,97492,100,100932,100,,,101302,100,,
2019-06-28 09:51:10.000000000,99984,389,99948,489,100009,100,99841,100,100018,100,99802,100,100019,100,99252,100,100081,100,98950,100,100082,100,98840,100,100642,100,98834,100,100886,100,97492,100,100932,100,,,101302,100,,
2019-06-28 09:51:20.000000000,99984,244,99948,344,100009,244,99841,244,100018,100,99802,100,100019,100,99252,100,100081,100,98950,100,100082,100,98840,100,100642,100,98834,100,100886,100,97492,100,100932,100,,,101302,100,,
2019-06-28 09:51:21.199972699,99984,144,99948,344,100009,244,99841,244,100018,100,99802,100,100019,100,99252,100,100081,100,98950,100,100642,100,98840,100,100886,100,98834,100,100932,100,97492,100,101302,100,,,101404,100,,
2019-06-28 09:51:30.000000000,100009,198,99948,298,100018,195,99841,195,100019,195,99802,195,100081,100,99252,100,100642,100,98950,100,100886,100,98840,100,100932,100,98834,100,101302,100,97492,100,101404,100,,,101473,100,,
2019-06-28 09:51:40.000000000,100009,244,99948,344,100018,244,99841,244,100019,100,99802,100,100081,100,99252,100,100642,100,98950,100,100886,100,98840,100,100932,100,98834,100,101302,100,97492,100,101404,100,,,101473,100,,
2019-06-28 09:51:43.505085963,100009,144,99948,344,100018,244,99841,244,100019,100,99802,100,100081,100,98950,100,100642,100,98840,100,100886,100,98834,100,100932,100,97492,100,101302,100,,,101404,100,,,101473,100,,
2019-06-28 09:51:50.000000000,100018,198,99948,298,100019,195,99841,195,100081,195,99802,195,100642,100,98950,100,100886,100,98840,100,100932,100,98834,100,101302,100,97492,100,101404,100,,,101473,100,,,101488,100,,
2019-06-28 09:52:00.000000000,100018,172,99948,272,100019,172,99841,172,100081,172,99802,172,100642,172,98950,172,100886,100,98840,100,100932,100,98834,100,101302,100,97492,100,101404,100,,,101473,100,,,101488,100,,
2019-06-28 09:52:07.772275462,100018,172,99984,100,100019,172,99948,272,100081,172,99841,172,100642,172,99802,172,100886,100,98950,172,100932,100,98840,100,101302,100,98834,100,101404,100,97492,100,101473,100,,,101488,100,,
2019-06-28 09:52:10.000000000,100018,198,99984,198,100019,195,99948,295,100081,195,99841,195,100642,100,99802,100,100886,100,98950,100,100932,100,98840,100,101302,100,98834,100,101404,100,97492,100,101473,100,,,101488,100,,
2019-06-28 09:52:20.000000000,100018,198,99984,198,100019,195,99948,295,100081,195,99841,195,100642,100,99802,100,100886,100,98950,100,100932,100,98840,100,101302,100,98834,100,101404,100,97492,100,101473,100,,,101488,100,,
2019-06-28 09:52:30.000000000,100018,198,99984,198,100019,195,99948,295,100081,195,99841,195,100642,100,99802,100,100886,100,98950,100,100932,100,98840,100,101302,100,98834,100,101404,100,97492,100,101473,100,,,101488,100,,
2019-06-28 09:52:36.674935184,100018,198,99984,198,100019,195,99948,295,100081,195,99841,195,100642,100,98950,100,100886,100,98840,100,100932,100,98834,100,101302,100,97492,100,101404,100,,,101473,100,,,101488,100,,
2019-06-28 09:52:40.000000000,100018,198,99984,198,100019,195,99948,295,100081,195,99841,195,100642,100,98950,100,100886,100,98840,100,100932,100,98834,100,101302,100,97492,100,101404,100,,,101473,100,,,101488,100,,
2019-06-28 09:52:50.000000000,100018,172,99984,172,100019,172,99948,272,100081,172,99841,172,100642,172,98950,172,100886,100,98840,100,100932,100,98834,100,101302,100,97492,100,101404,100,,,101473,100,,,101488,100,,
2019-06-28 09:52:53.168701689,100018,72,99984,172,100019,172,99948,272,100081,172,99841,172,100642,172,98950,172,100886,100,98840,100,100932,100,98834,100,101302,100,97492,100,101404,100,,,101473,100,,,101488,100,,
2019-06-28 09:53:00.000000000,100019,389,99984,389,100081,100,99948,200,100642,100,99841,100,100886,100,98950,100,100932,100,98840,100,101302,100,98834,100,101404,100,97492,100,101473,100,,,101488,100,,,101501,100,,
2019-06-28 09:53:03.220601142,100019,289,99984,389,100081,100,99948,200,100642,100,99841,100,100886,100,98950,100,100932,100,98840,100,101302,100,98834,100,101404,100,97492,100,101473,100,,,101488,100,,,101501,100,,
2019-06-28 09:53:10.000000000,100081,158,99984,158,100642,158,99948,258,100886,158,99841,158,100932,158,98950,158,101302,158,98840,158,101404,100,98834,100,101473,100,97492,100,101488,100,,,101501,100,,,,,,
2019-06-28 09:53:20.000000000,100081,158,99984,158,100642,158,99948,258,100886,158,99841,158,100932,158,98950,158,101302,158,98840,158,101404,100,98834,100,101473,100,97492,100,101488,100,,,101501,100,,,,,,
2019-06-28 09:53:30.000000000,100081,389,99984,389,100642,100,99948,200,100886,100,99841,100,100932,100,98950,100,101302,100,98840,100,101404,100,98834,100,101473,100,97492,100,101488,100,,,101501,100,,,,,,
2019-06-28 09:53:40.000000000,100081,172,99984,172,100642,172,99948,272,100886,172,99841,172,100932,172,98950,172,101302,100,98840,100,101404,100,98834,100,101473,100,97492,100,101488,100,,,101501,100,,,,,,
2019-06-28 09:53:49.773240000,100081,72,99984,172,100642,172,99948,272,100886,172,99841,172,100932,172,98950,172,101302,100,98840,100,101404,100,98834,100,101473,100,97492,100,101488,100,,,101501,100,,,,,,
2019-06-28 09:53:50.000000000,100642,389,99984,389,100886,100,99948,200,100932,100,99841,100,101302,100,98950,100,101404,100,98840,100,101473,100,98834,100,101488,100,97492,100,101501,100,,,,,,,,,,
2019-06-28 09:54:00.000000000,100642,198,99984,198,100886,195,99948,295,100932,195,99841,195,101302,100,98950,100,101404,100,98840,100,101473,100,98834,100,101488,100,97492,100,101501,100,,,,,,,,,,
2019-06-28 09:54:07.272707795,100642,98,99984,198,100886,195,99948,295,100932,195,99841,195,101302,100,98840,100,101404,100,98834,100,101473,100,97492,100,101488,100,,,101501,100,,,,,,,,,,
2019-06-28 09:54:10.000000000,100886,389,99984,389,100932,100,99948,200,101302,100,99841,100,101404,100,98840,100,101473,100,98834,100,101488,100,97492,100,101501,100,,,,,,,,,,,,,,
2019-06-28 09:54:19.175337357,100886,389,100081,100,100932,100,99984,389,101302,100,99948,200,101404,100,99841,100,101473,100,98840,100,101488,100,98834,100,101501,100,97492,100,,,,,,,,,,,,
2019-06-28 09:54:20.000000000,100886,158,100081,158,100932,158,99984,158,101302,158,99948,258,101404,158,99841,158,101473,158,98840,158,101488,100,98834,100,101501,100,97492,100,,,,,,,,,,,,
2019-06-28 09:54:28.428489203,100759,100,100081,158,100886,58,99984,158,100932,158,99948,258,101302,158,99841,158,101404,158,98840,158,101473,158,98834,100,101488,100,97492,100,101501,100,,,,,,,,,,
2019-06-28 09:54:30.000000000,100759,198,100081,198,100932,195,99984,195,101302,195,99948,295,101404,100,99841,100,101473,100,98840,100,101488,100,98834,100,101501,100,97492,100,,,,,,,,,,,,
2019-06-28 09:54:40.000000000,100759,389,100081,389,100932,100,99984,100,101302,100,99948,200,101404,100,99841,100,101473,100,98840,100,101488,100,98834,100,101501,100,97492,100,,,,,,,,,,,,
2019-06-28 09:54:50.000000000,100759,158,100081,158,100932,158,99984,158,101302,158,99948,258,101404,158,99841,158,101473,158,98840,158,101488,100,98834,100,101501,100,97492,100,,,,,,,,,,,,
2019-06-28 09:55:00.000000000,100759,244,100081,244,100932,244,99984,244,101302,100,99948,200,101404,100,99841,100,101473,100,98840,100,101488,100,98834,100,101501,100,97492,100,,,,,,,,,,,,
2019-06-28 09:55:03.127759570,100759,244,100081,244,100932,244,99984,244,101302,100,99948,200,101404,100,99841,100,101473,100,99772,100,101488,100,98840,100,101501,100,98834,100,,,97492,100,,,,,,,,
2019-06-28 09:55:06.407774137,100759,244,100081,144,100932,244,99984,244,101404,100,99948,200,101473,100,99841,100,101488,100,99772,100,101501,100,98840,100,,,98834,100,,,97492,100,,,,,,,,
2019-06-28 09:55:10.000000000,100759,158,99984,158,100932,158,99948,258,101404,158,99841,158,101473,158,99772,158,101488,158,98840,158,101501,100,98834,100,,,97492,100,,,,,,,,,,,,
2019-06-28 09:55:15.913021911,100641,100,99984,158,100759,158,99948,258,100932,158,99841,158,101404,158,99772,158,101473,158,98840,158,101488,158,98834,100,101501,100,97492,100,,,,,,,,,,,,
2019-06-28 09:55:16.528863926,100641,100,99984,158,100759,158,99948,258,100932,158,99841,158,101404,158,99772,158,101473,158,98840,158,101488,158,98834,100,101501,100,97492,100,,,,,,,,,,,,
2019-06-28 09:55:20.000000000,100641,198,99984,198,100759,195,99948,295,100932,195,99841,195,101404,100,99772,100,101473,100,98840,100,101488,100,98834,100,101501,100,97492,100,,,,,,,,,,,,
2019-06-28 09:55:28.197533282,100641,198,99984,98,100759,195,99948,295,100932,195,99841,195,101404,100,99772,100,101473,100,98840,100,101488,100,98834,100,101501,100,97492,100,,,,,,,,,,,,
2019-06-28 09:55:30.000000000,100641,198,99948,298,100759,195,99841,195,100932,195,99772,195,101404,100,98840,100,101473,100,98834,100,101488,100,97492,100,101501,100,,,,,,,,,,,,,,
2019-06-28 09:55:40.000000000,100641,198,99948,298,100759,195,99841,195,100932,195,99772,195,101404,100,98840,100,101473,100,98834,100,101488,100,97492,100,101501,100,,,,,,,,,,,,,,
2019-06-28 09:55:50.000000000,100641,198,99948,298,100759,195,99841,195,100932,195,99772,195,101404,100,98840,100,101473,100,98834,100,101488,100,97492,100,101501,100,,,,,,,,,,,,,,
2019-06-28 09:55:52.789081516,100641,198,100057,100,100759,195,99948,298,100932,195,99841,195,101404,100,99772,195,101473,100,98840,100,101488,100,98834,100,101501,100,97492,100,,,,,,,,,,,,
2019-06-28 09:56:00.000000000,100641,389,100057,389,100759,100,99948,200,100932,100,99841,100,101404,100,99772,100,101473,100,98840,100,101488,100,98834,100,101501,100,97492,100,,,,,,,,,,,,
2019-06-28 09:56:09.885722273,100377,100,100057,389,100641,389,99948,200,100759,100,99841,100,100932,100,99772,100,101404,100,98840,100,101473,100,98834,100,101488,100,97492,100,101501,100,,,,,,,,,,
2019-06-28 09:56:10.000000000,100377,172,100057,172,100641,172,99948,272,100759,172,99841,172,100932,172,99772,172,101404,100,98840,100,101473,100,98834,100,101488,100,97492,100,101501,100,,,,,,,,,,
2019-06-28 09:56:20.000000000,100377,244,100057,244,100641,244,99948,344,100759,100,99841,100,100932,100,99772,100,101404,100,98840,100,101473,100,98834,100,101488,100,97492,100,101501,100,,,,,,,,,,
2019-06-28 09:56:30.000000000,100377,158,100057,158,100641,158,99948,258,100759,158,99841,158,100932,158,99772,158,101404,158,98840,158,101473,100,98834,100,101488,100,97492,100,101501,100,,,,,,,,,,
2019-06-28 09:56:40.000000000,100377,389,100057,389,100641,100,99948,200,100759,100,99841,100,100932,100,99772,100,101404,100,98840,100,101473,100,98834,100,101488,100,97492,100,101501,100,,,,,,,,,,
2019-06-28 09:56:50.000000000,100377,198,100057,198,100641,195,99948,295,100759,195,99841,195,100932,100,99772,100,101404,100,98840,100,101473,100,98834,100,101488,100,97492,100,101501,100,,,,,,,,,,
2019-06-28 09:57:00.000000000,100377,244,100057,244,100641,244,99948,344,100759,100,99841,100,100932,100,99772,100,101404,100,98840,100,101473,100,98834,100,101488,100,97492,100,101501,100,,,,,,,,,,
2019-06-28 09:57:06.188293351,100377,144,100057,244,100641,244,99948,344,100759,100,99841,100,100932,100,99772,100,101404,100,98840,100,101473,100,98834,100,101488,100,97492,100,101501,100,,,,,,,,,,
2019-06-28 09:57:06.414458301,100377,44,100057,244,100641,244,99948,344,100759,100,99841,100,100932,100,99772,100,101404,100,98840,100,101473,100,98834,100,101488,100,97492,100,101501,100,,,,,,,,,,
2019-06-28 09:57:10.000000000,100641,172,100057,172,100759,172,99948,272,100932,172,99841,172,101404,172,99772,172,101473,100,98840,100,101488,100,98834,100,101501,100,97492,100,,,,,,,,,,,,
2019-06-28 09:57:10.496790513,100641,72,100057,172,100759,172,99948,272,100932,172,99841,172,101404,172,99772,172,101473,100,98840,100,101488,100,98834,100,101501,100,97492,100,,,,,,,,,,,,
2019-06-28 09:57:16.098190244,100641,72,100377,100,100759,172,100057,172,100932,172,99948,272,101404,172,99841,172,101473,100,99772,172,101488,100,98840,100,101501,100,98834,100,,,97492,100,,,,,,,,
2019-06-28 09:57:20.000000000,100759,172,100377,172,100932,172,100057,172,101404,172,99948,272,101473,172,99841,172,101488,100,99772,100,101501,100,98840,100,,,98834,100,,,97492,100,,,,,,,,
2019-06-28 09:57:27.952423927,100759,172,100377,172,100932,172,100057,172,101387,100,99948,272,101404,172,99841,172,101473,72,99772,100,101488,100,98840,100,101501,100,98834,100,,,97492,100,,,,,,,,
2019-06-28 09:57:30.000000000,100759,198,100377,198,100932,195,100057,195,101387,195,99948,295,101404,100,99841,100,101488,100,99772,100,101501,100,98840,100,,,98834,100,,,97492,100,,,,,,,,
2019-06-28 09:57:40.000000000,100759,172,100377,172,100932,172,100057,172,101387,172,99948,272,101404,172,99841,172,101488,100,99772,100,101501,100,98840,100,,,98834,100,,,97492,100,,,,,,,,
2019-06-28 09:57:43.080119889,100759,72,100377,172,100932,172,100057,172,101387,172,99948,272,101404,172,99841,172,101488,100,99772,100,101501,100,98840,100,,,98834,100,,,97492,100,,,,,,,,
2019-06-28 09:57:50.000000000,100932,158,100377,158,101387,158,100057,158,101404,158,99948,258,101488,158,99841,158,101501,158,99772,158,,,98840,100,,,98834,100,,,97492,100,,,,,,,,
2019-06-28 09:58:00.000000000,100932,244,100377,244,101387,244,100057,244,101404,100,99948,200,101488,100,99841,100,101501,100,99772,100,,,98840,100,,,98834,100,,,97492,100,,,,,,,,
2019-06-28 09:58:10.000000000,100932,172,100377,172,101387,172,100057,172,101404,172,99948,272,101488,172,99841,172,101501,100,99772,100,,,98840,100,,,98834,100,,,97492,100,,,,,,,,
2019-06-28 09:58:20.000000000,100932,158,100377,158,101387,158,100057,158,101404,158,99948,258,101488,158,99841,158,101501,158,99772,158,,,98840,100,,,98834,100,,,97492,100,,,,,,,,
2019-06-28 09:58:27.493767358,100932,58,100377,158,101387,158,100057,158,101404,158,99948,258,101488,158,99841,158,101501,158,99772,158,,,98840,100,,,98834,100,,,97492,100,,,,,,,,
2019-06-28 09:58:30.000000000,101387,158,100377,158,101404,158,100057,158,101488,158,99948,258,101501,158,99841,158,101502,58,99772,158,,,98840,100,,,98834,100,,,97492,100,,,,,,,,
2019-06-28 09:58:37.943173118,101387,158,100846,100,101404,158,100377,158,101488,158,100057,158,101501,158,99948,258,101502,58,99841,158,,,99772,158,,,98840,100,,,98834,100,,,97492,100,,,,
2019-06-28 09:58:38.565238953,101108,100,100846,100,101387,158,100377,158,101404,158,100057,158,101488,158,99948,258,101501,158,99841,158,101502,58,99772,158,,,98840,100,,,98834,100,,,97492,100,,,,
2019-06-28 09:58:40.000000000,101108,158,100846,158,101387,158,100377,158,101404,158,100057,158,101488,158,99948,258,101501,158,99841,158,,,99772,100,,,98840,100,,,98834,100,,,97492,100,,,,
2019-06-28 09:58:50.000000000,101108,158,100846,158,101387,158,100377,158,101404,158,100057,158,101488,158,99948,258,101501,158,99841,158,,,99772,100,,,98840,100,,,98834,100,,,97492,100,,,,
2019-06-28 09:59:00.000000000,101108,389,100846,389,101387,100,100377,100,101404,100,100057,100,101488,100,99948,200,101501,100,99841,100,,,99772,100,,,98840,100,,,98834,100,,,97492,100,,,,
2019-06-28 09:59:10.000000000,101108,389,100846,389,101387,100,100377,100,101404,100,100057,100,101488,100,99948,200,101501,100,99841,100,,,99772,100,,,98840,100,,,98834,100,,,97492,100,,,,
2019-06-28 09:59:17.606602596,101108,389,100999,100,101387,100,100846,389,101404,100,100377,100,101488,100,100057,100,101501,100,99948,200,,,99841,100,,,99772,100,,,98840,100,,,98834,100,,,97492,100
2019-06-28 09:59:20.000000000,101108,172,100999,172,101387,172,100846,172,101404,172,100377,172,101488,172,100057,172,101501,100,99948,200,,,99841,100,,,99772,100,,,98840,100,,,98834,100,,,97492,100
2019-06-28 09:59:25.770891264,101108,172,100999,172,101387,172,100846,172,101404,172,100823,100,101488,172,100377,172,101501,100,100057,172,,,99948,200,,,99841,100,,,99772,100,,,98840,100,,,98834,100
2019-06-28 09:59:30.000000000,101108,172,100999,172,101387,172,100846,172,101404,172,100823,172,101488,172,100377,172,101501,100,100057,100,,,99948,200,,,99841,100,,,99772,100,,,98840,100,,,98834,100
2019-06-28 09:59:30.784909291,101108,172,100999,72,101387,172,100846,172,101404,172,100823,172,101488,172,100377,172,101501,100,100057,100,,,99948,200,,,99841,100,,,99772,100,,,98840,100,,,98834,100
2019-06-28 09:59:40.000000000,101108,389,100846,389,101387,100,100823,100,101404,100,100377,100,101488,100,100057,100,101501,100,99948,200,,,99841,100,,,99772,100,,,98840,100,,,98834,100,,,97492,100
2019-06-28 09:59:50.000000000,101108,389,100846,389,101387,100,100823,100,101404,100,100377,100,101488,100,100057,100,101501,100,99948,200,,,99841,100,,,99772,100,,,98840,100,,,98834,100,,,97492,100
2019-06-28 10:00:00.000000000,101108,158,100846,158,101387,158,100823,158,101404,158,100377,158,101488,158,100057,158,101501,158,99948,258,,,99841,100,,,99772,100,,,98840,100,,,98834,100,,,97492,100
2019-06-28 10:00:10.000000000,101108,198,100846,198,101387,195,100823,195,101404,195,100377,195,101488,100,100057,100,101501,100,99948,200,,,99841,100,,,99772,100,,,98840,100,,,98834,100,,,97492,100
2019-06-28 10:00:11.283335707,101108,198,100846,198,101122,100,100823,195,101387,195,100377,195,101404,195,100057,100,101488,100,99948,200,101501,100,99841,100,,,99772,100,,,98840,100,,,98834,100,,,97492,100
2019-06-28 10:00:20.000000000,101108,198,100846,198,101122,195,100823,195,101387,195,100377,195,101404,100,100057,100,101488,100,99948,200,101501,100,99841,100,,,99772,100,,,98840,100,,,98834,100,,,97492,100
2019-06-28 10:00:30.000000000,101108,244,100846,244,101122,244,100823,244,101387,100,100377,100,101404,100,100057,100,101488,100,99948,200,101501,100,99841,100,,,99772,100,,,98840,100,,,98834,100,,,97492,100
2019-06-28 10:00:31.703212260,101108,244,100880,100,101122,244,100846,244,101387,100,100823,244,101404,100,100377,100,101488,100,100057,100,101501,100,99948,200,,,99841,100,,,99772,100,,,98840,100,,,98834,100
2019-06-28 10:00:39.368363158,101108,144,100880,100,101122,244,100856,100,101387,100,100846,244,101404,100,100823,244,101488,100,100377,100,101501,100,100057,100,,,99948,200,,,99841,100,,,99772,100,,,98840,100
2019-06-28 10:00:40.000000000,101122,198,100880,198,101387,195,100856,195,101404,195,100846,195,101488,100,100823,100,101501,100,100377,100,,,100057,100,,,99948,200,,,99841,100,,,99772,100,,,98840,100
2019-06-28 10:00:50.000000000,101122,198,100880,198,101387,195,100856,195,101404,195,100846,195,101488,100,100823,100,101501,100,100377,100,,,100057,100,,,99948,200,,,99841,100,,,99772,100,,,98840,100
2019-06-28 10:00:53.061610696,101122,198,100880,98,101387,195,100856,195,101404,195,100846,195,101488,100,100823,100,101501,100,100377,100,,,99948,200,,,99841,100,,,99772,100,,,98840,100,,,98834,100
2019-06-28 10:01:00.000000000,101122,389,100856,389,101387,100,100846,100,101404,100,100823,100,101488,100,100377,100,101501,100,99948,200,,,99841,100,,,99772,100,,,98840,100,,,98834,100,,,97492,100
2019-06-28 10:01:05.235744680,101122,389,100856,389,101139,100,100846,100,101387,100,100823,100,101404,100,100377,100,101488,100,99948,200,101501,100,99841,100,,,99772,100,,,98840,100,,,98834,100,,,97492,100
2019-06-28 10:01:08.855688235,101122,389,100928,100,101139,100,100856,389,101387,100,100846,100,101404,100,100823,100,101488,100,100377,100,101501,100,99948,200,,,99841,100,,,99772,100,,,98840,100,,,98834,100
2019-06-28 10:01:09.648083584,101114,100,100928,100,101122,389,100856,389,101387,100,100846,100,101404,100,100823,100,101488,100,100377,100,101501,100,99948,200,,,99841,100,,,99772,100,,,98840,100,,,98834,100
2019-06-28 10:01:10.000000000,101114,198,100928,198,101122,195,100856,195,101387,195,100846,195,101404,100,100823,100,101488,100,100377,100,101501,100,99948,200,,,99841,100,,,99772,100,,,98840,100,,,98834,100
2019-06-28 10:01:16.706282203,100959,100,100928,198,101114,198,100856,195,101122,195,100846,195,101387,195,100823,100,101404,100,100377,100,101488,100,99948,200,101501,100,99841,100,,,99772,100,,,98840,100,,,98834,100
2019-06-28 10:01:20.000000000,100959,198,100928,198,101114,195,100856,195,101122,195,100846,195,101387,100,100823,100,101404,100,100377,100,101488,100,99948,200,101501,100,99841,100,,,99772,100,,,98840,100,,,98834,100
2019-06-28 10:01:30.000000000,100959,389,100928,389,101114,100,100856,100,101122,100,100846,100,101387,100,100823,100,101404,100,100377,100,101488,100,99948,200,101501,100,99841,100,,,99772,100,,,98840,100,,,98834,100
2019-06-28 10:01:36.467553399,100959,389,100928,389,100999,100,100856,100,101114,100,100846,100,101122,100,100823,100,101387,100,100377,100,101404,100,99948,200,101488,100,99841,100,101501,100,99772,100,,,98840,100,,,98834,100
2019-06-28 10:01:40.000000000,100959,172,100928,172,100999,172,100856,172,101114,172,100846,172,101122,172,100823,172,101387,100,100377,100,101404,100,99948,200,101488,100,99841,100,101501,100,99772,100,,,98840,100,,,98834,100
2019-06-28 10:01:48.728491192,100959,172,100928,172,100999,272,100856,172,101114,172,100846,172,101122,172,100823,172,101387,100,100377,100,101404,100,99948,200,101488,100,99841,100,101501,100,99772,100,,,98840,100,,,98834,100
2019-06-28 10:01:50.000000000,100959,158,100928,158,100999,258,100856,158,101114,158,100846,158,101122,158,100823,158,101387,158,100377,158,101404,100,99948,200,101488,100,99841,100,101501,100,99772,100,,,98840,100,,,98834,100
2019-06-28 10:02:00.000000000,100959,158,100928,158,100999,258,100856,158,101114,158,100846,158,101122,158,100823,158,101387,158,100377,158,101404,100,99948,200,101488,100,99841,100,101501,100,99772,100,,,98840,100,,,98834,100
2019-06-28 10:02:04.294620698,100959,158,100928,158,100999,358,100856,158,101114,158,100846,158,101122,158,100823,158,101387,158,100377,158,101404,100,99948,200,101488,100,99841,100,101501,100,99772,100,,,98840,100,,,98834,100
2019-06-28 10:02:09.450909520,100959,158,100928,58,100999,358,100856,158,101114,158,100846,158,101122,158,100823,158,101387,158,100377,158,101404,100,99948,200,101488,100,99841,100,101501,100,99772,100,,,98840,100,,,98834,100
2019-06-28 10:02:10.000000000,100959,389,100856,389,100999,300,100846,100,101114,100,100823,100,101122,100,100377,100,101387,100,99948,200,101404,100,99841,100,101488,100,99772,100,101501,100,98840,100,,,98834,100,,,97492,100
2019-06-28 10:02:20.000000000,100959,198,100856,198,100999,395,100846,195,101114,195,100823,195,101122,100,100377,100,101387,100,99948,200,101404,100,99841,100,101488,100,99772,100,101501,100,98840,100,,,98834,100,,,97492,100
2019-06-28 10:02:27.306742804,100959,198,100856,98,100999,395,100846,195,101114,195,100823,195,101122,100,100377,100,101387,100,99948,200,101404,100,99841,100,101488,100,99772,100,101501,100,98840,100,,,98834,100,,,97492,100
2019-06-28 10:02:30.000000000,100959,198,100846,198,100999,395,100823,195,101114,195,100377,195,101122,100,99948,200,101387,100,99841,100,101404,100,99772,100,101488,100,98840,100,101501,100,98834,100,,,97492,100,,,,
2019-06-28 10:02:40.000000000,100959,198,100846,198,100999,395,100823,195,101114,195,100377,195,101122,100,99948,200,101387,100,99841,100,101404,100,99772,100,101488,100,98840,100,101501,100,98834,100,,,97492,100,,,,
2019-06-28 10:02:50.000000000,100959,198,100846,198,100999,395,100823,195,101114,195,100377,195,101122,100,99948,200,101387,100,99841,100,101404,100,99772,100,101488,100,98840,100,101501,100,98834,100,,,97492,100,,,,
2019-06-28 10:03:00.000000000,100959,198,100846,198,100999,395,100823,195,101114,195,100377,195,101122,100,99948,200,101387,100,99841,100,101404,100,99772,100,101488,100,98840,100,101501,100,98834,100,,,97492,100,,,,
2019-06-28 10:03:10.000000000,100959,158,100846,158,100999,358,100823,158,101114,158,100377,158,101122,158,99948,258,101387,158,99841,158,101404,100,99772,100,101488,100,98840,100,101501,100,98834,100,,,97492,100,,,,
2019-06-28 10:03:20.000000000,100959,198,100846,198,100999,395,100823,195,101114,195,100377,195,101122,100,99948,200,101387,100,99841,100,101404,100,99772,100,101488,100,98840,100,101501,100,98834,100,,,97492,100,,,,
2019-06-28 10:03:30.000000000,100959,244,100846,244,100999,444,100823,244,101114,100,100377,100,101122,100,99948,200,101387,100,99841,100,101404,100,99772,100,101488,100,98840,100,101501,100,98834,100,,,97492,100,,,,
2019-06-28 10:03:34.183306973,100959,244,100846,144,100999,444,100823,244,101114,100,100377,100,101122,100,99948,200,101387,100,99841,100,101404,100,99772,100,101488,100,98840,100,101501,100,98834,100,,,97492,100,,,,
2019-06-28 10:03:40.000000000,100959,158,100823,158,100999,358,100377,158,101114,158,99948,258,101122,158,99841,158,101387,158,99772,158,101404,100,98840,100,101488,100,98834,100,101501,100,97492,100,,,,,,,,
2019-06-28 10:03:50.000000000,100959,198,100823,198,100999,395,100377,195,101114,195,99948,295,101122,100,99841,100,101387,100,99772,100,101404,100,98840,100,101488,100,98834,100,101501,100,97492,100,,,,,,,,
2019-06-28 10:03:57.142661151,100856,100,100823,198,100959,198,100377,195,100999,395,99948,295,101114,195,99841,100,101122,100,99772,100,101387,100,98840,100,101404,100,98834,100,101488,100,97492,100,101501,100,,,,,,
2019-06-28 10:03:57.292844935,100856,100,100823,198,100959,198,100611,100,100999,395,100377,195,101114,195,99948,295,101122,100,99841,100,101387,100,99772,100,101404,100,98840,100,101488,100,98834,100,101501,100,97492,100,,,,
2019-06-28 10:04:00.000000000,100856,244,100823,244,100959,244,100611,244,100999,300,100377,100,101114,100,99948,200,101122,100,99841,100,101387,100,99772,100,101404,100,98840,100,101488,100,98834,100,101501,100,97492,100,,,,
2019-06-28 10:04:08.032431500,100856,344,100823,244,100959,244,100611,244,100999,300,100377,100,101114,100,99948,100,101122,100,99841,100,101387,100,99772,100,101404,100,98840,100,101488,100,98834,100,101501,100,97492,100,,,,
2019-06-28 10:04:10.000000000,100856,298,100823,198,100959,195,100611,195,100999,395,100377,195,101114,100,99948,100,101122,100,99841,100,101387,100,99772,100,101404,100,98840,100,101488,100,98834,100,101501,100,97492,100,,,,
2019-06-28 10:04:15.811872946,100856,298,100823,198,100948,100,100611,195,100959,195,100377,195,100999,395,99948,100,101114,100,99841,100,101122,100,99772,100,101387,100,98840,100,101404,100,98834,100,101488,100,97492,100,101501,100,,
2019-06-28 10:04:20.000000000,100856,272,100823,172,100948,172,100611,172,100959,172,100377,172,100999,372,99948,172,101114,100,99841,100,101122,100,99772,100,101387,100,98840,100,101404,100,98834,100,101488,100,97492,100,101501,100,,
2019-06-28 10:04:21.706272708,100856,272,100823,172,100948,172,100611,172,100959,172,100526,100,100999,372,100377,172,101114,100,99948,172,101122,100,99841,100,101387,100,99772,100,101404,100,98840,100,101488,100,98834,100,101501,100,97492,100
2019-06-28 10:04:22.686875685,100856,272,100823,172,100940,100,100611,172,100948,172,100526,100,100959,172,100377,172,100999,372,99948,172,101114,100,99841,100,101122,100,99772,100,101387,100,98840,100,101404,100,98834,100,101488,100,97492,100
2019-06-28 10:04:30.000000000,100856,258,100823,158,100940,158,100611,158,100948,158,100526,158,100959,158,100377,158,100999,358,99948,158,101114,100,99841,100,101122,100,99772,100,101387,100,98840,100,101404,100,98834,100,101488,100,97492,100
2019-06-28 10:04:39.412291689,100856,258,100823,158,100940,158,100811,100,100948,158,100611,158,100959,158,100526,158,100999,358,100377,158,101114,100,99948,158,101122,100,99841,100,101387,100,99772,100,101404,100,98840,100,101488,100,98834,100
2019-06-28 10:04:40.000000000,100856,344,100823,244,100940,244,100811,244,100948,100,100611,100,100959,100,100526,100,100999,300,100377,100,101114,100,99948,100,101122,100,99841,100,101387,100,99772,100,101404,100,98840,100,101488,100,98834,100
2019-06-28 10:04:49.427400257,100856,344,100823,244,100940,244,100811,244,100948,100,100611,100,100959,100,100526,100,100999,300,100377,100,101066,100,99948,100,101114,100,99841,100,101387,100,99772,100,101404,100,98840,100,101488,100,98834,100
2019-06-28 10:04:50.000000000,100856,272,100823,172,100940,172,100811,172,100948,172,100611,172,100959,172,100526,172,100999,300,100377,100,101066,100,99948,100,101114,100,99841,100,101387,100,99772,100,101404,100,98840,100,101488,100,98834,100
2019-06-28 10:04:50.446101814,100856,272,100823,172,100940,172,100811,172,100948,172,100611,172,100959,172,100526,172,100999,300,100377,100,101032,100,99948,100,101066,100,99841,100,101114,100,99772,100,101387,100,98840,100,101404,100,98834,100
2019-06-28 10:05:00.000000000,100856,489,100823,389,100940,100,100811,100,100948,100,100611,100,100959,100,100526,100,100999,300,100377,100,101032,100,99948,100,101066,100,99841,100,101114,100,99772,100,101387,100,98840,100,101404,100,98834,100
2019-06-28 10:05:10.000000000,100856,344,100823,244,100940,244,100811,244,100948,100,100611,100,100959,100,100526,100,100999,300,100377,100,101032,100,99948,100,101066,100,99841,100,101114,100,99772,100,101387,100,98840,100,101404,100,98834,100
2019-06-28 10:05:20.000000000,100856,272,100823,172,100940,172,100811,172,100948,172,100611,172,100959,172,100526,172,100999,300,100377,100,101032,100,99948,100,101066,100,99841,100,101114,100,99772,100,101387,100,98840,100,101404,100,98834,100
2019-06-28 10:05:30.000000000,100856,258,100823,158,100940,158,100811,158,100948,158,100611,158,100959,158,100526,158,100999,358,100377,158,101032,100,99948,100,101066,100,99841,100,101114,100,99772,100,101387,100,98840,100,101404,100,98834,100
2019-06-28 10:05:31.213194457,100856,258,100823,158,100940,158,100811,158,100948,158,100611,158,100959,158,100526,158,100999,358,100377,158,101032,100,100206,100,101066,100,99948,100,101114,100,99841,100,101387,100,99772,100,101404,100,98840,100
2019-06-28 10:05:33.762367271,100856,258,100823,58,100940,158,100811,158,100948,158,100611,158,100959,158,100526,158,100999,358,100377,158,101032,100,100206,100,101066,100,99948,100,101114,100,99841,100,101387,100,99772,100,101404,100,98840,100
2019-06-28 10:05:34.939035442,100856,258,100823,58,100940,158,100811,158,100948,158,100611,158,100959,158,100526,158,100999,258,100377,158,101032,100,100206,100,101066,100,99948,100,101114,100,99841,100,101387,100,99772,100,101404,100,98840,100
2019-06-28 10:05:40.000000000,100856,258,100811,158,100940,158,100611,158,100948,158,100526,158,100959,158,100377,158,100999,258,100206,158,101032,100,99948,100,101066,100,99841,100,101114,100,99772,100,101387,100,98840,100,101404,100,98834,100
2019-06-28 10:05:50.000000000,100856,298,100811,198,100940,195,100611,195,100948,195,100526,195,100959,100,100377,100,100999,200,100206,100,101032,100,99948,100,101066,100,99841,100,101114,100,99772,100,101387,100,98840,100,101404,100,98834,100
2019-06-28 10:06:00.000000000,100856,298,100811,198,100940,195,100611,195,100948,195,100526,195,100959,100,100377,100,100999,200,100206,100,101032,100,99948,100,101066,100,99841,100,101114,100,99772,100,101387,100,98840,100,101404,100,98834,100
2019-06-28 10:06:01.746968828,100856,298,100811,198,100940,195,100611,195,100948,195,100526,195,100959,100,100521,100,100999,200,100377,100,101032,100,100206,100,101066,100,99948,100,101114,100,99841,100,101387,100,99772,100,101404,100,98840,100
2019-06-28 10:06:10.000000000,100856,298,100811,198,100940,195,100611,195,100948,195,100526,195,100959,100,100521,100,100999,200,100377,100,101032,100,100206,100,101066,100,99948,100,101114,100,99841,100,101387,100,99772,100,101404,100,98840,100
2019-06-28 10:06:20.000000000,100856,272,100811,172,100940,172,100611,172,100948,172,100526,172,100959,172,100521,172,100999,200,100377,100,101032,100,100206,100,101066,100,99948,100,101114,100,99841,100,101387,100,99772,100,101404,100,98840,100
2019-06-28 10:06:30.000000000,100856,344,100811,244,100940,244,100611,244,100948,100,100526,100,100959,100,100521,100,100999,200,100377,100,101032,100,100206,100,101066,100,99948,100,101114,100,99841,100,101387,100,99772,100,101404,100,98840,100
2019-06-28 10:06:40.000000000,100856,258,100811,158,100940,158,100611,158,100948,158,100526,158,100959,158,100521,158,100999,258,100377,158,101032,100,100206,100,101066,100,99948,100,101114,100,99841,100,101387,100,99772,100,101404,100,98840,100
2019-06-28 10:06:50.000000000,100856,258,100811,158,100940,158,100611,158,100948,158,100526,158,100959,158,100521,158,100999,258,100377,158,101032,100,100206,100,101066,100,99948,100,101114,100,99841,100,101387,100,99772,100,101404,100,98840,100
2019-06-28 10:06:52.244816964,100856,258,100811,158,100940,158,100611,158,100948,158,100526,158,100959,158,100521,158,100999,158,100377,158,101032,100,100206,100,101066,100,99948,100,101114,100,99841,100,101387,100,99772,100,101404,100,98840,100
2019-06-28 10:07:00.000000000,100856,298,100811,198,100940,195,100611,195,100948,195,100526,195,100959,100,100521,100,100999,100,100377,100,101032,100,100206,100,101066,100,99948,100,101114,100,99841,100,101387,100,99772,100,101404,100,98840,100
2019-06-28 10:07:10.000000000,100856,344,100811,244,100940,244,100611,244,100948,100,100526,100,100959,100,100521,100,100999,100,100377,100,101032,100,100206,100,101066,100,99948,100,101114,100,99841,100,101387,100,99772,100,101404,100,98840,100
2019-06-28 10:07:20.000000000,100856,272,100811,172,100940,172,100611,172,100948,172,100526,172,100959,172,100521,172,100999,100,100377,100,101032,100,100206,100,101066,100,99948,100,101114,100,99841,100,101387,100,99772,100,101404,100,98840,100
2019-06-28 10:07:21.518852586,100856,272,100811,172,100940,172,100611,172,100948,172,100526,172,100959,172,100521,172,100999,100,100377,100,101032,100,100206,100,101066,100,99948,100,101114,100,99843,100,101387,100,99841,100,101404,100,98840,100
2019-06-28 10:07:21.721823505,100856,272,100811,172,100940,172,100611,172,100948,172,100526,172,100959,72,100521,172,100999,100,100377,100,101032,100,100206,100,101066,100,99981,100,101114,100,99948,100,101387,100,99843,100,101404,100,99841,100
2019-06-28 10:07:25.725942858,100856,272,100811,72,100940,172,100611,172,100948,172,100526,172,100959,72,100521,172,100999,100,100377,100,101032,100,100206,100,101066,100,99981,100,101114,100,99948,100,101387,100,99843,100,101404,100,99841,100
2019-06-28 10:07:30.000000000,100856,298,100611,198,100940,195,100526,195,100948,195,100521,195,100999,100,100377,100,101032,100,100206,100,101066,100,99981,100,101114,100,99948,100,101387,100,99843,100,101404,100,99841,100,101488,100,98840,100
2019-06-28 10:07:40.000000000,100856,258,100611,158,100940,158,100526,158,100948,158,100521,158,100999,158,100377,158,101032,158,100206,158,101066,100,99981,100,101114,100,99948,100,101387,100,99843,100,101404,100,99841,100,101488,100,98840,100
2019-06-28 10:07:50.000000000,100856,344,100611,244,100940,244,100526,244,100948,100,100521,100,100999,100,100377,100,101032,100,100206,100,101066,100,99981,100,101114,100,99948,100,101387,100,99843,100,101404,100,99841,100,101488,100,98840,100
2019-06-28 10:08:00.000000000,100856,258,100611,158,100940,158,100526,158,100948,158,100521,158,100999,158,100377,158,101032,158,100206,158,101066,100,99981,100,101114,100,99948,100,101387,100,99843,100,101404,100,99841,100,101488,100,98840,100
2019-06-28 10:08:10.000000000,100856,298,100611,198,100940,195,100526,195,100948,195,100521,195,100999,100,100377,100,101032,100,100206,100,101066,100,99981,100,101114,100,99948,100,101387,100,99843,100,101404,100,99841,100,101488,100,98840,100
2019-06-28 10:08:19.961097217,100856,298,100611,98,100940,195,100526,195,100948,195,100521,195,100999,100,100377,100,101032,100,100206,100,101066,100,99981,100,101114,100,99948,100,101387,100,99843,100,101404,100,99841,100,101488,100,99705,100
2019-06-28 10:08:20.000000000,100856,258,100526,158,100940,158,100521,158,100948,158,100377,158,100999,158,100206,158,101032,158,99981,158,101066,100,99948,100,101114,100,99843,100,101387,100,99841,100,101404,100,99705,100,101488,100,98840,100
2019-06-28 10:08:24.728436755,100856,258,100526,158,100940,158,100521,158,100948,158,100377,158,100999,158,100206,158,101032,158,99981,158,101066,100,99948,100,101114,100,99843,100,101387,100,99841,100,101404,100,99705,100,101488,100,99649,100
2019-06-28 10:08:30.000000000,100856,298,100526,198,100940,195,100521,195,100948,195,100377,195,100999,100,100206,100,101032,100,99981,100,101066,100,99948,100,101114,100,99843,100,101387,100,99841,100,101404,100,99705,100,101488,100,99649,100
2019-06-28 10:08:40.000000000,100856,298,100526,198,100940,195,100521,195,100948,195,100377,195,100999,100,100206,100,101032,100,99981,100,101066,100,99948,100,101114,100,99843,100,101387,100,99841,100,101404,100,99705,100,101488,100,99649,100
2019-06-28 10:08:50.000000000,100856,272,100526,172,100940,172,100521,172,100948,172,100377,172,100999,172,100206,172,101032,100,99981,100,101066,100,99948,100,101114,100,99843,100,101387,100,99841,100,101404,100,99705,100,101488,100,99649,100
2019-06-28 10:08:53.668740446,100856,272,100526,72,100940,172,100521,172,100948,172,100377,172,100999,172,100206,172,101032,100,99981,100,101066,100,99948,100,101114,100,99843,100,101387,100,99841,100,101404,100,99705,100,101488,100,99649,100
2019-06-28 10:09:00.000000000,100856,344,100521,244,100940,244,100377,244,100948,100,100206,100,100999,100,99981,100,101032,100,99948,100,101066,100,99843,100,101114,100,99841,100,101387,100,99705,100,101404,100,99649,100,101488,100,98840,100
2019-06-28 10:09:10.000000000,100856,298,100521,198,100940,195,100377,195,100948,195,100206,195,100999,100,99981,100,101032,100,99948,100,101066,100,99843,100,101114,100,99841,100,101387,100,99705,100,101404,100,99649,100,101488,100,98840,100
2019-06-28 10:09:20.000000000,100856,258,100521,158,100940,158,100377,158,100948,158,100206,158,100999,158,99981,158,101032,158,99948,158,101066,100,99843,100,101114,100,99841,100,101387,100,99705,100,101404,100,99649,100,101488,100,98840,100
2019-06-28 10:09:30.000000000,100856,344,100521,244,100940,244,100377,244,100948,100,100206,100,100999,100,99981,100,101032,100,99948,100,101066,100,99843,100,101114,100,99841,100,101387,100,99705,100,101404,100,99649,100,101488,100,98840,100
2019-06-28 10:09:38.856080988,100856,344,100521,144,100940,244,100377,244,100948,100,100206,100,100999,100,99981,100,101032,100,99948,100,101066,100,99843,100,101114,100,99841,100,101387,100,99705,100,101404,100,99649,100,101488,100,98840,100
2019-06-28 10:09:40.000000000,100856,489,100377,389,100940,100,100206,100,100948,100,99981,100,100999,100,99948,100,101032,100,99843,100,101066,100,99841,100,101114,100,99705,100,101387,100,99649,100,101404,100,98840,100,101488,100,98834,100
2019-06-28 10:09:42.301103062,100856,489,100377,289,100940,100,100206,100,100948,100,99981,100,100999,100,99948,100,101032,100,99843,100,101066,100,99841,100,101114,100,99705,100,101387,100,99649,100,101488,100,98840,100,101501,100,98834,100
2019-06-28 10:09:50.000000000,100856,344,100206,244,100940,244,99981,244,100948,100,99948,100,100999,100,99843,100,101032,100,99841,100,101066,100,99705,100,101114,100,99649,100,101387,100,98840,100,101488,100,98834,100,101501,100,97492,100
2019-06-28 10:09:52.770117797,100856,344,100206,144,100940,244,99981,244,100948,100,99948,100,100999,100,99843,100,101032,100,99705,100,101066,100,99649,100,101114,100,98840,100,101387,100,98834,100,101488,100,97492,100,101501,100,,
2019-06-28 10:09:57.601082847,100856,344,100206,44,100940,244,99981,244,100948,100,99948,100,100999,100,99843,100,101032,100,99705,100,101066,100,99649,100,101114,100,98840,100,101387,100,98834,100,101488,100,97492,100,101501,100,,
2019-06-28 10:10:00.000000000,100856,489,99981,389,100940,100,99948,100,100948,100,99843,100,100999,100,99705,100,101032,100,99649,100,101066,100,98840,100,101114,100,98834,100,101387,100,97492,100,101488,100,,,101501,100,,
2019-06-28 10:10:10.000000000,100856,489,99981,389,100940,100,99948,100,100948,100,99843,100,100999,100,99705,100,101032,100,99649,100,101066,100,98840,100,101114,100,98834,100,101387,100,97492,100,101488,100,,,101501,100,,
2019-06-28 10:10:20.000000000,100856,489,99981,389,100940,100,99948,100,100948,100,99843,100,100999,100,99705,100,101032,100,99649,100,101066,100,98840,100,101114,100,98834,100,101387,100,97492,100,101488,100,,,101501,100,,
2019-06-28 10:10:30.000000000,100856,272,99981,172,100940,172,99948,172,100948,172,99843,172,100999,172,99705,172,101032,100,99649,100,101066,100,98840,100,101114,100,98834,100,101387,100,97492,100,101488,100,,,101501,100,,
2019-06-28 10:10:40.000000000,100856,344,99981,244,100940,244,99948,244,100948,100,99843,100,100999,100,99705,100,101032,100,99649,100,101066,100,98840,100,101114,100,98834,100,101387,100,97492,100,101488,100,,,101501,100,,
2019-06-28 10:10:41.344857407,100856,344,99981,244,100940,244,99948,244,100948,100,99843,100,100999,100,99705,100,101032,100,99649,100,101066,100,99381,100,101114,100,98840,100,101387,100,98834,100,101488,100,97492,100,,,,
2019-06-28 10:10:46.367622076,100856,344,99981,244,100940,244,99948,244,100948,100,99843,100,101032,100,99705,100,101066,100,99649,100,101114,100,99381,100,101387,100,98840,100,101488,100,98834,100,,,97492,100,,,,
2019-06-28 10:10:50.000000000,100856,298,99981,198,100940,195,99948,195,100948,195,99843,195,101032,100,99705,100,101066,100,99649,100,101114,100,99381,100,101387,100,98840,100,101488,100,98834,100,,,97492,100,,,,
2019-06-28 10:11:00.000000000,100856,298,99981,198,100940,195,99948,195,100948,195,99843,195,101032,100,99705,100,101066,100,99649,100,101114,100,99381,100,101387,100,98840,100,101488,100,98834,100,,,97492,100,,,,
2019-06-28 10:11:05.136462136,100856,298,99981,98,100940,195,99948,195,100948,195,99843,195,101032,100,99705,100,101066,100,99649,100,101114,100,99381,100,101387,100,98840,100,101488,100,98834,100,,,97492,100,,,,
2019-06-28 10:11:10.000000000,100856,344,99948,244,100940,244,99843,244,100948,100,99705,100,101032,100,99649,100,101066,100,99381,100,101114,100,98840,100,101387,100,98834,100,101488,100,97492,100,,,,,,,,
2019-06-28 10:11:20.000000000,100856,344,99948,244,100940,244,99843,244,100948,100,99705,100,101032,100,99649,100,101066,100,99381,100,101114,100,98840,100,101387,100,98834,100,101488,100,97492,100,,,,,,,,
2019-06-28 10:11:28.409065527,100856,344,99948,244,100940,244,99843,244,100948,100,99705,100,101032,100,99649,100,101066,100,99590,100,101114,100,99381,100,101387,100,98840,100,101488,100,98834,100,,,97492,100,,,,
2019-06-28 10:11:30.000000000,100856,272,99948,172,100940,172,99843,172,100948,172,99705,172,101032,172,99649,172,101066,100,99590,100,101114,100,99381,100,101387,100,98840,100,101488,100,98834,100,,,97492,100,,,,
2019-06-28 10:11:40.000000000,100856,298,99948,198,100940,195,99843,195,100948,195,99705,195,101032,100,99649,100,101066,100,99590,100,101114,100,99381,100,101387,100,98840,100,101488,100,98834,100,,,97492,100,,,,
2019-06-28 10:11:45.416584471,100856,298,99948,198,100940,195,99843,195,100948,195,99705,195,101032,100,99659,100,101066,100,99649,100,101114,100,99590,100,101387,100,99381,100,101488,100,98840,100,,,98834,100,,,97492,100
2019-06-28 10:11:50.000000000,100856,489,99948,389,100940,100,99843,100,100948,100,99705,100,101032,100,99659,100,101066,100,99649,100,101114,100,99590,100,101387,100,99381,100,101488,100,98840,100,,,98834,100,,,97492,100
2019-06-28 10:11:58.397912234,100856,489,99948,289,100940,100,99843,100,100948,100,99705,100,101032,100,99659,100,101066,100,99649,100,101387,100,99590,100,101488,100,99381,100,,,98840,100,,,98834,100,,,97492,100
2019-06-28 10:12:00.000000000,100856,489,99843,389,100940,100,99705,100,100948,100,99659,100,101032,100,99649,100,101066,100,99590,100,101387,100,99381,100,101488,100,98840,100,,,98834,100,,,97492,100,,,,
2019-06-28 10:12:10.000000000,100856,298,99843,198,100940,195,99705,195,100948,195,99659,195,101032,100,99649,100,101066,100,99590,100,101387,100,99381,100,101488,100,98840,100,,,98834,100,,,97492,100,,,,
2019-06-28 10:12:14.490345044,99981,100,99843,198,100856,298,99705,195,100940,195,99659,195,100948,195,99649,100,101032,100,99590,100,101066,100,99381,100,101387,100,98840,100,101488,100,98834,100,,,97492,100,,,,
2019-06-28 10:12:20.000000000,99981,244,99843,244,100856,344,99705,244,100940,100,99659,100,100948,100,99649,100,101032,100,99590,100,101066,100,99381,100,101387,100,98840,100,101488,100,98834,100,,,97492,100,,,,
2019-06-28 10:12:24.369060122,99981,244,99864,100,100856,344,99843,244,100940,100,99705,244,100948,100,99659,100,101032,100,99590,100,101066,100,99381,100,101387,100,98840,100,101488,100,98834,100,,,97492,100,,,,
2019-06-28 10:12:30.000000000,99981,158,99864,158,100856,258,99843,158,100940,158,99705,158,100948,158,99659,158,101032,158,99590,158,101066,100,99381,100,101387,100,98840,100,101488,100,98834,100,,,97492,100,,,,
2019-06-28 10:12:36.880343306,99981,158,99864,58,100856,258,99843,158,100940,158,99705,158,100948,158,99659,158,101032,158,99590,158,101066,100,99381,100,101387,100,98840,100,101488,100,98834,100,,,97492,100,,,,
2019-06-28 10:12:40.000000000,99981,389,99843,389,100856,200,99705,100,100940,100,99659,100,100948,100,99590,100,101032,100,99381,100,101066,100,98840,100,101387,100,98834,100,101488,100,97492,100,,,,,,,,
2019-06-28 10:12:46.886351888,99981,389,99865,100,100856,200,99843,389,100940,100,99705,100,100948,100,99659,100,101032,100,99590,100,101066,100,99381,100,101387,100,98840,100,101488,100,98834,100,,,97492,100,,,,
2019-06-28 10:12:50.000000000,99981,389,99865,389,100856,200,99843,100,100940,100,99705,100,100948,100,99659,100,101032,100,99590,100,101066,100,99381,100,101387,100,98840,100,101488,100,98834,100,,,97492,100,,,,
2019-06-28 10:12:54.091634719,99981,389,99865,289,100856,200,99843,100,100940,100,99705,100,100948,100,99659,100,101032,100,99590,100,101066,100,99381,100,101387,100,98840,100,101488,100,98834,100,,,97492,100,,,,
2019-06-28 10:13:00.000000000,99981,198,99843,198,100856,295,99705,195,100940,195,99659,195,100948,100,99590,100,101032,100,99381,100,101066,100,98840,100,101387,100,98834,100,101488,100,97492,100,,,,,,,,
2019-06-28 10:13:10.000000000,99981,244,99843,244,100856,344,99705,244,100940,100,99659,100,100948,100,99590,100,101032,100,99381,100,101066,100,98840,100,101387,100,98834,100,101488,100,97492,100,,,,,,,,
2019-06-28 10:13:10.617491833,99981,244,99843,144,100856,344,99705,244,100940,100,99659,100,100948,100,99590,100,101032,100,99381,100,101066,100,98840,100,101387,100,98834,100,101488,100,97492,100,,,,,,,,
2019-06-28 10:13:20.000000000,99981,244,99705,244,100856,344,99659,244,100940,100,99590,100,100948,100,99381,100,101032,100,98840,100,101066,100,98834,100,101387,100,97492,100,101488,100,,,,,,,,,,
