,ask_price_1,ask_size_1,bid_price_1,bid_size_1,ask_price_2,ask_size_2,bid_price_2,bid_size_2,ask_price_3,ask_size_3,bid_price_3,bid_size_3,ask_price_4,ask_size_4,bid_price_4,bid_size_4,ask_price_5,ask_size_5,bid_price_5,bid_size_5,ask_price_6,ask_size_6,bid_price_6,bid_size_6,ask_price_7,ask_size_7,bid_price_7,bid_size_7,ask_price_8,ask_size_8,bid_price_8,bid_size_8,ask_price_9,ask_size_9,bid_price_9,bid_size_9,ask_price_10,ask_size_10,bid_price_10,bid_size_10
2019-06-28 09:30:00.000000001,,,99978,100,,,99948,200,,,,,,,,,,,,,,,,,,,,,,,,,,,,,,,,
2019-06-28 09:30:00.000000002,,,100019,100,,,99978,100,,,99948,200,,,,,,,,,,,,,,,,,,,,,,,,,,,,
2019-06-28 09:30:00.000000005,,,100019,100,,,99978,100,,,99948,200,,,99914,100,,,,,,,,,,,,,,,,,,,,,,,,
2019-06-28 09:30:00.000000006,100150,100,100019,100,,,99992,100,,,99978,100,,,99948,200,,,99916,100,,,99914,100,,,99873,100,,,,,,,,,,,,
2019-06-28 09:30:00.000000007,100110,200,100019,100,100150,100,99992,100,,,99978,100,,,99948,200,,,99916,100,,,99914,100,,,99873,100,,,,,,,,,,,,
2019-06-28 09:30:00.000000008,100110,200,100019,100,100150,100,99992,100,,,99978,100,,,99948,200,,,99916,100,,,99914,100,,,99874,100,,,99873,100,,,,,,,,
2019-06-28 09:30:00.000000012,100110,200,99992,100,100150,100,99978,100,,,99948,200,,,99916,100,,,99914,100,,,99874,100,,,99873,100,,,,,,,,,,,,
2019-06-28 09:30:00.000000015,100110,200,99992,100,100150,100,99978,100,100165,100,99948,200,,,99916,100,,,99914,100,,,99874,100,,,99873,100,,,,,,,,,,,,
2019-06-28 09:30:00.000000016,100110,200,100066,100,100150,100,99992,100,100165,100,99978,100,,,99948,200,,,99916,100,,,99914,100,,,99874,100,,,99873,100,,,,,,,,
2019-06-28 09:30:00.000000018,100110,200,100066,100,100150,100,99992,100,100165,100,99978,100,,,99948,200,,,99916,100,,,99914,100,,,99874,100,,,99873,100,,,99848,100,,,,
2019-06-28 09:30:00.000000019,100110,200,100066,100,100150,100,99992,100,100165,100,99978,100,,,99948,200,,,99916,100,,,99914,100,,,99894,100,,,99874,100,,,99873,100,,,99848,100
2019-06-28 09:30:00.000000021,100110,200,100066,100,100120,100,99992,100,100150,100,99978,100,100165,100,99954,100,,,99948,200,,,99916,100,,,99914,100,,,99894,100,,,99874,100,,,99873,100
2019-06-28 09:30:00.000000022,100110,200,100066,100,100120,100,99992,100,100150,100,99986,100,100165,100,99978,100,,,99954,100,,,99948,200,,,99916,100,,,99914,100,,,99894,100,,,99874,100
2019-06-28 09:30:00.000000025,100110,200,99992,100,100120,100,99986,100,100150,100,99978,100,100165,100,99954,100,,,99948,200,,,99916,100,,,99914,100,,,99894,100,,,99874,100,,,99873,100
2019-06-28 09:30:00.000000026,100110,200,99992,100,100120,100,99986,100,100128,100,99978,100,100140,100,99954,100,100150,100,99948,200,100165,100,99916,100,,,99914,100,,,99894,100,,,99874,100,,,99873,100
2019-06-28 09:30:00.000000027,100110,200,100009,100,100120,100,99992,100,100128,100,99986,100,100140,100,99978,100,100150,100,99954,100,100165,100,99948,200,,,99916,100,,,99914,100,,,99896,100,,,99894,100
2019-06-28 09:30:00.000000029,100110,200,100009,100,100120,100,99992,100,100128,100,99986,100,100140,100,99978,100,100150,100,99954,100,100165,100,99948,200,,,99916,100,,,99914,100,,,99896,100,,,99894,100
2019-06-28 09:30:00.000000030,100110,200,100009,100,100120,100,99992,100,100128,100,99986,100,100140,100,99978,100,100150,100,99954,100,100165,100,99948,200,,,99916,100,,,99914,100,,,99896,200,,,99894,100
2019-06-28 09:30:00.000000038,100110,200,100009,100,100120,100,99992,100,100128,100,99986,100,100140,100,99978,100,100150,100,99954,100,100165,100,99948,200,,,99919,100,,,99916,100,,,99914,100,,,99896,200
2019-06-28 09:30:00.000000040,100095,100,100009,100,100110,200,99992,100,100120,100,99986,100,100128,100,99978,100,100140,100,99954,100,100150,100,99948,200,100165,100,99919,100,,,99916,100,,,99914,100,,,99896,200
2019-06-28 09:30:00.000000046,100055,100,100009,100,100095,100,99992,100,100110,200,99986,100,100120,100,99978,100,100128,100,99954,100,100140,100,99948,200,100150,100,99919,100,100165,100,99916,100,,,99914,100,,,99896,200
2019-06-28 09:30:00.000000050,100055,100,100009,100,100058,100,99992,100,100095,100,99986,100,100110,200,99978,100,100120,100,99954,100,100128,100,99948,200,100140,100,99919,100,100150,100,99916,100,100165,100,99914,100,,,99896,200
2019-06-28 09:30:00.000000053,100055,100,100009,100,100058,100,99992,100,100095,100,99986,100,100110,200,99978,100,100120,100,99954,100,100128,100,99948,200,100140,100,99937,100,100150,100,99919,100,100165,100,99916,100,,,99914,100
2019-06-28 09:30:00.000000054,100047,100,100009,100,100055,100,99992,100,100058,100,99986,100,100095,100,99978,100,100110,200,99954,100,100120,100,99948,200,100128,100,99937,100,100140,100,99919,100,100150,100,99916,100,100165,100,99914,100
2019-06-28 09:30:00.000000055,100047,100,100009,100,100055,100,99992,100,100058,100,99986,100,100095,100,99978,100,100110,200,99954,100,100120,100,99953,100,100128,100,99948,200,100140,100,99937,100,100150,100,99919,100,100165,100,99916,100
2019-06-28 09:30:00.000000056,100047,100,100009,100,100055,100,99992,100,100058,100,99986,100,100095,100,99978,100,100110,200,99970,100,100120,100,99954,100,100128,100,99953,100,100140,100,99948,200,100150,100,99937,100,100165,100,99919,100
2019-06-28 09:30:00.000000059,100047,100,99992,100,100055,100,99986,100,100058,100,99978,100,100095,100,99970,100,100110,200,99954,100,100120,100,99953,100,100128,100,99948,200,100140,100,99937,100,100150,100,99919,100,100165,100,99916,100
2019-06-28 09:30:00.000000060,100047,100,99992,100,100055,100,99986,100,100058,100,99978,100,100095,100,99970,100,100110,200,99954,100,100119,100,99953,100,100120,100,99948,200,100128,100,99937,100,100140,100,99919,100,100150,100,99916,100
2019-06-28 09:30:00.000000061,100046,100,99992,100,100047,100,99986,100,100055,100,99978,100,100058,100,99970,100,100095,100,99954,100,100110,200,99953,100,100119,200,99948,200,100120,100,99937,100,100128,100,99919,100,100140,100,99916,100
2019-06-28 09:30:00.000000062,100046,100,99992,100,100047,100,99986,100,100055,100,99978,100,100058,100,99970,100,100095,100,99954,100,100110,200,99953,100,100119,200,99951,100,100120,100,99948,200,100128,100,99937,100,100140,100,99919,100
2019-06-28 09:30:00.000000064,100046,100,99992,100,100047,100,99986,100,100055,100,99978,100,100058,100,99970,100,100095,100,99954,100,100110,200,99953,100,100119,200,99951,100,100120,100,99948,200,100128,100,99937,100,100140,100,99919,100
2019-06-28 09:30:00.000000071,100046,100,99992,100,100047,100,99986,100,100055,100,99978,100,100058,100,99970,100,100095,100,99954,100,100110,200,99953,100,100119,200,99951,100,100120,100,99949,100,100128,100,99948,200,100140,100,99937,100
2019-06-28 09:30:00.000000072,100046,100,99998,100,100047,100,99992,100,100055,100,99986,100,100058,100,99978,100,100095,100,99970,100,100110,200,99954,100,100119,200,99953,100,100120,100,99951,100,100128,100,99949,100,100140,100,99948,200
2019-06-28 09:30:00.000000076,100046,100,99998,100,100047,100,99992,100,100055,100,99986,100,100058,100,99978,100,100095,100,99970,100,100099,100,99954,100,100110,200,99953,100,100112,100,99951,100,100119,200,99949,100,100120,100,99948,200
2019-06-28 09:30:00.000000077,100046,100,99998,100,100047,100,99992,100,100055,100,99986,100,100058,100,99978,100,100069,100,99970,100,100095,100,99954,100,100099,100,99953,100,100110,200,99951,100,100112,100,99949,100,100119,200,99948,200
2019-06-28 09:30:00.000000083,100046,100,99998,100,100047,100,99992,100,100055,100,99986,100,100058,100,99978,100,100069,100,99970,100,100095,100,99954,100,100099,100,99953,100,100110,200,99951,100,100112,100,99949,100,100119,200,99948,200
2019-06-28 09:30:00.000000085,100046,100,100030,100,100047,100,99998,100,100055,100,99992,100,100058,100,99986,100,100069,100,99978,100,100095,100,99970,100,100099,100,99954,100,100110,200,99953,100,100112,100,99951,100,100119,200,99949,100
2019-06-28 09:30:00.000000086,100046,200,100030,100,100047,100,99998,100,100055,100,99992,100,100058,100,99986,100,100069,100,99978,100,100095,100,99970,100,100099,100,99954,100,100110,200,99953,100,100112,100,99951,100,100119,200,99949,100
2019-06-28 09:30:00.000000087,100046,200,99998,100,100047,100,99992,100,100055,100,99986,100,100058,100,99978,100,100069,100,99970,100,100095,100,99954,100,100099,100,99953,100,100110,200,99951,100,100112,100,99949,100,100119,200,99948,200
2019-06-28 09:30:00.000000088,100046,200,100009,100,100047,100,99998,100,100055,100,99992,100,100058,100,99986,100,100069,100,99978,100,100095,100,99970,100,100099,100,99954,100,100110,200,99953,100,100112,100,99951,100,100119,200,99949,100
2019-06-28 09:30:00.000000089,100046,200,100009,100,100047,100,99998,100,100055,100,99992,100,100058,100,99986,100,100069,100,99978,100,100095,100,99970,100,100099,100,99954,100,100110,200,99953,100,100112,100,99951,100,100119,200,99949,100
2019-06-28 09:30:00.000000091,100046,200,99998,100,100047,100,99992,100,100055,100,99986,100,100058,100,99978,100,100069,100,99973,100,100095,100,99970,100,100099,100,99954,100,100110,200,99953,100,100112,100,99951,100,100119,200,99949,100
2019-06-28 09:30:00.000000092,100046,200,99998,100,100047,100,99992,100,100055,100,99986,100,100058,100,99980,100,100069,100,99978,100,100095,100,99973,100,100099,100,99970,100,100110,200,99954,100,100112,100,99953,100,100119,200,99951,100
2019-06-28 09:30:00.000000095,100030,100,99998,100,100046,200,99992,100,100047,100,99986,100,100055,100,99980,100,100058,100,99978,100,100069,100,99973,100,100095,100,99970,100,100099,100,99954,100,100110,200,99953,100,100112,100,99951,100
2019-06-28 09:30:00.000000096,100025,100,99998,100,100030,200,99992,100,100046,200,99986,100,100047,100,99980,100,100055,100,99978,100,100058,100,99973,100,100069,100,99970,100,100095,100,99954,100,100099,100,99953,100,100110,200,99951,100
2019-06-28 09:30:00.000000097,100025,100,99992,100,100030,200,99986,100,100046,200,99980,100,100047,100,99978,100,100055,100,99973,100,100058,100,99970,100,100069,100,99954,100,100095,100,99953,100,100099,100,99951,100,100110,200,99949,100
2019-06-28 09:30:08.692388015,100025,100,99992,100,100030,200,99986,100,100046,200,99980,100,100047,100,99978,100,100055,100,99973,100,100058,100,99970,100,100069,100,99954,100,100095,100,99953,100,100099,100,99951,100,100110,200,99949,100
2019-06-28 09:30:10.000000000,100025,257,99992,257,100030,357,99986,257,100046,200,99980,100,100047,100,99978,100,100055,100,99973,100,100058,100,99970,100,100069,100,99954,100,100095,100,99953,100,100099,100,99951,100,100110,200,99949,100
2019-06-28 09:30:20.000000000,100025,163,99992,163,100030,263,99986,163,100046,263,99980,163,100047,163,99978,163,100055,163,99973,163,100058,100,99970,100,100069,100,99954,100,100095,100,99953,100,100099,100,99951,100,100110,200,99949,100
2019-06-28 09:30:30.000000000,100025,257,99992,257,100030,357,99986,257,100046,200,99980,100,100047,100,99978,100,100055,100,99973,100,100058,100,99970,100,100069,100,99954,100,100095,100,99953,100,100099,100,99951,100,100110,200,99949,100
2019-06-28 09:30:40.000000000,100025,257,99992,257,100030,357,99986,257,100046,200,99980,100,100047,100,99978,100,100055,100,99973,100,100058,100,99970,100,100069,100,99954,100,100095,100,99953,100,100099,100,99951,100,100110,200,99949,100
2019-06-28 09:30:47.000962116,100025,257,99992,257,100030,357,99986,257,100046,200,99980,100,100047,100,99978,100,100055,100,99973,100,100058,100,99970,100,100069,100,99954,100,100095,100,99953,100,100099,100,99951,100,100110,200,99949,100
2019-06-28 09:30:50.000000000,100025,178,99992,178,100030,278,99986,178,100046,278,99980,178,100047,178,99978,178,100055,100,99973,100,100058,100,99970,100,100069,100,99954,100,100095,100,99953,100,100099,100,99951,100,100110,200,99949,100
2019-06-28 09:30:57.765032107,100025,178,99998,100,100030,278,99992,178,100046,278,99986,178,100047,178,99980,178,100055,100,99978,178,100058,100,99973,100,100069,100,99970,100,100095,100,99954,100,100099,100,99953,100,100110,200,99951,100
2019-06-28 09:31:00.000000000,100025,163,99998,163,100030,263,99992,163,100046,263,99986,163,100047,163,99980,163,100055,163,99978,163,100058,100,99973,100,100069,100,99970,100,100095,100,99954,100,100099,100,99953,100,100110,200,99951,100
2019-06-28 09:31:10.000000000,100025,414,99998,414,100030,200,99992,100,100046,200,99986,100,100047,100,99980,100,100055,100,99978,100,100058,100,99973,100,100069,100,99970,100,100095,100,99954,100,100099,100,99953,100,100110,200,99951,100
2019-06-28 09:31:20.000000000,100025,163,99998,163,100030,263,99992,163,100046,263,99986,163,100047,163,99980,163,100055,163,99978,163,100058,100,99973,100,100069,100,99970,100,100095,100,99954,100,100099,100,99953,100,100110,200,99951,100
2019-06-28 09:31:30.000000000,100025,207,99998,207,100030,304,99992,204,100046,304,99986,204,100047,100,99980,100,100055,100,99978,100,100058,100,99973,100,100069,100,99970,100,100095,100,99954,100,100099,100,99953,100,100110,200,99951,100
2019-06-28 09:31:40.000000000,100025,207,99998,207,100030,304,99992,204,100046,304,99986,204,100047,100,99980,100,100055,100,99978,100,100058,100,99973,100,100069,100,99970,100,100095,100,99954,100,100099,100,99953,100,100110,200,99951,100
2019-06-28 09:31:50.000000000,100025,207,99998,207,100030,304,99992,204,100046,304,99986,204,100047,100,99980,100,100055,100,99978,100,100058,100,99973,100,100069,100,99970,100,100095,100,99954,100,100099,100,99953,100,100110,200,99951,100
2019-06-28 09:32:00.000000000,100025,163,99998,163,100030,263,99992,163,100046,263,99986,163,100047,163,99980,163,100055,163,99978,163,100058,100,99973,100,100069,100,99970,100,100095,100,99954,100,100099,100,99953,100,100110,200,99951,100
2019-06-28 09:32:10.000000000,100025,178,99998,178,100030,278,99992,178,100046,278,99986,178,100047,178,99980,178,100055,100,99978,100,100058,100,99973,100,100069,100,99970,100,100095,100,99954,100,100099,100,99953,100,100110,200,99951,100
2019-06-28 09:32:20.000000000,100025,178,99998,178,100030,278,99992,178,100046,278,99986,178,100047,178,99980,178,100055,100,99978,100,100058,100,99973,100,100069,100,99970,100,100095,100,99954,100,100099,100,99953,100,100110,200,99951,100
2019-06-28 09:32:21.821145403,100025,178,99998,178,100030,278,99992,178,100046,278,99986,178,100047,178,99980,178,100055,100,99978,100,100058,100,99973,100,100069,100,99970,100,100095,100,99954,100,100099,100,99953,100,100104,100,99951,100
2019-06-28 09:32:28.967580752,100025,178,99998,178,100030,278,99992,178,100046,278,99986,178,100047,178,99980,178,100055,100,99978,100,100058,100,99973,100,100069,100,99970,100,100095,100,99954,100,100099,100,99953,100,100104,100,99951,100
2019-06-28 09:32:30.000000000,100025,178,99998,178,100030,278,99992,178,100046,278,99986,178,100047,178,99980,178,100055,100,99978,100,100058,100,99973,100,100069,100,99970,100,100095,100,99954,100,100099,100,99953,100,100104,100,99951,100
2019-06-28 09:32:35.431404723,100025,78,99998,178,100030,278,99992,178,100046,278,99986,178,100047,178,99980,178,100055,100,99978,100,100058,100,99973,100,100069,100,99970,100,100095,100,99954,100,100099,100,99953,100,100104,100,99951,100
2019-06-28 09:32:40.000000000,100030,263,99998,163,100046,263,99992,163,100047,163,99986,163,100055,163,99980,163,100058,163,99978,163,100069,100,99973,100,100095,100,99970,100,100099,100,99954,100,100104,100,99953,100,100110,100,99951,100
2019-06-28 09:32:40.448606950,100030,263,100010,100,100046,263,99998,163,100047,163,99992,163,100055,163,99986,163,100058,163,99980,163,100069,100,99978,163,100095,100,99973,100,100099,100,99970,100,100104,100,99954,100,100110,100,99953,100
2019-06-28 09:32:50.000000000,100030,514,100010,414,100046,200,99998,100,100047,100,99992,100,100055,100,99986,100,100058,100,99980,100,100069,100,99978,100,100095,100,99973,100,100099,100,99970,100,100104,100,99954,100,100110,100,99953,100
2019-06-28 09:33:00.000000000,100030,514,100010,414,100046,200,99998,100,100047,100,99992,100,100055,100,99986,100,100058,100,99980,100,100069,100,99978,100,100095,100,99973,100,100099,100,99970,100,100104,100,99954,100,100110,100,99953,100
2019-06-28 09:33:10.000000000,100030,514,100010,414,100046,200,99998,100,100047,100,99992,100,100055,100,99986,100,100058,100,99980,100,100069,100,99978,100,100095,100,99973,100,100099,100,99970,100,100104,100,99954,100,100110,100,99953,100
2019-06-28 09:33:10.199426695,100030,514,100010,314,100046,200,99998,100,100047,100,99992,100,100055,100,99986,100,100058,100,99980,100,100069,100,99978,100,100095,100,99973,100,100104,100,99970,100,100110,100,99954,100,100112,100,99953,100
2019-06-28 09:33:20.000000000,100030,514,99998,414,100046,200,99992,100,100047,100,99986,100,100055,100,99980,100,100058,100,99978,100,100069,100,99973,100,100095,100,99970,100,100104,100,99954,100,100110,100,99953,100,100112,100,99951,100
2019-06-28 09:33:20.500676778,100030,514,99998,414,100046,200,99992,100,100047,100,99986,100,100055,100,99980,100,100058,100,99978,100,100069,100,99973,100,100095,100,99970,100,100104,100,99954,100,100110,100,99953,100,100112,100,99951,100
2019-06-28 09:33:26.749421470,100030,514,99998,314,100046,200,99992,100,100047,100,99986,100,100055,100,99980,100,100058,100,99978,100,100069,100,99973,100,100095,100,99970,100,100104,100,99954,100,100110,100,99953,100,100112,100,99951,100
2019-06-28 09:33:30.000000000,100030,307,99992,207,100046,304,99986,204,100047,204,99980,204,100055,100,99978,100,100058,100,99973,100,100069,100,99970,100,100095,100,99954,100,100104,100,99953,100,100110,100,99951,100,100112,100,99949,100
2019-06-28 09:33:40.000000000,100030,263,99992,163,100046,263,99986,163,100047,163,99980,163,100055,163,99978,163,100058,163,99973,163,100069,100,99970,100,100095,100,99954,100,100104,100,99953,100,100110,100,99951,100,100112,100,99949,100
2019-06-28 09:33:43.381777947,100030,263,99992,163,100046,263,99986,163,100047,163,99980,163,100055,163,99978,163,100058,163,99973,163,100069,100,99970,100,100095,100,99954,100,100104,100,99953,100,100110,100,99951,100,100112,100,99949,100
2019-06-28 09:33:45.586971305,100030,263,99992,63,100046,263,99986,163,100047,163,99980,163,100055,163,99978,163,100058,163,99973,163,100069,100,99970,100,100095,100,99954,100,100104,100,99953,100,100110,100,99951,100,100112,100,99948,100
2019-06-28 09:33:50.000000000,100030,278,99986,178,100046,278,99980,178,100047,178,99978,178,100055,178,99973,178,100058,100,99970,100,100069,100,99954,100,100095,100,99953,100,100104,100,99951,100,100110,100,99948,100,100112,100,99937,100
2019-06-28 09:33:52.802082285,100030,278,99986,178,100046,278,99980,178,100047,178,99978,178,100055,178,99973,178,100058,100,99970,100,100069,100,99954,100,100095,100,99953,100,100104,100,99951,100,100110,100,99948,100,100112,100,99937,100
2019-06-28 09:34:00.000000000,100030,307,99986,207,100046,304,99980,204,100047,204,99978,204,100055,100,99973,100,100058,100,99970,100,100069,100,99954,100,100095,100,99953,100,100104,100,99951,100,100110,100,99948,100,100112,100,99937,100
2019-06-28 09:34:10.000000000,100030,514,99986,414,100046,200,99980,100,100047,100,99978,100,100055,100,99973,100,100058,100,99970,100,100069,100,99954,100,100095,100,99953,100,100104,100,99951,100,100110,100,99948,100,100112,100,99937,100
2019-06-28 09:34:20.000000000,100030,263,99986,163,100046,263,99980,163,100047,163,99978,163,100055,163,99973,163,100058,163,99970,163,100069,100,99954,100,100095,100,99953,100,100104,100,99951,100,100110,100,99948,100,100112,100,99937,100
2019-06-28 09:34:30.000000000,100030,514,99986,414,100046,200,99980,100,100047,100,99978,100,100055,100,99973,100,100058,100,99970,100,100069,100,99954,100,100095,100,99953,100,100104,100,99951,100,100110,100,99948,100,100112,100,99937,100
2019-06-28 09:34:31.361853386,100030,414,99986,414,100046,200,99980,100,100047,100,99978,100,100055,100,99973,100,100058,100,99970,100,100069,100,99954,100,100095,100,99953,100,100104,100,99951,100,100110,100,99948,100,100112,100,99937,100
2019-06-28 09:34:40.000000000,100030,257,99986,257,100046,357,99980,257,100047,100,99978,100,100055,100,99973,100,100058,100,99970,100,100069,100,99954,100,100095,100,99953,100,100104,100,99951,100,100110,100,99948,100,100112,100,99937,100
2019-06-28 09:34:47.969141844,100030,257,99986,157,100046,357,99980,257,100047,100,99978,100,100055,100,99973,100,100058,100,99970,100,100095,100,99954,100,100104,100,99953,100,100110,100,99951,100,100112,100,99948,100,100119,200,99937,100
2019-06-28 09:34:48.649798903,100030,257,99986,57,100046,357,99980,257,100047,100,99978,100,100055,100,99973,100,100058,100,99970,100,100095,100,99954,100,100104,100,99953,100,100110,100,99951,100,100112,100,99948,100,100119,200,99937,100
2019-06-28 09:34:50.000000000,100030,257,99980,257,100046,357,99978,257,100047,100,99973,100,100055,100,99970,100,100058,100,99954,100,100095,100,99953,100,100104,100,99951,100,100110,100,99948,100,100112,100,99937,100,100119,200,99919,100
2019-06-28 09:34:53.176223466,100030,257,99980,257,100046,357,99978,257,100047,100,99973,100,100055,100,99970,100,100058,100,99954,100,100095,100,99953,100,100104,100,99951,100,100110,100,99948,100,100112,100,99937,100,100119,200,99919,100
2019-06-28 09:34:59.260554284,100030,257,99980,157,100046,357,99978,257,100047,100,99973,100,100058,100,99970,100,100095,100,99954,100,100104,100,99953,100,100110,100,99951,100,100112,100,99948,100,100119,200,99937,100,100128,100,99919,100
2019-06-28 09:35:00.000000000,100030,414,99978,414,100046,200,99973,100,100047,100,99970,100,100058,100,99954,100,100095,100,99953,100,100104,100,99951,100,100110,100,99948,100,100112,100,99937,100,100119,200,99919,100,100128,100,99916,100
2019-06-28 09:35:10.000000000,100030,257,99978,257,100046,357,99973,257,100047,100,99970,100,100058,100,99954,100,100095,100,99953,100,100104,100,99951,100,100110,100,99948,100,100112,100,99937,100,100119,200,99919,100,100128,100,99916,100
2019-06-28 09:35:14.823426208,99986,100,99978,257,100030,257,99973,257,100046,357,99970,100,100047,100,99954,100,100058,100,99953,100,100095,100,99951,100,100104,100,99948,100,100110,100,99937,100,100112,100,99919,100,100119,200,99916,100
2019-06-28 09:35:20.000000000,99986,414,99978,414,100030,100,99973,100,100046,200,99970,100,100047,100,99954,100,100058,100,99953,100,100095,100,99951,100,100104,100,99948,100,100110,100,99937,100,100112,100,99919,100,100119,200,99916,100
2019-06-28 09:35:21.454878990,99986,414,99978,414,100030,100,99973,100,100046,200,99970,100,100047,100,99954,100,100058,100,99953,100,100095,100,99951,100,100104,100,99948,100,100110,100,99937,100,100112,100,99919,100,100119,200,99916,100
2019-06-28 09:35:30.000000000,99986,207,99978,207,100030,204,99973,204,100046,304,99970,204,100047,100,99954,100,100058,100,99953,100,100095,100,99951,100,100104,100,99948,100,100110,100,99937,100,100112,100,99919,100,100119,200,99916,100
2019-06-28 09:35:40.000000000,99986,414,99978,414,100030,100,99973,100,100046,200,99970,100,100047,100,99954,100,100058,100,99953,100,100095,100,99951,100,100104,100,99948,100,100110,100,99937,100,100112,100,99919,100,100119,200,99916,100
2019-06-28 09:35:50.000000000,99986,178,99978,178,100030,178,99973,178,100046,278,99970,178,100047,178,99954,178,100058,100,99953,100,100095,100,99951,100,100104,100,99948,100,100110,100,99937,100,100112,100,99919,100,100119,200,99916,100
2019-06-28 09:35:53.089844883,99986,178,99978,178,100030,178,99973,178,100046,278,99970,178,100047,178,99954,178,100058,100,99953,100,100095,100,99951,100,100104,100,99948,100,100110,100,99937,100,100119,200,99919,100,100128,100,99916,100
2019-06-28 09:36:00.000000000,99986,178,99978,178,100030,178,99973,178,100046,278,99970,178,100047,178,99954,178,100058,100,99953,100,100095,100,99951,100,100104,100,99948,100,100110,100,99937,100,100119,200,99919,100,100128,100,99916,100
2019-06-28 09:36:06.178833316,99986,178,99978,178,100030,178,99973,178,100046,278,99970,178,100047,178,99954,178,100058,100,99953,100,100095,100,99951,100,100104,100,99948,100,100110,100,99937,100,100119,200,99919,100,100128,100,99916,100
2019-06-28 09:36:10.000000000,99986,207,99978,207,100030,204,99973,204,100046,304,99970,204,100047,100,99954,100,100058,100,99953,100,100095,100,99951,100,100104,100,99948,100,100110,100,99937,100,100119,200,99919,100,100128,100,99916,100
2019-06-28 09:36:20.000000000,99986,207,99978,207,100030,204,99973,204,100046,304,99970,204,100047,100,99954,100,100058,100,99953,100,100095,100,99951,100,100104,100,99948,100,100110,100,99937,100,100119,200,99919,100,100128,100,99916,100
2019-06-28 09:36:21.111391277,99986,207,99978,107,100030,204,99973,204,100046,304,99970,204,100047,100,99954,100,100058,100,99953,100,100095,100,99951,100,100104,100,99948,100,100110,100,99937,100,100119,200,99919,100,100128,100,99916,100
2019-06-28 09:36:29.350711011,99986,207,99978,107,100030,204,99973,204,100046,304,99970,204,100047,100,99954,100,100058,100,99953,100,100095,100,99951,100,100104,100,99948,100,100110,100,99919,100,100119,200,99916,100,100128,100,99914,100
2019-06-28 09:36:30.000000000,99986,207,99973,207,100030,204,99970,204,100046,304,99954,204,100047,100,99953,100,100058,100,99951,100,100095,100,99948,100,100104,100,99919,100,100110,100,99916,100,100119,200,99914,100,100128,100,99896,100
2019-06-28 09:36:40.000000000,99986,257,99973,257,100030,257,99970,257,100046,200,99954,100,100047,100,99953,100,100058,100,99951,100,100095,100,99948,100,100104,100,99919,100,100110,100,99916,100,100119,200,99914,100,100128,100,99896,100
2019-06-28 09:36:50.000000000,99986,414,99973,414,100030,100,99970,100,100046,200,99954,100,100047,100,99953,100,100058,100,99951,100,100095,100,99948,100,100104,100,99919,100,100110,100,99916,100,100119,200,99914,100,100128,100,99896,100
2019-06-28 09:36:50.380572562,99986,414,99973,414,100030,100,99970,100,100046,200,99954,100,100047,100,99953,100,100058,100,99951,100,100095,100,99948,100,100110,100,99919,100,100119,200,99916,100,100128,100,99914,100,100150,100,99896,100
2019-06-28 09:37:00.000000000,99986,414,99973,414,100030,100,99970,100,100046,200,99954,100,100047,100,99953,100,100058,100,99951,100,100095,100,99948,100,100110,100,99919,100,100119,200,99916,100,100128,100,99914,100,100150,100,99896,100
2019-06-28 09:37:10.000000000,99986,414,99973,414,100030,100,99970,100,100046,200,99954,100,100047,100,99953,100,100058,100,99951,100,100095,100,99948,100,100110,100,99919,100,100119,200,99916,100,100128,100,99914,100,100150,100,99896,100
2019-06-28 09:37:11.660118020,99986,314,99973,414,100030,100,99970,100,100046,200,99954,100,100047,100,99953,100,100058,100,99951,100,100095,100,99948,100,100110,100,99919,100,100119,200,99916,100,100128,100,99914,100,100150,100,99896,100
2019-06-28 09:37:15.422685960,99986,214,99973,414,100030,100,99970,100,100046,200,99954,100,100047,100,99953,100,100058,100,99951,100,100095,100,99948,100,100110,100,99919,100,100119,200,99916,100,100128,100,99914,100,100150,100,99896,100
2019-06-28 09:37:20.000000000,100030,178,99973,178,100046,278,99970,178,100047,178,99954,178,100058,178,99953,178,100095,100,99951,100,100110,100,99948,100,100119,200,99919,100,100128,100,99916,100,100150,100,99914,100,100165,100,99896,100
2019-06-28 09:37:21.548257634,99995,100,99973,178,100030,178,99970,178,100046,278,99954,178,100047,178,99953,178,100058,178,99951,100,100095,100,99948,100,100110,100,99916,100,100119,200,99914,100,100128,100,99896,100,100150,100,99894,200
2019-06-28 09:37:30.000000000,99995,257,99973,257,100030,257,99970,257,100046,200,99954,100,100047,100,99953,100,100058,100,99951,100,100095,100,99948,100,100110,100,99916,100,100119,200,99914,100,100128,100,99896,100,100150,100,99894,200
2019-06-28 09:37:40.000000000,99995,163,99973,163,100030,163,99970,163,100046,263,99954,163,100047,163,99953,163,100058,163,99951,163,100095,100,99948,100,100110,100,99916,100,100119,200,99914,100,100128,100,99896,100,100150,100,99894,200
2019-06-28 09:37:46.888083609,99995,163,99973,163,100030,163,99970,163,100046,263,99954,163,100047,163,99953,163,100058,163,99951,163,100095,100,99948,100,100110,100,99916,100,100119,200,99914,100,100128,100,99896,100,100150,100,99894,200
2019-06-28 09:37:50.000000000,99995,178,99973,178,100030,178,99970,178,100046,278,99954,178,100047,178,99953,178,100058,100,99951,100,100095,100,99948,100,100110,100,99916,100,100119,200,99914,100,100128,100,99896,100,100150,100,99894,200
2019-06-28 09:38:00.000000000,99995,178,99973,178,100030,178,99970,178,100046,278,99954,178,100047,178,99953,178,100058,100,99951,100,100095,100,99948,100,100110,100,99916,100,100119,200,99914,100,100128,100,99896,100,100150,100,99894,200
2019-06-28 09:38:00.786357319,99995,178,99973,178,100030,178,99970,178,100046,278,99954,178,100047,178,99953,178,100058,100,99951,100,100095,100,99948,100,100110,100,99916,100,100119,200,99914,100,100128,100,99896,100,100150,100,99894,200
2019-06-28 09:38:10.000000000,99995,178,99973,178,100030,178,99970,178,100046,278,99954,178,100047,178,99953,178,100058,100,99951,100,100095,100,99948,100,100110,100,99916,100,100119,200,99914,100,100128,100,99896,100,100150,100,99894,200
2019-06-28 09:38:10.322845216,99995,178,99973,78,100030,178,99970,178,100046,278,99954,178,100047,178,99953,178,100058,100,99951,100,100095,100,99948,100,100110,100,99916,100,100119,200,99914,100,100128,100,99896,100,100150,100,99894,200
2019-06-28 09:38:20.000000000,99995,257,99970,257,100030,257,99954,257,100046,200,99953,100,100047,100,99951,100,100058,100,99948,100,100095,100,99916,100,100110,100,99914,100,100119,200,99896,100,100128,100,99894,200,100150,100,99890,100
2019-06-28 09:38:22.886731510,99995,257,99974,100,100030,257,99970,257,100046,200,99954,257,100047,100,99953,100,100058,100,99951,100,100095,100,99948,100,100110,100,99916,100,100119,200,99914,100,100128,100,99896,100,100150,100,99894,200
2019-06-28 09:38:24.000016998,99995,257,99974,100,100030,257,99970,257,100046,200,99954,257,100047,100,99953,100,100058,100,99951,100,100095,100,99948,100,100110,100,99916,100,100119,100,99914,100,100128,100,99896,100,100150,100,99894,200
2019-06-28 09:38:30.000000000,99995,178,99974,178,100030,178,99970,178,100046,278,99954,178,100047,178,99953,178,100058,100,99951,100,100095,100,99948,100,100110,100,99916,100,100119,100,99914,100,100128,100,99896,100,100150,100,99894,200
2019-06-28 09:38:30.455883169,100030,178,99995,22,100046,278,99974,178,100047,178,99970,178,100058,100,99954,178,100095,100,99953,178,100110,100,99951,100,100119,100,99948,100,100128,100,99916,100,100150,100,99914,100,100165,100,99896,100
2019-06-28 09:38:40.000000000,100030,414,99995,336,100046,200,99974,100,100047,100,99970,100,100058,100,99954,100,100095,100,99953,100,100110,100,99951,100,100119,100,99948,100,100128,100,99916,100,100150,100,99914,100,100165,100,99896,100
2019-06-28 09:38:47.574390097,100030,414,99995,336,100046,200,99974,100,100047,100,99970,100,100058,100,99954,100,100095,100,99953,100,100110,100,99951,100,100119,100,99948,100,100128,100,99929,100,100150,100,99916,100,100165,100,99914,100
2019-06-28 09:38:50.000000000,100030,257,99995,179,100046,357,99974,257,100047,100,99970,100,100058,100,99954,100,100095,100,99953,100,100110,100,99951,100,100119,100,99948,100,100128,100,99929,100,100150,100,99916,100,100165,100,99914,100
2019-06-28 09:38:50.245083613,100030,257,99995,179,100046,357,99974,257,100047,100,99970,100,100058,100,99954,100,100095,100,99953,100,100110,100,99951,100,100119,100,99948,100,100128,100,99929,100,100150,100,99916,100,100165,100,99914,100
2019-06-28 09:38:53.246928416,100030,157,99995,179,100046,357,99974,257,100047,100,99970,100,100058,100,99954,100,100095,100,99953,100,100110,100,99951,100,100119,100,99948,100,100128,100,99929,100,100150,100,99916,100,100165,100,99914,100
2019-06-28 09:38:53.873488997,100030,57,99995,179,100046,357,99974,257,100047,100,99970,100,100058,100,99954,100,100095,100,99953,100,100110,100,99951,100,100119,100,99948,100,100150,100,99929,100,100165,100,99916,100,100183,100,99914,100
2019-06-28 09:39:00.000000000,100046,357,99995,179,100047,257,99974,257,100058,100,99970,100,100095,100,99954,100,100110,100,99953,100,100119,100,99951,100,100150,100,99948,100,100165,100,99929,100,100183,100,99916,100,100252,100,99914,100
2019-06-28 09:39:10.000000000,100046,263,99995,85,100047,163,99974,163,100058,163,99970,163,100095,163,99954,163,100110,163,99953,163,100119,100,99951,100,100150,100,99948,100,100165,100,99929,100,100183,100,99916,100,100252,100,99914,100
2019-06-28 09:39:20.000000000,100046,357,99995,179,100047,257,99974,257,100058,100,99970,100,100095,100,99954,100,100110,100,99953,100,100119,100,99951,100,100150,100,99948,100,100165,100,99929,100,100183,100,99916,100,100252,100,99914,100
2019-06-28 09:39:30.000000000,100046,357,99995,179,100047,257,99974,257,100058,100,99970,100,100095,100,99954,100,100110,100,99953,100,100119,100,99951,100,100150,100,99948,100,100165,100,99929,100,100183,100,99916,100,100252,100,99914,100
2019-06-28 09:39:32.495126453,100046,257,99995,179,100047,257,99974,257,100058,100,99970,100,100095,100,99953,100,100110,100,99951,100,100119,100,99948,100,100150,100,99929,100,100165,100,99916,100,100183,100,99914,100,100252,100,99894,200
2019-06-28 09:39:38.184877878,100046,257,99995,179,100047,257,99974,257,100058,100,99970,100,100095,100,99953,100,100110,100,99951,100,100119,100,99929,100,100150,100,99916,100,100165,100,99914,100,100183,100,99894,200,100252,100,99890,100
2019-06-28 09:39:40.000000000,100046,207,99995,129,100047,204,99974,204,100058,204,99970,204,100095,100,99953,100,100110,100,99951,100,100119,100,99929,100,100150,100,99916,100,100165,100,99914,100,100183,100,99894,200,100252,100,99890,100
2019-06-28 09:39:46.668361939,100046,107,99995,129,100047,204,99974,204,100058,204,99970,204,100095,100,99953,100,100110,100,99951,100,100119,100,99929,100,100150,100,99916,100,100165,100,99914,100,100183,100,99894,200,100252,100,99890,100
2019-06-28 09:39:50.000000000,100047,163,99995,85,100058,163,99974,163,100095,163,99970,163,100110,163,99953,163,100119,163,99951,163,100150,100,99929,100,100165,100,99916,100,100183,100,99914,100,100252,100,99894,200,100315,100,99890,100
2019-06-28 09:39:57.607701540,100047,163,100046,100,100058,163,99995,85,100095,163,99974,163,100110,163,99970,163,100119,163,99953,163,100150,100,99951,163,100165,100,99929,100,100183,100,99916,100,100252,100,99914,100,100315,100,99894,200
2019-06-28 09:39:59.280000889,100047,63,100046,100,100058,163,99995,85,100095,163,99974,163,100110,163,99970,163,100119,63,99953,163,100150,100,99951,163,100165,100,99929,100,100183,100,99916,100,100252,100,99914,100,100315,100,99894,200
2019-06-28 09:40:00.000000000,100058,414,100046,414,100095,100,99995,22,100110,100,99974,100,100150,100,99970,100,100165,100,99953,100,100183,100,99951,100,100252,100,99929,100,100315,100,99916,100,100402,100,99914,100,100419,100,99894,200
2019-06-28 09:40:10.000000000,100058,257,100046,257,100095,257,99995,179,100110,100,99974,100,100150,100,99970,100,100165,100,99953,100,100183,100,99951,100,100252,100,99929,100,100315,100,99916,100,100402,100,99914,100,100419,100,99894,200
2019-06-28 09:40:20.000000000,100058,414,100046,414,100095,100,99995,22,100110,100,99974,100,100150,100,99970,100,100165,100,99953,100,100183,100,99951,100,100252,100,99929,100,100315,100,99916,100,100402,100,99914,100,100419,100,99894,200
2019-06-28 09:40:26.571408197,100058,414,100046,414,100095,100,99995,22,100110,100,99974,100,100150,100,99970,100,100165,100,99953,100,100242,100,99951,100,100252,100,99929,100,100315,100,99916,100,100402,100,99914,100,100419,100,99894,200
2019-06-28 09:40:30.000000000,100058,178,100046,178,100095,178,99995,100,100110,178,99974,178,100150,178,99970,178,100165,100,99953,100,100242,100,99951,100,100252,100,99929,100,100315,100,99916,100,100402,100,99914,100,100419,100,99894,200
2019-06-28 09:40:38.224253631,100058,178,100046,78,100095,178,99995,100,100110,178,99974,178,100150,178,99970,178,100165,100,99953,100,100242,100,99951,100,100252,100,99929,100,100315,100,99916,100,100402,100,99914,100,100419,100,99894,200
2019-06-28 09:40:39.803433421,100058,178,100046,78,100095,178,99995,100,100110,78,99974,178,100150,178,99970,178,100165,100,99953,100,100242,100,99951,100,100252,100,99929,100,100298,100,99916,100,100315,100,99914,100,100402,100,99894,200
2019-06-28 09:40:40.000000000,100058,414,99995,336,100095,100,99974,100,100150,100,99970,100,100165,100,99953,100,100242,100,99951,100,100252,100,99929,100,100298,100,99916,100,100315,100,99914,100,100402,100,99894,200,100419,100,99890,100
2019-06-28 09:40:45.931140035,100058,414,99995,336,100059,100,99974,100,100095,100,99970,100,100150,100,99953,100,100165,100,99951,100,100242,100,99929,100,100252,100,99914,100,100298,100,99894,200,100315,100,99890,100,100402,100,99874,100
2019-06-28 09:40:50.000000000,100058,257,99995,179,100059,257,99974,257,100095,100,99970,100,100150,100,99953,100,100165,100,99951,100,100242,100,99929,100,100252,100,99914,100,100298,100,99894,200,100315,100,99890,100,100402,100,99874,100
2019-06-28 09:41:00.000000000,100058,163,99995,85,100059,163,99974,163,100095,163,99970,163,100150,163,99953,163,100165,163,99951,163,100242,100,99929,100,100252,100,99914,100,100298,100,99894,200,100315,100,99890,100,100402,100,99874,100
2019-06-28 09:41:10.000000000,100058,178,99995,100,100059,178,99974,178,100095,178,99970,178,100150,178,99953,178,100165,100,99951,100,100242,100,99929,100,100252,100,99914,100,100298,100,99894,200,100315,100,99890,100,100402,100,99874,100
2019-06-28 09:41:16.319967722,100046,100,99995,100,100058,178,99974,178,100059,178,99970,178,100095,178,99953,178,100150,178,99951,100,100165,100,99929,100,100242,100,99914,100,100252,100,99894,200,100298,100,99890,100,100315,100,99874,100
2019-06-28 09:41:20.000000000,100046,163,99995,85,100058,163,99974,163,100059,163,99970,163,100095,163,99953,163,100150,163,99951,163,100165,100,99929,100,100242,100,99914,100,100252,100,99894,200,100298,100,99890,100,100315,100,99874,100
2019-06-28 09:41:30.000000000,100046,257,99995,179,100058,257,99974,257,100059,100,99970,100,100095,100,99953,100,100150,100,99951,100,100165,100,99929,100,100242,100,99914,100,100252,100,99894,200,100298,100,99890,100,100315,100,99874,100
2019-06-28 09:41:30.845885125,100046,257,99995,179,100058,257,99974,257,100059,100,99970,100,100095,100,99953,100,100150,100,99951,100,100165,100,99929,100,100242,100,99914,100,100252,100,99894,200,100298,100,99890,100,100315,100,99874,100
2019-06-28 09:41:40.000000000,100046,414,99995,336,100058,100,99974,100,100059,100,99970,100,100095,100,99953,100,100150,100,99951,100,100165,100,99929,100,100242,100,99914,100,100252,100,99894,200,100298,100,99890,100,100315,100,99874,100
2019-06-28 09:41:47.867601813,100046,514,99995,336,100058,100,99970,100,100059,100,99953,100,100095,100,99951,100,100150,100,99929,100,100165,100,99914,100,100242,100,99894,200,100252,100,99890,100,100298,100,99874,100,100315,100,99871,100
2019-06-28 09:41:50.000000000,100046,514,99995,336,100058,100,99970,100,100059,100,99953,100,100095,100,99951,100,100150,100,99929,100,100165,100,99914,100,100242,100,99894,200,100252,100,99890,100,100298,100,99874,100,100315,100,99871,100
2019-06-28 09:41:59.008486837,100046,514,99995,336,100058,100,99970,100,100059,100,99953,100,100095,100,99951,100,100150,100,99929,100,100165,100,99914,100,100242,100,99894,200,100252,100,99890,100,100298,100,99874,100,100315,100,99871,100
2019-06-28 09:42:00.000000000,100046,278,99995,100,100058,178,99970,178,100059,178,99953,178,100095,178,99951,178,100150,100,99929,100,100165,100,99914,100,100242,100,99894,200,100252,100,99890,100,100298,100,99874,100,100315,100,99871,100
2019-06-28 09:42:10.000000000,100046,278,99995,100,100058,178,99970,178,100059,178,99953,178,100095,178,99951,178,100150,100,99929,100,100165,100,99914,100,100242,100,99894,200,100252,100,99890,100,100298,100,99874,100,100315,100,99871,100
2019-06-28 09:42:20.000000000,100046,278,99995,100,100058,178,99970,178,100059,178,99953,178,100095,178,99951,178,100150,100,99929,100,100165,100,99914,100,100242,100,99894,200,100252,100,99890,100,100298,100,99874,100,100315,100,99871,100
2019-06-28 09:42:30.000000000,100046,357,99995,179,100058,257,99970,257,100059,100,99953,100,100095,100,99951,100,100150,100,99929,100,100165,100,99914,100,100242,100,99894,200,100252,100,99890,100,100298,100,99874,100,100315,100,99871,100
2019-06-28 09:42:38.016088551,100029,100,99995,179,100046,357,99970,257,100058,257,99953,100,100059,100,99951,100,100095,100,99929,100,100150,100,99914,100,100165,100,99894,200,100242,100,99890,100,100298,100,99874,100,100315,100,99871,100
2019-06-28 09:42:38.227988766,100029,100,99995,179,100046,357,99970,257,100058,257,99953,100,100059,100,99951,100,100095,100,99936,100,100150,100,99929,100,100165,100,99914,100,100242,100,99894,200,100298,100,99890,100,100315,100,99874,100
2019-06-28 09:42:40.000000000,100029,207,99995,129,100046,304,99970,204,100058,204,99953,204,100059,100,99951,100,100095,100,99936,100,100150,100,99929,100,100165,100,99914,100,100242,100,99894,200,100298,100,99890,100,100315,100,99874,100
2019-06-28 09:42:50.000000000,100029,163,99995,85,100046,263,99970,163,100058,163,99953,163,100059,163,99951,163,100095,163,99936,163,100150,100,99929,100,100165,100,99914,100,100242,100,99894,200,100298,100,99890,100,100315,100,99874,100
2019-06-28 09:43:00.000000000,100029,178,99995,100,100046,278,99970,178,100058,178,99953,178,100059,178,99951,178,100095,100,99936,100,100150,100,99929,100,100165,100,99914,100,100242,100,99894,200,100298,100,99890,100,100315,100,99874,100
2019-06-28 09:43:10.000000000,100029,163,99995,85,100046,263,99970,163,100058,163,99953,163,100059,163,99951,163,100095,163,99936,163,100150,100,99929,100,100165,100,99914,100,100242,100,99894,200,100298,100,99890,100,100315,100,99874,100
2019-06-28 09:43:20.000000000,100029,207,99995,129,100046,304,99970,204,100058,204,99953,204,100059,100,99951,100,100095,100,99936,100,100150,100,99929,100,100165,100,99914,100,100242,100,99894,200,100298,100,99890,100,100315,100,99874,100
2019-06-28 09:43:23.104996104,100029,207,99995,129,100046,304,99970,204,100058,204,99953,204,100059,100,99951,100,100095,100,99936,100,100150,100,99929,100,100165,100,99914,100,100242,100,99894,200,100298,100,99890,100,100315,100,99874,100
2019-06-28 09:43:24.553174902,100029,207,99995,129,100046,304,99970,204,100058,204,99953,204,100059,100,99951,100,100095,100,99936,100,100150,100,99929,100,100165,100,99914,100,100242,100,99894,200,100298,100,99890,100,100315,100,99874,100
2019-06-28 09:43:28.763520217,100029,207,99995,129,100046,304,99970,204,100058,204,99953,204,100059,100,99951,100,100095,100,99936,100,100150,100,99929,100,100165,100,99914,100,100242,100,99894,200,100298,100,99890,100,100315,100,99874,100
2019-06-28 09:43:30.000000000,100029,207,99995,129,100046,304,99970,204,100058,204,99953,204,100059,100,99951,100,100095,100,99936,100,100150,100,99929,100,100165,100,99914,100,100242,100,99894,200,100298,100,99890,100,100315,100,99874,100
2019-06-28 09:43:37.664833699,100029,207,99995,129,100046,404,99970,204,100058,204,99953,204,100059,100,99951,100,100095,100,99936,100,100150,100,99929,100,100165,100,99914,100,100242,100,99894,200,100298,100,99890,100,100315,100,99874,100
2019-06-28 09:43:40.000000000,100029,414,99995,336,100046,300,99970,100,100058,100,99953,100,100059,100,99951,100,100095,100,99936,100,100150,100,99929,100,100165,100,99914,100,100242,100,99894,200,100298,100,99890,100,100315,100,99874,100
2019-06-28 09:43:47.720932958,100029,414,99995,336,100046,400,99970,100,100058,100,99953,100,100059,100,99951,100,100095,100,99936,100,100150,100,99929,100,100165,100,99914,100,100242,100,99894,200,100298,100,99890,100,100315,100,99874,100
2019-06-28 09:43:49.467170724,100029,414,99995,236,100046,400,99970,100,100058,100,99953,100,100059,100,99951,100,100095,100,99936,100,100150,100,99929,100,100165,100,99914,100,100242,100,99894,200,100298,100,99890,100,100315,100,99874,100
2019-06-28 09:43:50.000000000,100029,257,99970,257,100046,557,99953,257,100058,100,99951,100,100059,100,99936,100,100095,100,99929,100,100150,100,99914,100,100165,100,99894,200,100242,100,99890,100,100298,100,99874,100,100315,100,99870,100
2019-06-28 09:44:00.000000000,100029,207,99970,207,100046,504,99953,204,100058,204,99951,204,100059,100,99936,100,100095,100,99929,100,100150,100,99914,100,100165,100,99894,200,100242,100,99890,100,100298,100,99874,100,100315,100,99870,100
2019-06-28 09:44:01.999032151,100028,100,99970,207,100029,207,99953,204,100046,504,99951,204,100058,204,99936,100,100059,100,99929,100,100095,100,99914,100,100150,100,99894,200,100165,100,99890,100,100242,100,99874,100,100298,100,99870,100
2019-06-28 09:44:09.255908987,100028,200,99970,207,100029,207,99953,204,100046,504,99951,204,100058,204,99936,100,100059,100,99929,100,100095,100,99914,100,100150,100,99894,200,100165,100,99890,100,100242,100,99874,100,100298,100,99870,100
2019-06-28 09:44:10.000000000,100028,278,99970,178,100029,178,99953,178,100046,478,99951,178,100058,178,99936,178,100059,100,99929,100,100095,100,99914,100,100150,100,99894,200,100165,100,99890,100,100242,100,99874,100,100298,100,99870,100
2019-06-28 09:44:11.096630553,100028,378,99970,178,100029,178,99953,178,100046,378,99951,178,100058,178,99936,178,100059,100,99929,100,100095,100,99914,100,100150,100,99894,200,100165,100,99890,100,100242,100,99874,100,100298,100,99870,100
2019-06-28 09:44:13.507209734,100028,378,99970,78,100029,178,99953,178,100046,378,99951,178,100058,178,99936,178,100059,100,99929,100,100095,100,99914,100,100150,100,99894,200,100165,100,99890,100,100242,100,99874,100,100298,100,99870,100
2019-06-28 09:44:16.975625707,100028,378,99970,78,100029,178,99953,178,100046,378,99951,178,100058,178,99936,178,100059,100,99929,100,100095,100,99914,100,100150,100,99894,200,100165,100,99890,100,100242,100,99874,100,100298,100,99870,100
2019-06-28 09:44:20.000000000,100028,363,99953,163,100029,163,99951,163,100046,363,99936,163,100058,163,99929,163,100059,163,99914,163,100095,100,99894,200,100150,100,99890,100,100165,100,99874,100,100242,100,99870,100,100298,100,99854,100
2019-06-28 09:44:30.000000000,100028,407,99953,207,100029,204,99951,204,100046,404,99936,204,100058,100,99929,100,100059,100,99914,100,100095,100,99894,200,100150,100,99890,100,100165,100,99874,100,100242,100,99870,100,100298,100,99854,100
2019-06-28 09:44:31.590086541,100028,407,99953,107,100029,204,99951,204,100046,404,99936,204,100058,100,99929,100,100059,100,99914,100,100095,100,99894,200,100150,100,99890,100,100165,100,99874,100,100242,100,99870,100,100298,100,99854,100
2019-06-28 09:44:40.000000000,100028,378,99951,178,100029,178,99936,178,100046,378,99929,178,100058,178,99914,178,100059,100,99894,200,100095,100,99890,100,100150,100,99874,100,100165,100,99870,100,100242,100,99854,100,100298,100,99839,100
2019-06-28 09:44:50.000000000,100028,378,99951,178,100029,178,99936,178,100046,378,99929,178,100058,178,99914,178,100059,100,99894,200,100095,100,99890,100,100150,100,99874,100,100165,100,99870,100,100242,100,99854,100,100298,100,99839,100
2019-06-28 09:45:00.000000000,100028,363,99951,163,100029,163,99936,163,100046,363,99929,163,100058,163,99914,163,100059,163,99894,263,100095,100,99890,100,100150,100,99874,100,100165,100,99870,100,100242,100,99854,100,100298,100,99839,100
2019-06-28 09:45:10.000000000,100028,614,99951,414,100029,100,99936,100,100046,300,99929,100,100058,100,99914,100,100059,100,99894,200,100095,100,99890,100,100150,100,99874,100,100165,100,99870,100,100242,100,99854,100,100298,100,99839,100
2019-06-28 09:45:10.244043437,99970,100,99951,414,100028,614,99936,100,100029,100,99929,100,100046,300,99914,100,100058,100,99894,200,100059,100,99890,100,100095,100,99874,100,100150,100,99870,100,100165,100,99854,100,100242,100,99839,100
2019-06-28 09:45:20.000000000,99970,178,99951,178,100028,378,99936,178,100029,178,99929,178,100046,378,99914,178,100058,100,99894,200,100059,100,99890,100,100095,100,99874,100,100150,100,99870,100,100165,100,99854,100,100242,100,99839,100
2019-06-28 09:45:24.764478047,99970,178,99951,178,100028,378,99936,178,100029,178,99929,178,100046,378,99914,178,100058,100,99894,200,100059,100,99890,100,100095,100,99874,100,100150,100,99870,100,100165,100,99854,100,100242,100,99839,100
2019-06-28 09:45:30.000000000,99970,257,99951,257,100028,457,99936,257,100029,100,99929,100,100046,300,99914,100,100058,100,99894,200,100059,100,99890,100,100095,100,99874,100,100150,100,99870,100,100165,100,99854,100,100242,100,99839,100
2019-06-28 09:45:40.000000000,99970,207,99951,207,100028,404,99936,204,100029,204,99929,204,100046,300,99914,100,100058,100,99894,200,100059,100,99890,100,100095,100,99874,100,100150,100,99870,100,100165,100,99854,100,100242,100,99839,100
2019-06-28 09:45:50.000000000,99970,178,99951,178,100028,378,99936,178,100029,178,99929,178,100046,378,99914,178,100058,100,99894,200,100059,100,99890,100,100095,100,99874,100,100150,100,99870,100,100165,100,99854,100,100242,100,99839,100
2019-06-28 09:45:51.671544257,99970,278,99951,178,100028,378,99936,178,100029,178,99929,178,100046,278,99914,178,100058,100,99894,200,100059,100,99890,100,100095,100,99874,100,100150,100,99870,100,100165,100,99854,100,100242,100,99839,100
2019-06-28 09:46:00.000000000,99970,263,99951,163,100028,363,99936,163,100029,163,99929,163,100046,263,99914,163,100058,163,99894,263,100059,100,99890,100,100095,100,99874,100,100150,100,99870,100,100165,100,99854,100,100242,100,99839,100
2019-06-28 09:46:00.708518439,99970,263,99951,163,100028,363,99936,163,100029,163,99929,163,100046,163,99914,163,100058,163,99894,263,100059,100,99890,100,100095,100,99874,100,100150,100,99870,100,100165,100,99854,100,100242,100,99839,100
2019-06-28 09:46:10.000000000,99970,307,99951,207,100028,404,99936,204,100029,204,99929,204,100046,100,99914,100,100058,100,99894,200,100059,100,99890,100,100095,100,99874,100,100150,100,99870,100,100165,100,99854,100,100242,100,99839,100
2019-06-28 09:46:20.000000000,99970,514,99951,414,100028,300,99936,100,100029,100,99929,100,100046,100,99914,100,100058,100,99894,200,100059,100,99890,100,100095,100,99874,100,100150,100,99870,100,100165,100,99854,100,100242,100,99839,100
2019-06-28 09:46:21.998570118,99970,514,99951,314,100028,300,99936,100,100029,100,99929,100,100046,100,99914,100,100058,100,99894,200,100059,100,99890,100,100095,100,99874,100,100150,100,99870,100,100165,100,99854,100,100242,100,99839,100
2019-06-28 09:46:30.000000000,99970,357,99936,257,100028,457,99929,257,100029,100,99914,100,100046,100,99894,200,100058,100,99890,100,100059,100,99874,100,100095,100,99870,100,100150,100,99854,100,100165,100,99839,100,100242,100,99814,100
2019-06-28 09:46:40.000000000,99970,307,99936,207,100028,404,99929,204,100029,204,99914,204,100046,100,99894,200,100058,100,99890,100,100059,100,99874,100,100095,100,99870,100,100150,100,99854,100,100165,100,99839,100,100242,100,99814,100
2019-06-28 09:46:50.000000000,99970,263,99936,163,100028,363,99929,163,100029,163,99914,163,100046,163,99894,263,100058,163,99890,163,100059,100,99874,100,100095,100,99870,100,100150,100,99854,100,100165,100,99839,100,100242,100,99814,100
2019-06-28 09:46:54.582199104,99953,100,99936,163,99970,263,99929,163,100028,363,99914,163,100029,163,99894,263,100046,163,99890,163,100058,163,99874,100,100059,100,99870,100,100095,100,99854,100,100150,100,99839,100,100165,100,99814,100
2019-06-28 09:47:00.000000000,99953,163,99936,163,99970,263,99929,163,100028,363,99914,163,100029,163,99894,263,100046,163,99890,163,100058,100,99874,100,100059,100,99870,100,100095,100,99854,100,100150,100,99839,100,100165,100,99814,100
2019-06-28 09:47:10.000000000,99953,257,99936,257,99970,357,99929,257,100028,300,99914,100,100029,100,99894,200,100046,100,99890,100,100058,100,99874,100,100059,100,99870,100,100095,100,99854,100,100150,100,99839,100,100165,100,99814,100
2019-06-28 09:47:11.984325524,99953,257,99936,157,99970,357,99929,257,100028,300,99914,100,100029,100,99894,200,100046,100,99890,100,100058,100,99874,100,100059,100,99870,100,100095,100,99854,100,100150,100,99839,100,100242,100,99814,100
2019-06-28 09:47:15.470285151,99953,257,99936,157,99970,357,99929,257,100028,300,99914,100,100029,100,99894,200,100046,100,99890,100,100058,100,99874,100,100059,100,99870,100,100095,100,99854,100,100150,100,99839,100,100242,100,99814,100
2019-06-28 09:47:20.000000000,99953,178,99929,178,99970,278,99914,178,100028,378,99894,278,100029,178,99890,178,100046,100,99874,100,100058,100,99870,100,100059,100,99854,100,100095,100,99839,100,100150,100,99814,100,100242,100,99789,100
2019-06-28 09:47:30.000000000,99953,178,99929,178,99970,278,99914,178,100028,378,99894,278,100029,178,99890,178,100046,100,99874,100,100058,100,99870,100,100059,100,99854,100,100095,100,99839,100,100150,100,99814,100,100242,100,99789,100
2019-06-28 09:47:40.000000000,99953,257,99929,257,99970,357,99914,257,100028,300,99894,200,100029,100,99890,100,100046,100,99874,100,100058,100,99870,100,100059,100,99854,100,100095,100,99839,100,100150,100,99814,100,100242,100,99789,100
2019-06-28 09:47:50.000000000,99953,207,99929,207,99970,304,99914,204,100028,404,99894,304,100029,100,99890,100,100046,100,99874,100,100058,100,99870,100,100059,100,99854,100,100095,100,99839,100,100150,100,99814,100,100242,100,99789,100
2019-06-28 09:47:58.177094379,99953,207,99929,107,99970,304,99914,204,100028,404,99894,304,100029,100,99890,100,100046,100,99874,100,100058,100,99870,100,100059,100,99854,100,100095,100,99839,100,100150,100,99814,100,100242,100,99789,100
2019-06-28 09:48:00.000000000,99953,257,99914,257,99970,357,99894,357,100028,300,99890,100,100029,100,99874,100,100046,100,99870,100,100058,100,99854,100,100059,100,99839,100,100095,100,99814,100,100150,100,99789,100,100242,100,99686,100
2019-06-28 09:48:10.000000000,99953,207,99914,207,99970,304,99894,304,100028,404,99890,204,100029,100,99874,100,100046,100,99870,100,100058,100,99854,100,100059,100,99839,100,100095,100,99814,100,100150,100,99789,100,100242,100,99686,100
2019-06-28 09:48:13.188733271,99936,100,99914,207,99953,207,99894,304,99970,204,99890,204,100028,404,99874,100,100029,100,99870,100,100046,100,99854,100,100058,100,99839,100,100059,100,99814,100,100095,100,99789,100,100150,100,99686,100
2019-06-28 09:48:20.000000000,99936,207,99914,207,99953,204,99894,304,99970,204,99890,204,100028,300,99874,100,100029,100,99870,100,100046,100,99854,100,100058,100,99839,100,100059,100,99814,100,100095,100,99789,100,100150,100,99686,100
2019-06-28 09:48:30.000000000,99936,207,99914,207,99953,204,99894,304,99970,204,99890,204,100028,300,99874,100,100029,100,99870,100,100046,100,99854,100,100058,100,99839,100,100059,100,99814,100,100095,100,99789,100,100150,100,99686,100
2019-06-28 09:48:40.000000000,99936,414,99914,414,99953,100,99894,200,99970,100,99890,100,100028,300,99874,100,100029,100,99870,100,100046,100,99854,100,100058,100,99839,100,100059,100,99814,100,100095,100,99789,100,100150,100,99686,100
2019-06-28 09:48:42.203632997,99936,514,99914,314,99953,100,99894,200,99970,100,99890,100,100028,300,99874,100,100029,100,99870,100,100046,100,99854,100,100058,100,99839,100,100059,100,99814,100,100095,100,99789,100,100150,100,99686,100
2019-06-28 09:48:50.000000000,99936,357,99894,357,99953,257,99890,257,99970,100,99874,100,100028,300,99870,100,100029,100,99854,100,100046,100,99839,100,100058,100,99814,100,100059,100,99789,100,100095,100,99686,100,100150,100,99585,100
2019-06-28 09:48:52.452857974,99936,357,99894,357,99953,257,99890,257,99970,100,99874,100,100028,300,99870,100,100029,100,99854,100,100046,100,99839,100,100058,100,99814,100,100059,100,99789,100,100095,100,99686,100,100150,100,99585,100
2019-06-28 09:49:00.000000000,99936,514,99894,514,99953,100,99890,100,99970,100,99874,100,100028,300,99870,100,100029,100,99854,100,100046,100,99839,100,100058,100,99814,100,100059,100,99789,100,100095,100,99686,100,100150,100,99585,100
2019-06-28 09:49:10.000000000,99936,278,99894,278,99953,178,99890,178,99970,178,99874,178,100028,378,99870,178,100029,100,99854,100,100046,100,99839,100,100058,100,99814,100,100059,100,99789,100,100095,100,99686,100,100150,100,99585,100
2019-06-28 09:49:14.926212595,99936,278,99894,178,99953,178,99890,178,99970,178,99874,178,100028,378,99870,178,100029,100,99854,100,100046,100,99839,100,100058,100,99814,100,100059,100,99789,100,100095,100,99686,100,100150,100,99585,100
2019-06-28 09:49:20.000000000,99936,263,99894,163,99953,163,99890,163,99970,163,99874,163,100028,363,99870,163,100029,163,99854,163,100046,100,99839,100,100058,100,99814,100,100059,100,99789,100,100095,100,99686,100,100150,100,99585,100
2019-06-28 09:49:23.872368209,99929,100,99894,163,99936,263,99890,163,99953,163,99874,163,99970,163,99870,163,100028,363,99854,163,100029,163,99839,100,100046,100,99814,100,100058,100,99789,100,100059,100,99686,100,100095,100,99585,100
2019-06-28 09:49:30.000000000,99929,163,99894,163,99936,263,99890,163,99953,163,99874,163,99970,163,99870,163,100028,363,99854,163,100029,100,99839,100,100046,100,99814,100,100058,100,99789,100,100059,100,99686,100,100095,100,99585,100
2019-06-28 09:49:32.242176415,99929,263,99894,163,99936,263,99890,163,99953,63,99874,163,99970,163,99870,163,100028,363,99854,163,100029,100,99839,100,100046,100,99814,100,100058,100,99789,100,100059,100,99686,100,100095,100,99585,100
2019-06-28 09:49:39.416405134,99929,363,99894,163,99936,263,99890,163,99953,63,99874,163,99970,163,99870,163,100028,363,99854,163,100029,100,99839,100,100046,100,99814,100,100058,100,99789,100,100059,100,99686,100,100095,100,99585,100
2019-06-28 09:49:40.000000000,99929,457,99894,257,99936,357,99890,257,99970,100,99874,100,100028,300,99870,100,100029,100,99854,100,100046,100,99839,100,100058,100,99814,100,100059,100,99789,100,100095,100,99686,100,100150,100,99585,100
2019-06-28 09:49:50.000000000,99929,457,99894,257,99936,357,99890,257,99970,100,99874,100,100028,300,99870,100,100029,100,99854,100,100046,100,99839,100,100058,100,99814,100,100059,100,99789,100,100095,100,99686,100,100150,100,99585,100
2019-06-28 09:50:00.000000000,99929,614,99894,414,99936,200,99890,100,99970,100,99874,100,100028,300,99870,100,100029,100,99854,100,100046,100,99839,100,100058,100,99814,100,100059,100,99789,100,100095,100,99686,100,100150,100,99585,100
2019-06-28 09:50:05.224379427,99929,614,99894,414,99936,200,99890,100,99970,100,99874,100,100028,300,99870,100,100029,100,99854,100,100046,100,99839,100,100058,100,99814,100,100059,100,99789,100,100095,100,99686,100,100150,100,99585,100
2019-06-28 09:50:06.023780156,99929,614,99894,314,99936,200,99890,100,99970,100,99874,100,100028,300,99870,100,100029,100,99854,100,100046,100,99839,100,100058,100,99814,100,100059,100,99789,100,100095,100,99686,100,100150,100,99585,100
2019-06-28 09:50:10.000000000,99929,614,99890,414,99936,200,99874,100,99970,100,99870,100,100028,300,99854,100,100029,100,99839,100,100046,100,99814,100,100058,100,99789,100,100059,100,99686,100,100095,100,99585,100,100150,100,99580,100
2019-06-28 09:50:20.000000000,99929,363,99890,163,99936,263,99874,163,99970,163,99870,163,100028,363,99854,163,100029,163,99839,163,100046,100,99814,100,100058,100,99789,100,100059,100,99686,100,100095,100,99585,100,100150,100,99580,100
2019-06-28 09:50:23.171772106,99929,363,99890,63,99936,263,99874,163,99970,163,99870,163,100028,363,99854,163,100029,163,99839,163,100046,100,99814,100,100058,100,99789,100,100059,100,99686,100,100095,100,99585,100,100150,100,99580,100
2019-06-28 09:50:24.672928572,99929,363,99890,63,99936,263,99874,163,99970,163,99870,163,100028,363,99854,163,100029,163,99839,163,100046,100,99814,100,100058,100,99789,100,100059,100,99686,100,100095,100,99585,100,100150,100,99580,100
2019-06-28 09:50:28.723431949,99890,37,99874,163,99929,363,99870,163,99936,263,99854,163,99970,163,99839,163,100028,363,99814,100,100029,163,99789,100,100046,100,99686,100,100058,100,99585,100,100059,100,99580,100,100095,100,99501,100
2019-06-28 09:50:30.000000000,99890,144,99874,207,99929,404,99870,204,99936,304,99854,204,99970,100,99839,100,100028,300,99814,100,100029,100,99789,100,100046,100,99686,100,100058,100,99585,100,100059,100,99580,100,100095,100,99501,100
2019-06-28 09:50:34.466508685,99890,144,99874,107,99929,404,99870,204,99936,304,99854,204,99970,100,99839,100,100028,300,99814,100,100029,100,99789,100,100046,100,99585,100,100058,100,99580,100,100059,100,99501,100,100095,100,99475,100
2019-06-28 09:50:40.000000000,99890,351,99870,414,99929,300,99854,100,99936,200,99839,100,99970,100,99814,100,100028,300,99789,100,100029,100,99585,100,100046,100,99580,100,100058,100,99501,100,100059,100,99475,100,100095,100,99456,100
2019-06-28 09:50:50.000000000,99890,194,99870,257,99929,457,99854,257,99936,200,99839,100,99970,100,99814,100,100028,300,99789,100,100029,100,99585,100,100046,100,99580,100,100058,100,99501,100,100059,100,99475,100,100095,100,99456,100
2019-06-28 09:51:00.000000000,99890,100,99870,163,99929,363,99854,163,99936,263,99839,163,99970,163,99814,163,100028,363,99789,163,100029,100,99585,100,100046,100,99580,100,100058,100,99501,100,100059,100,99475,100,100095,100,99456,100
2019-06-28 09:51:10.000000000,99890,100,99870,163,99929,363,99854,163,99936,263,99839,163,99970,163,99814,163,100028,363,99789,163,100029,100,99585,100,100046,100,99580,100,100058,100,99501,100,100059,100,99475,100,100095,100,99456,100
2019-06-28 09:51:20.000000000,99890,100,99870,163,99929,363,99854,163,99936,263,99839,163,99970,163,99814,163,100028,363,99789,163,100029,100,99585,100,100046,100,99580,100,100058,100,99501,100,100059,100,99475,100,100095,100,99456,100
2019-06-28 09:51:30.000000000,99890,194,99870,257,99929,457,99854,257,99936,200,99839,100,99970,100,99814,100,100028,300,99789,100,100029,100,99585,100,100046,100,99580,100,100058,100,99501,100,100059,100,99475,100,100095,100,99456,100
2019-06-28 09:51:40.000000000,99890,100,99870,163,99929,363,99854,163,99936,263,99839,163,99970,163,99814,163,100028,363,99789,163,100029,100,99585,100,100046,100,99580,100,100058,100,99501,100,100059,100,99475,100,100095,100,99456,100
2019-06-28 09:51:45.258197313,99889,100,99870,163,99890,100,99854,163,99929,363,99839,163,99936,263,99814,163,99970,163,99789,163,100028,363,99585,100,100029,100,99580,100,100046,100,99501,100,100058,100,99475,100,100059,100,99456,100
2019-06-28 09:51:50.000000000,99889,414,99870,414,99890,37,99854,100,99929,300,99839,100,99936,200,99814,100,99970,100,99789,100,100028,300,99585,100,100029,100,99580,100,100046,100,99501,100,100058,100,99475,100,100059,100,99456,100
2019-06-28 09:51:59.609408081,99889,414,99870,414,99890,37,99854,100,99929,300,99839,100,99936,200,99814,100,99970,100,99789,100,100028,300,99585,100,100029,100,99580,100,100046,100,99501,100,100058,100,99475,100,100059,100,99456,100
2019-06-28 09:52:00.000000000,99889,414,99870,414,99890,37,99854,100,99929,300,99839,100,99936,200,99814,100,99970,100,99789,100,100028,300,99585,100,100029,100,99580,100,100046,100,99501,100,100058,100,99475,100,100059,100,99456,100
2019-06-28 09:52:01.418751226,99889,414,99870,414,99890,37,99854,100,99929,300,99839,100,99936,200,99814,100,99970,100,99789,100,100028,300,99585,100,100029,100,99580,100,100046,100,99501,100,100058,100,99475,100,100059,100,99456,100
2019-06-28 09:52:10.000000000,99889,207,99870,207,99890,141,99854,204,99929,404,99839,204,99936,200,99814,100,99970,100,99789,100,100028,300,99585,100,100029,100,99580,100,100046,100,99501,100,100058,100,99475,100,100059,100,99456,100
2019-06-28 09:52:20.000000000,99889,207,99870,207,99890,141,99854,204,99929,404,99839,204,99936,200,99814,100,99970,100,99789,100,100028,300,99585,100,100029,100,99580,100,100046,100,99501,100,100058,100,99475,100,100059,100,99456,100
2019-06-28 09:52:30.000000000,99889,414,99870,414,99890,37,99854,100,99929,300,99839,100,99936,200,99814,100,99970,100,99789,100,100028,300,99585,100,100029,100,99580,100,100046,100,99501,100,100058,100,99475,100,100059,100,99456,100
2019-06-28 09:52:38.355811232,99889,414,99870,314,99890,37,99854,100,99929,300,99839,100,99936,200,99814,100,99970,100,99585,100,100028,300,99580,100,100029,100,99501,100,100046,100,99475,100,100058,100,99456,100,100059,100,99389,100
2019-06-28 09:52:40.000000000,99889,178,99854,178,99890,115,99839,178,99929,378,99814,178,99936,278,99585,178,99970,100,99580,100,100028,300,99501,100,100029,100,99475,100,100046,100,99456,100,100058,100,99389,100,100059,100,98595,100
2019-06-28 09:52:45.114016288,99874,100,99854,178,99889,178,99839,178,99890,115,99814,178,99929,378,99585,178,99936,278,99580,100,99970,100,99501,100,100028,300,99475,100,100029,100,99456,100,100046,100,99389,100,100058,100,98595,100
2019-06-28 09:52:48.744966193,99874,100,99854,78,99889,178,99839,178,99890,115,99814,178,99929,378,99585,178,99936,278,99580,100,99970,100,99501,100,100028,300,99475,100,100029,100,99456,100,100046,100,99389,100,100058,100,98595,100
2019-06-28 09:52:50.000000000,99874,163,99839,163,99889,163,99814,163,99890,100,99585,163,99929,363,99580,163,99936,263,99501,163,99970,100,99475,100,100028,300,99456,100,100029,100,99389,100,100046,100,98595,100,100058,100,98394,100
2019-06-28 09:52:53.654944218,99874,163,99839,63,99889,163,99814,163,99890,100,99585,63,99929,363,99580,163,99936,263,99501,163,99970,100,99475,100,100028,300,99456,100,100029,100,99389,100,100046,100,98595,100,100058,100,98394,100
2019-06-28 09:52:58.903499079,99874,163,99839,63,99889,163,99814,163,99890,100,99585,63,99929,363,99580,163,99936,263,99501,163,99970,100,99475,100,100028,300,99456,100,100029,100,99389,100,100046,100,98394,100,100058,100,98310,100
2019-06-28 09:53:00.000000000,99874,207,99814,207,99889,204,99580,204,99890,141,99501,204,99929,300,99475,100,99936,200,99456,100,99970,100,99389,100,100028,300,98394,100,100029,100,98310,100,100046,100,98234,100,100058,100,97803,100
2019-06-28 09:53:02.128135192,99854,100,99814,207,99874,207,99580,204,99889,104,99501,204,99890,141,99475,100,99929,300,99456,100,99936,200,99389,100,99970,100,98394,100,100028,300,98310,100,100029,100,98234,100,100046,100,97803,100
2019-06-28 09:53:10.000000000,99854,207,99814,207,99874,204,99580,204,99890,141,99501,204,99929,300,99475,100,99936,200,99456,100,99970,100,99389,100,100028,300,98394,100,100029,100,98310,100,100046,100,98234,100,100058,100,97803,100
2019-06-28 09:53:16.229192794,99854,207,99814,107,99874,204,99580,204,99890,141,99501,204,99929,300,99475,100,99936,200,99456,100,99970,100,99389,100,100028,300,98394,100,100029,100,98310,100,100046,100,98234,100,100058,100,97803,100
2019-06-28 09:53:20.000000000,99854,207,99580,207,99874,204,99501,204,99890,141,99475,204,99929,300,99456,100,99936,200,99389,100,99970,100,98394,100,100028,300,98310,100,100029,100,98234,100,100046,100,97803,100,100058,100,,
2019-06-28 09:53:20.618269443,99854,207,99580,207,99874,204,99501,204,99890,141,99475,204,99929,300,99456,100,99936,200,99389,100,99970,100,98394,100,100028,300,98310,100,100029,100,98234,100,100046,100,97947,100,100058,100,,
2019-06-28 09:53:28.803493383,99854,207,99580,207,99874,204,99501,204,99890,141,99475,204,99929,200,99456,100,99936,200,99389,100,99970,100,98394,100,100028,300,98310,100,100029,100,98234,100,100046,100,97947,100,100058,100,,
2019-06-28 09:53:30.000000000,99854,163,99580,163,99874,163,99501,163,99890,100,99475,163,99929,263,99456,163,99936,263,99389,163,99970,100,98394,100,100028,300,98310,100,100029,100,98234,100,100046,100,97947,100,100058,100,,
2019-06-28 09:53:34.205268865,99854,163,99580,163,99874,163,99501,163,99890,100,99475,163,99929,263,99456,63,99936,263,99389,163,99970,100,98394,100,100028,300,98310,100,100029,100,98234,100,100046,100,98098,100,100058,100,97947,100
2019-06-28 09:53:40.000000000,99854,414,99580,414,99874,100,99501,100,99890,37,99475,100,99929,200,99389,100,99936,200,98394,100,99970,100,98310,100,100028,300,98234,100,100029,100,98098,100,100046,100,97947,100,100058,100,,
2019-06-28 09:53:50.000000000,99854,207,99580,207,99874,204,99501,204,99890,141,99475,204,99929,200,99389,100,99936,200,98394,100,99970,100,98310,100,100028,300,98234,100,100029,100,98098,100,100046,100,97947,100,100058,100,,
2019-06-28 09:54:00.000000000,99854,414,99580,414,99874,100,99501,100,99890,37,99475,100,99929,200,99389,100,99936,200,98394,100,99970,100,98310,100,100028,300,98234,100,100029,100,98098,100,100046,100,97947,100,100058,100,,
2019-06-28 09:54:10.000000000,99854,163,99580,163,99874,163,99501,163,99890,100,99475,163,99929,263,99389,163,99936,263,98394,163,99970,100,98310,100,100028,300,98234,100,100029,100,98098,100,100046,100,97947,100,100058,100,,
2019-06-28 09:54:20.000000000,99854,207,99580,207,99874,204,99501,204,99890,141,99475,204,99929,200,99389,100,99936,200,98394,100,99970,100,98310,100,100028,300,98234,100,100029,100,98098,100,100046,100,97947,100,100058,100,,
2019-06-28 09:54:30.000000000,99854,178,99580,178,99874,178,99501,178,99890,115,99475,178,99929,278,99389,178,99936,200,98394,100,99970,100,98310,100,100028,300,98234,100,100029,100,98098,100,100046,100,97947,100,100058,100,,
2019-06-28 09:54:37.323339845,99854,178,99580,178,99874,178,99501,178,99890,115,99475,178,99929,278,99389,178,99936,200,98394,100,99970,100,98385,100,100028,300,98310,100,100029,100,98234,100,100046,100,98098,100,100059,100,97947,100
2019-06-28 09:54:37.427987066,99854,178,99580,78,99874,178,99501,178,99890,115,99475,178,99929,278,99389,178,99936,200,98394,100,99970,100,98385,100,100028,300,98310,100,100029,100,98234,100,100046,100,98098,100,100059,100,97947,100
2019-06-28 09:54:40.000000000,99854,178,99501,178,99874,178,99475,178,99890,115,99389,178,99929,278,98394,178,99936,200,98385,100,99970,100,98310,100,100028,300,98234,100,100029,100,98098,100,100046,100,97947,100,100059,100,,
2019-06-28 09:54:50.000000000,99854,257,99501,257,99874,257,99475,257,99890,37,99389,100,99929,200,98394,100,99936,200,98385,100,99970,100,98310,100,100028,300,98234,100,100029,100,98098,100,100046,100,97947,100,100059,100,,
2019-06-28 09:54:58.897758078,99814,100,99501,257,99854,257,99475,257,99874,257,99389,100,99890,37,98394,100,99929,200,98385,100,99936,200,98310,100,99970,100,98234,100,100028,300,98098,100,100029,100,97947,100,100046,100,,
2019-06-28 09:55:00.000000000,99814,163,99501,163,99854,163,99475,163,99874,163,99389,163,99890,100,98394,163,99929,263,98385,163,99936,200,98310,100,99970,100,98234,100,100028,300,98098,100,100029,100,97947,100,100046,100,,
2019-06-28 09:55:10.000000000,99814,207,99501,207,99854,204,99475,204,99874,204,99389,204,99890,37,98394,100,99929,200,98385,100,99936,200,98310,100,99970,100,98234,100,100028,300,98098,100,100029,100,97947,100,100046,100,,
2019-06-28 09:55:20.000000000,99814,207,99501,207,99854,204,99475,204,99874,204,99389,204,99890,37,98394,100,99929,200,98385,100,99936,200,98310,100,99970,100,98234,100,100028,300,98098,100,100029,100,97947,100,100046,100,,
2019-06-28 09:55:21.616321230,99814,307,99501,207,99854,204,99475,204,99874,204,99389,204,99890,37,98394,100,99929,200,98385,100,99936,200,98310,100,99970,100,98234,100,100028,300,98098,100,100029,100,97947,100,100046,100,,
2019-06-28 09:55:30.000000000,99814,357,99501,257,99854,257,99475,257,99874,100,99389,100,99890,37,98394,100,99929,200,98385,100,99936,200,98310,100,99970,100,98234,100,100028,300,98098,100,100029,100,97947,100,100046,100,,
2019-06-28 09:55:40.000000000,99814,278,99501,178,99854,178,99475,178,99874,178,99389,178,99890,115,98394,178,99929,200,98385,100,99936,200,98310,100,99970,100,98234,100,100028,300,98098,100,100029,100,97947,100,100046,100,,
2019-06-28 09:55:45.420069006,99814,278,99501,178,99854,178,99475,178,99874,178,99389,178,99890,115,98394,178,99929,200,98385,100,99936,200,98310,100,99970,100,98267,100,100028,300,98234,100,100029,100,98098,100,100046,100,97947,100
2019-06-28 09:55:50.000000000,99814,278,99501,178,99854,178,99475,178,99874,178,99389,178,99890,115,98394,178,99929,200,98385,100,99936,200,98310,100,99970,100,98267,100,100028,300,98234,100,100029,100,98098,100,100046,100,97947,100
2019-06-28 09:55:56.753294919,99814,278,99501,178,99854,178,99475,178,99874,178,99389,178,99890,115,98498,100,99929,200,98394,178,99936,200,98385,100,99970,100,98310,100,100028,300,98267,100,100029,100,98234,100,100046,100,98098,100
2019-06-28 09:56:00.000000000,99814,307,99501,207,99854,204,99475,204,99874,204,99389,204,99890,37,98498,100,99929,200,98394,100,99936,200,98385,100,99970,100,98310,100,100028,300,98267,100,100029,100,98234,100,100046,100,98098,100
2019-06-28 09:56:01.915122281,99814,307,99501,207,99854,204,99475,204,99874,204,99389,204,99890,37,98498,100,99929,200,98394,100,99936,200,98385,100,99970,100,98368,100,100028,300,98310,100,100029,100,98267,100,100046,100,98234,100
2019-06-28 09:56:10.000000000,99814,307,99501,207,99854,204,99475,204,99874,204,99389,204,99890,37,98498,100,99929,200,98394,100,99936,200,98385,100,99970,100,98368,100,100028,300,98310,100,100029,100,98267,100,100046,100,98234,100
2019-06-28 09:56:20.000000000,99814,263,99501,163,99854,163,99475,163,99874,163,99389,163,99890,100,98498,163,99929,263,98394,163,99936,200,98385,100,99970,100,98368,100,100028,300,98310,100,100029,100,98267,100,100046,100,98234,100
2019-06-28 09:56:30.000000000,99814,278,99501,178,99854,178,99475,178,99874,178,99389,178,99890,115,98498,178,99929,200,98394,100,99936,200,98385,100,99970,100,98368,100,100028,300,98310,100,100029,100,98267,100,100046,100,98234,100
2019-06-28 09:56:40.000000000,99814,514,99501,414,99854,100,99475,100,99874,100,99389,100,99890,37,98498,100,99929,200,98394,100,99936,200,98385,100,99970,100,98368,100,100028,300,98310,100,100029,100,98267,100,100046,100,98234,100
2019-06-28 09:56:43.453269364,99814,514,99501,314,99854,100,99475,100,99874,100,99389,100,99890,37,98498,100,99929,200,98394,100,99936,200,98385,100,99970,100,98368,100,100028,300,98310,100,100029,100,98267,100,100046,100,98234,100
2019-06-28 09:56:47.449990405,99814,514,99501,314,99854,100,99475,100,99874,100,99389,100,99890,37,98498,100,99929,200,98394,100,99936,200,98385,100,99970,100,98368,100,100028,300,98310,100,100029,100,98267,100,100046,100,98234,100
2019-06-28 09:56:49.203101721,99814,514,99501,214,99854,100,99475,100,99874,100,99389,100,99890,37,98498,100,99929,200,98385,100,99936,200,98368,100,99970,100,98310,100,100028,300,98267,100,100029,100,98234,100,100046,100,98141,100
2019-06-28 09:56:50.000000000,99814,357,99475,257,99854,257,99389,257,99874,100,98498,100,99890,37,98385,100,99929,200,98368,100,99936,200,98310,100,99970,100,98267,100,100028,300,98234,100,100029,100,98141,100,100046,100,98098,100
2019-06-28 09:56:50.035714456,99814,357,99475,157,99854,257,99389,257,99874,100,98498,100,99890,37,98385,100,99929,200,98368,100,99936,200,98310,100,99970,100,98267,100,100028,300,98234,100,100029,100,98141,100,100046,100,98098,100
2019-06-28 09:56:51.484161842,99501,100,99475,157,99814,357,99389,257,99854,257,98498,100,99874,100,98385,100,99890,37,98368,100,99929,200,98310,100,99936,200,98267,100,99970,100,98234,100,100028,300,98141,100,100029,100,98098,100
2019-06-28 09:56:58.271555708,99501,100,99475,57,99814,357,99389,257,99854,257,98498,100,99874,100,98385,100,99890,37,98368,100,99929,200,98310,100,99936,200,98267,100,99970,100,98234,100,100028,300,98141,100,100029,100,98098,100
2019-06-28 09:57:00.000000000,99501,163,99389,163,99814,263,98498,163,99854,163,98385,163,99874,163,98368,163,99890,100,98310,163,99929,200,98267,100,99936,200,98234,100,99970,100,98141,100,100028,300,98098,100,100029,100,97947,100
2019-06-28 09:57:10.000000000,99501,178,99389,178,99814,278,98498,178,99854,178,98385,178,99874,178,98368,178,99890,37,98310,100,99929,200,98267,100,99936,200,98234,100,99970,100,98141,100,100028,300,98098,100,100029,100,97947,100
2019-06-28 09:57:15.807738870,99501,178,99389,178,99814,278,98498,178,99854,178,98385,178,99874,178,98380,100,99890,37,98368,178,99929,200,98310,100,99936,200,98267,100,99970,100,98234,100,100028,300,98141,100,100029,100,98098,100
2019-06-28 09:57:20.000000000,99501,414,99389,414,99814,200,98498,100,99854,100,98385,100,99874,100,98380,100,99890,37,98368,100,99929,200,98310,100,99936,200,98267,100,99970,100,98234,100,100028,300,98141,100,100029,100,98098,100
2019-06-28 09:57:21.895664488,99501,414,99389,314,99814,200,98498,100,99854,100,98385,100,99874,100,98380,100,99890,37,98368,100,99929,200,98310,100,99936,200,98267,100,99970,100,98234,100,100028,300,98141,100,100029,100,98098,100
2019-06-28 09:57:30.000000000,99501,163,98498,163,99814,263,98385,163,99854,163,98380,163,99874,163,98368,163,99890,100,98310,163,99929,200,98267,100,99936,200,98234,100,99970,100,98141,100,100028,300,98098,100,100029,100,97947,100
2019-06-28 09:57:35.680966530,99475,100,98498,163,99501,163,98385,163,99814,263,98380,163,99854,163,98368,163,99874,163,98310,163,99890,100,98267,100,99929,100,98234,100,99936,200,98141,100,99970,100,98098,100,100028,300,97947,100
2019-06-28 09:57:40.000000000,99475,207,98498,207,99501,204,98385,204,99814,304,98380,204,99854,100,98368,100,99874,100,98310,100,99890,37,98267,100,99929,100,98234,100,99936,200,98141,100,99970,100,98098,100,100028,300,97947,100
2019-06-28 09:57:50.000000000,99475,257,98498,257,99501,257,98385,257,99814,200,98380,100,99854,100,98368,100,99874,100,98310,100,99890,37,98267,100,99929,100,98234,100,99936,200,98141,100,99970,100,98098,100,100028,300,97947,100
2019-06-28 09:57:53.197758160,99475,257,98498,157,99501,257,98385,257,99814,200,98380,100,99854,100,98368,100,99874,100,98310,100,99890,37,98267,100,99929,100,98234,100,99936,200,98141,100,99970,100,98098,100,100028,300,97947,100
2019-06-28 09:58:00.000000000,99475,414,98385,414,99501,100,98380,100,99814,200,98368,100,99854,100,98310,100,99874,100,98267,100,99890,37,98234,100,99929,100,98141,100,99936,200,98098,100,99970,100,97947,100,100028,300,,
2019-06-28 09:58:02.744646983,99475,414,98385,414,99501,100,98380,100,99814,100,98368,100,99854,100,98310,100,99874,100,98267,100,99890,37,98234,100,99929,100,98141,100,99936,200,98098,100,99970,100,97947,100,100028,300,,
2019-06-28 09:58:08.186629620,99389,100,98385,414,99475,414,98380,100,99501,100,98368,100,99814,100,98310,100,99854,100,98267,100,99874,100,98234,100,99890,37,98141,100,99929,100,98098,100,99936,200,97947,100,99970,100,,
2019-06-28 09:58:10.000000000,99389,178,98385,178,99475,178,98380,178,99501,178,98368,178,99814,178,98310,178,99854,100,98267,100,99874,100,98234,100,99890,37,98141,100,99929,100,98098,100,99936,200,97947,100,99970,100,,
2019-06-28 09:58:10.463879520,98551,100,98385,178,99389,178,98380,178,99475,178,98368,178,99501,178,98310,178,99814,178,98267,100,99854,100,98234,100,99874,100,98141,100,99890,37,98098,100,99929,100,,,99936,200,,
2019-06-28 09:58:20.000000000,98551,414,98385,414,99389,100,98380,100,99475,100,98368,100,99501,100,98310,100,99814,100,98267,100,99854,100,98234,100,99874,100,98141,100,99890,37,98098,100,99929,100,,,99936,200,,
2019-06-28 09:58:26.997699734,98551,414,98385,414,99389,100,98380,100,99475,100,98368,100,99501,100,98317,100,99814,100,98310,100,99854,100,98267,100,99874,100,98234,100,99890,37,98141,100,99929,100,98098,100,99936,200,,
2019-06-28 09:58:30.000000000,98551,207,98385,207,99389,204,98380,204,99475,204,98368,204,99501,100,98317,100,99814,100,98310,100,99854,100,98267,100,99874,100,98234,100,99890,37,98141,100,99929,100,98098,100,99936,200,,
2019-06-28 09:58:33.195661025,98551,107,98385,207,99389,204,98380,204,99475,204,98368,204,99501,100,98317,100,99814,100,98310,100,99854,100,98267,100,99874,100,98234,100,99890,37,98141,100,99929,100,98098,100,99936,200,,
2019-06-28 09:58:40.000000000,99389,414,98385,414,99475,100,98380,100,99501,100,98368,100,99814,100,98317,100,99854,100,98310,100,99874,100,98267,100,99890,37,98234,100,99929,100,98141,100,99936,200,98098,100,99970,100,,
2019-06-28 09:58:40.106398685,99389,414,98678,100,99475,100,98385,414,99501,100,98380,100,99814,100,98368,100,99854,100,98317,100,99874,100,98310,100,99890,37,98267,100,99929,100,98234,100,99936,200,98141,100,99970,100,98098,100
2019-06-28 09:58:40.252619257,99389,414,98678,100,99475,100,98499,100,99501,100,98385,414,99814,100,98380,100,99854,100,98368,100,99874,100,98317,100,99890,37,98310,100,99929,100,98267,100,99936,200,98234,100,99970,100,98141,100
2019-06-28 09:58:50.000000000,99389,163,98678,163,99475,163,98499,163,99501,163,98385,163,99814,163,98380,163,99854,163,98368,163,99874,100,98317,100,99890,37,98310,100,99929,100,98267,100,99936,200,98234,100,99970,100,98141,100
2019-06-28 09:58:55.020417984,99049,100,98678,163,99389,163,98499,163,99475,163,98385,163,99501,163,98380,163,99814,163,98368,163,99854,163,98317,100,99874,100,98310,100,99890,37,98267,100,99929,100,98234,100,99936,200,98141,100
2019-06-28 09:58:56.326735520,99049,100,98678,163,99389,163,98499,163,99475,163,98385,163,99501,163,98380,163,99814,63,98368,163,99854,163,98317,100,99874,100,98310,100,99890,37,98267,100,99929,100,98234,100,99936,200,98141,100
2019-06-28 09:59:00.000000000,99049,207,98678,207,99389,204,98499,204,99475,204,98385,204,99501,100,98380,100,99854,100,98368,100,99874,100,98317,100,99890,37,98310,100,99929,100,98267,100,99936,200,98234,100,99970,100,98141,100
2019-06-28 09:59:01.864021504,99049,207,98678,207,99389,204,98499,304,99475,204,98385,204,99501,100,98380,100,99854,100,98368,100,99874,100,98317,100,99890,37,98310,100,99929,100,98267,100,99936,200,98234,100,99970,100,98141,100
2019-06-28 09:59:02.954124580,98796,100,98678,207,99049,207,98499,304,99389,204,98385,204,99475,204,98380,100,99501,100,98368,100,99854,100,98317,100,99874,100,98310,100,99890,37,98267,100,99929,100,98234,100,99936,200,98141,100
2019-06-28 09:59:07.605048587,98796,100,98678,207,99049,207,98499,404,99389,104,98385,204,99475,204,98380,100,99501,100,98368,100,99854,100,98317,100,99874,100,98310,100,99890,37,98267,100,99929,100,98234,100,99936,200,98141,100
2019-06-28 09:59:08.542777954,98796,100,98678,207,99049,207,98499,304,99389,104,98385,204,99475,204,98380,100,99501,100,98368,100,99854,100,98317,100,99874,100,98310,100,99890,37,98267,100,99929,100,98234,100,99936,200,98141,100
2019-06-28 09:59:10.000000000,98796,257,98678,257,99049,257,98499,357,99475,100,98385,100,99501,100,98380,100,99854,100,98368,100,99874,100,98317,100,99890,37,98310,100,99929,100,98267,100,99936,200,98234,100,99970,100,98141,100
2019-06-28 09:59:20.000000000,98796,163,98678,163,99049,163,98499,263,99475,163,98385,163,99501,163,98380,163,99854,163,98368,163,99874,100,98317,100,99890,37,98310,100,99929,100,98267,100,99936,200,98234,100,99970,100,98141,100
2019-06-28 09:59:30.000000000,98796,257,98678,257,99049,257,98499,357,99475,100,98385,100,99501,100,98380,100,99854,100,98368,100,99874,100,98317,100,99890,37,98310,100,99929,100,98267,100,99936,200,98234,100,99970,100,98141,100
2019-06-28 09:59:32.809923700,98796,257,98678,257,99049,257,98499,357,99149,100,98385,100,99475,100,98368,100,99501,100,98317,100,99854,100,98310,100,99874,100,98267,100,99890,37,98234,100,99929,100,98141,100,99936,200,98098,100
2019-06-28 09:59:40.000000000,98796,207,98678,207,99049,204,98499,304,99149,204,98385,204,99475,100,98368,100,99501,100,98317,100,99854,100,98310,100,99874,100,98267,100,99890,37,98234,100,99929,100,98141,100,99936,200,98098,100
2019-06-28 09:59:48.086492104,98796,207,98678,207,99049,204,98499,304,99149,204,98385,204,99246,100,98368,100,99475,100,98317,100,99501,100,98310,100,99854,100,98267,100,99874,100,98234,100,99890,37,98141,100,99929,100,98098,100
2019-06-28 09:59:50.000000000,98796,178,98678,178,99049,178,98499,278,99149,178,98385,178,99246,178,98368,178,99475,100,98317,100,99501,100,98310,100,99854,100,98267,100,99874,100,98234,100,99890,37,98141,100,99929,100,98098,100
2019-06-28 10:00:00.000000000,98796,178,98678,178,99049,178,98499,278,99149,178,98385,178,99246,178,98368,178,99475,100,98317,100,99501,100,98310,100,99854,100,98267,100,99874,100,98234,100,99890,37,98141,100,99929,100,98098,100
2019-06-28 10:00:06.647687391,98796,78,98678,178,99049,178,98499,278,99149,178,98385,178,99246,178,98368,178,99475,100,98317,100,99501,100,98310,100,99854,100,98267,100,99874,100,98234,100,99890,37,98141,100,99929,100,98098,100
2019-06-28 10:00:10.000000000,99049,257,98678,257,99149,257,98499,357,99246,100,98385,100,99475,100,98368,100,99501,100,98317,100,99854,100,98310,100,99874,100,98267,100,99890,37,98234,100,99929,100,98141,100,99936,200,98098,100
2019-06-28 10:00:20.000000000,99049,178,98678,178,99149,178,98499,278,99246,178,98385,178,99475,178,98368,178,99501,100,98317,100,99854,100,98310,100,99874,100,98267,100,99890,37,98234,100,99929,100,98141,100,99936,200,98098,100
2019-06-28 10:00:30.000000000,99049,414,98678,414,99149,100,98499,200,99246,100,98385,100,99475,100,98368,100,99501,100,98317,100,99854,100,98310,100,99874,100,98267,100,99890,37,98234,100,99929,100,98141,100,99936,200,98098,100
2019-06-28 10:00:40.000000000,99049,163,98678,163,99149,163,98499,263,99246,163,98385,163,99475,163,98368,163,99501,163,98317,163,99854,100,98310,100,99874,100,98267,100,99890,37,98234,100,99929,100,98141,100,99936,200,98098,100
2019-06-28 10:00:50.000000000,99049,414,98678,414,99149,100,98499,200,99246,100,98385,100,99475,100,98368,100,99501,100,98317,100,99854,100,98310,100,99874,100,98267,100,99890,37,98234,100,99929,100,98141,100,99936,200,98098,100
2019-06-28 10:01:00.000000000,99049,414,98678,414,99149,100,98499,200,99246,100,98385,100,99475,100,98368,100,99501,100,98317,100,99854,100,98310,100,99874,100,98267,100,99890,37,98234,100,99929,100,98141,100,99936,200,98098,100
2019-06-28 10:01:10.000000000,99049,257,98678,257,99149,257,98499,357,99246,100,98385,100,99475,100,98368,100,99501,100,98317,100,99854,100,98310,100,99874,100,98267,100,99890,37,98234,100,99929,100,98141,100,99936,200,98098,100
2019-06-28 10:01:18.168209122,99049,257,98679,100,99149,257,98678,257,99246,100,98499,357,99475,100,98385,100,99501,100,98368,100,99854,100,98317,100,99874,100,98310,100,99890,37,98267,100,99929,100,98234,100,99936,200,98141,100
2019-06-28 10:01:18.552978771,99049,257,98679,200,99149,257,98678,257,99246,100,98499,357,99475,100,98385,100,99501,100,98368,100,99854,100,98317,100,99874,100,98310,100,99890,37,98267,100,99929,100,98234,100,99936,200,98141,100
2019-06-28 10:01:20.000000000,99049,414,98679,514,99149,100,98678,100,99246,100,98499,200,99475,100,98385,100,99501,100,98368,100,99854,100,98317,100,99874,100,98310,100,99890,37,98267,100,99929,100,98234,100,99936,200,98141,100
2019-06-28 10:01:30.000000000,99049,414,98679,514,99149,100,98678,100,99246,100,98499,200,99475,100,98385,100,99501,100,98368,100,99854,100,98317,100,99874,100,98310,100,99890,37,98267,100,99929,100,98234,100,99936,200,98141,100
2019-06-28 10:01:40.000000000,99049,207,98679,307,99149,204,98678,204,99246,204,98499,304,99475,100,98385,100,99501,100,98368,100,99854,100,98317,100,99874,100,98310,100,99890,37,98267,100,99929,100,98234,100,99936,200,98141,100
2019-06-28 10:01:40.368263122,99049,207,98679,307,99149,204,98678,204,99246,204,98499,304,99475,100,98385,100,99501,100,98368,100,99854,100,98317,100,99862,100,98310,100,99874,100,98267,100,99890,37,98234,100,99929,100,98141,100
2019-06-28 10:01:48.778285219,99049,107,98679,307,99149,204,98678,204,99246,204,98499,304,99475,100,98385,100,99501,100,98368,100,99854,100,98317,100,99862,100,98310,100,99874,100,98267,100,99890,37,98234,100,99929,100,98141,100
2019-06-28 10:01:50.000000000,99149,163,98679,263,99246,163,98678,163,99475,163,98499,263,99501,163,98385,163,99854,163,98368,163,99862,100,98317,100,99874,100,98310,100,99890,37,98267,100,99929,100,98234,100,99936,200,98141,100
2019-06-28 10:02:00.000000000,99149,414,98679,514,99246,100,98678,100,99475,100,98499,200,99501,100,98385,100,99854,100,98368,100,99862,100,98317,100,99874,100,98310,100,99890,37,98267,100,99929,100,98234,100,99936,200,98141,100
2019-06-28 10:02:08.930160366,99149,314,98679,514,99246,100,98678,100,99475,100,98499,200,99501,100,98385,100,99854,100,98368,100,99862,100,98317,100,99874,100,98310,100,99890,37,98267,100,99929,100,98234,100,99936,200,98141,100
2019-06-28 10:02:10.000000000,99246,414,98679,514,99475,100,98678,100,99501,100,98499,200,99854,100,98385,100,99862,100,98368,100,99874,100,98317,100,99890,37,98310,100,99929,100,98267,100,99936,200,98234,100,99970,100,98141,100
2019-06-28 10:02:18.986966390,99246,314,98679,514,99475,100,98678,100,99501,100,98499,200,99854,100,98385,100,99862,100,98368,100,99874,100,98317,100,99890,37,98310,100,99929,100,98267,100,99936,200,98234,100,99970,100,98098,100
2019-06-28 10:02:20.000000000,99475,163,98679,263,99501,163,98678,163,99854,163,98499,263,99862,163,98385,163,99874,163,98368,163,99890,37,98317,100,99929,100,98310,100,99936,200,98267,100,99970,100,98234,100,100028,300,98098,100
2019-06-28 10:02:23.424466551,99475,163,98679,263,99501,163,98678,163,99854,163,98499,263,99862,163,98385,163,99874,163,98368,163,99890,37,98317,100,99929,100,98310,100,99936,200,98267,100,99970,100,98234,100,100028,300,98098,100
2019-06-28 10:02:30.000000000,99475,207,98679,307,99501,204,98678,204,99854,204,98499,304,99862,100,98385,100,99874,100,98368,100,99890,37,98317,100,99929,100,98310,100,99936,200,98267,100,99970,100,98234,100,100028,300,98098,100
2019-06-28 10:02:36.952645076,99475,207,99149,100,99501,204,98679,307,99854,204,98678,204,99862,100,98499,304,99874,100,98385,100,99890,37,98368,100,99929,100,98317,100,99936,200,98310,100,99970,100,98267,100,100028,300,98234,100
2019-06-28 10:02:40.000000000,99475,163,99149,163,99501,163,98679,263,99854,163,98678,163,99862,163,98499,263,99874,163,98385,163,99890,37,98368,100,99929,100,98317,100,99936,200,98310,100,99970,100,98267,100,100028,300,98234,100
2019-06-28 10:02:40.401660627,99475,163,99149,163,99501,163,98679,263,99854,163,98678,163,99862,163,98499,263,99874,163,98385,163,99890,37,98368,100,99929,100,98317,100,99936,200,98310,100,99970,100,98267,100,100028,300,98234,100
2019-06-28 10:02:45.110678071,99475,63,99149,163,99501,163,98679,263,99854,163,98678,163,99862,163,98499,263,99874,163,98385,163,99890,37,98368,100,99929,100,98317,100,99936,200,98310,100,99970,100,98267,100,100028,300,98234,100
2019-06-28 10:02:50.000000000,99501,414,99149,414,99854,100,98679,200,99862,100,98678,100,99874,100,98499,200,99890,37,98385,100,99929,100,98368,100,99936,200,98317,100,99970,100,98310,100,100028,300,98267,100,100029,100,98234,100
2019-06-28 10:02:51.990992374,99501,314,99149,414,99854,100,98679,200,99862,100,98678,100,99874,100,98499,200,99890,37,98385,100,99929,100,98368,100,99936,200,98317,100,99970,100,98310,100,100028,300,98267,100,100029,100,98234,100
2019-06-28 10:02:55.709826831,99501,314,99149,414,99854,100,98679,200,99874,100,98678,100,99880,100,98499,200,99890,37,98385,100,99929,100,98368,100,99936,200,98317,100,99970,100,98310,100,100028,300,98267,100,100029,100,98234,100
2019-06-28 10:02:56.508374790,99501,314,99149,414,99854,100,98679,200,99874,100,98678,100,99880,100,98499,200,99890,37,98385,100,99929,100,98368,100,99936,200,98317,100,100028,300,98310,100,100029,100,98267,100,100044,100,98234,100
2019-06-28 10:02:59.308187790,99501,214,99149,414,99854,100,98679,200,99874,100,98678,100,99880,100,98499,200,99890,37,98385,100,99929,100,98368,100,99936,200,98317,100,100028,300,98310,100,100044,100,98267,100,100046,100,98234,100
2019-06-28 10:03:00.000000000,99854,178,99149,178,99874,178,98679,278,99880,178,98678,178,99890,115,98499,278,99929,100,98385,100,99936,200,98368,100,100028,300,98317,100,100044,100,98310,100,100046,100,98267,100,100095,100,98234,100
2019-06-28 10:03:10.000000000,99854,257,99149,257,99874,257,98679,357,99880,100,98678,100,99890,37,98499,200,99929,100,98385,100,99936,200,98368,100,100028,300,98317,100,100044,100,98310,100,100046,100,98267,100,100095,100,98234,100
2019-06-28 10:03:20.000000000,99854,178,99149,178,99874,178,98679,278,99880,178,98678,178,99890,115,98499,278,99929,100,98385,100,99936,200,98368,100,100028,300,98317,100,100044,100,98310,100,100046,100,98267,100,100095,100,98234,100
2019-06-28 10:03:21.145621377,99854,178,99149,178,99874,178,98679,278,99880,178,98678,178,99890,115,98499,278,99929,100,98385,100,99936,200,98368,100,100028,200,98317,100,100044,100,98310,100,100046,100,98267,100,100095,100,98234,100
2019-06-28 10:03:26.287796607,99854,78,99149,178,99874,178,98679,278,99880,178,98678,178,99890,115,98499,278,99929,100,98385,100,99936,200,98368,100,100028,200,98317,100,100044,100,98310,100,100046,100,98267,100,100095,100,98234,100
2019-06-28 10:03:26.376726131,99874,178,99854,22,99880,178,99149,178,99890,115,98679,278,99929,100,98678,178,99936,200,98499,278,100028,200,98385,100,100044,100,98368,100,100046,100,98317,100,100095,100,98310,100,100116,100,98267,100
2019-06-28 10:03:30.000000000,99874,163,99854,85,99880,163,99149,163,99890,100,98679,263,99929,163,98678,163,99936,263,98499,263,100028,200,98385,100,100044,100,98368,100,100046,100,98317,100,100095,100,98310,100,100116,100,98267,100
2019-06-28 10:03:40.000000000,99874,163,99854,85,99880,163,99149,163,99890,100,98679,263,99929,163,98678,163,99936,263,98499,263,100028,200,98385,100,100044,100,98368,100,100046,100,98317,100,100095,100,98310,100,100116,100,98267,100
2019-06-28 10:03:46.598258923,99874,163,99854,85,99880,163,99149,163,99890,100,98679,263,99929,163,98678,163,99936,263,98499,263,100028,200,98385,100,100044,100,98368,100,100046,100,98317,100,100095,100,98310,100,100116,100,98267,100
2019-06-28 10:03:50.000000000,99874,207,99854,129,99880,204,99149,204,99890,141,98679,304,99929,100,98678,100,99936,200,98499,200,100028,200,98385,100,100044,100,98368,100,100046,100,98317,100,100095,100,98310,100,100116,100,98267,100
2019-06-28 10:03:54.268800637,99874,207,99854,129,99880,204,99149,204,99890,141,98679,304,99929,100,98678,100,99936,200,98499,200,100028,200,98385,100,100044,100,98368,100,100046,100,98317,100,100095,100,98310,100,100116,100,98267,100
2019-06-28 10:04:00.000000000,99874,207,99854,129,99880,204,99149,204,99890,141,98679,304,99929,100,98678,100,99936,200,98499,200,100028,200,98385,100,100044,100,98368,100,100046,100,98317,100,100095,100,98310,100,100116,100,98267,100
2019-06-28 10:04:03.759321986,99874,207,99854,129,99880,204,99149,204,99890,141,98679,304,99929,100,98678,100,99936,200,98499,200,100028,200,98385,100,100044,100,98368,100,100046,100,98317,100,100095,100,98310,100,100116,100,98267,100
2019-06-28 10:04:08.321380336,99874,107,99854,129,99880,204,99149,204,99890,141,98679,304,99929,100,98678,100,99936,200,98499,200,100028,200,98385,100,100044,100,98368,100,100046,100,98317,100,100095,100,98310,100,100116,100,98267,100
2019-06-28 10:04:10.000000000,99880,178,99854,100,99890,115,99149,178,99929,178,98679,278,99936,278,98678,178,100028,200,98499,200,100044,100,98385,100,100046,100,98368,100,100095,100,98317,100,100116,100,98310,100,100298,100,98267,100
2019-06-28 10:04:17.783337567,99880,178,99854,100,99890,115,99149,178,99929,178,98679,278,99936,278,98678,178,100028,100,98499,200,100044,100,98385,100,100046,100,98368,100,100095,100,98317,100,100116,100,98310,100,100298,100,98267,100
2019-06-28 10:04:20.000000000,99880,207,99854,129,99890,141,99149,204,99929,204,98679,304,99936,200,98678,100,100028,100,98499,200,100044,100,98385,100,100046,100,98368,100,100095,100,98317,100,100116,100,98310,100,100298,100,98267,100
2019-06-28 10:04:30.000000000,99880,257,99854,179,99890,194,99149,257,99929,100,98679,200,99936,200,98678,100,100028,100,98499,200,100044,100,98385,100,100046,100,98368,100,100095,100,98317,100,100116,100,98310,100,100298,100,98267,100
2019-06-28 10:04:40.000000000,99880,257,99854,179,99890,194,99149,257,99929,100,98679,200,99936,200,98678,100,100028,100,98499,200,100044,100,98385,100,100046,100,98368,100,100095,100,98317,100,100116,100,98310,100,100298,100,98267,100
2019-06-28 10:04:50.000000000,99880,207,99854,129,99890,141,99149,204,99929,204,98679,304,99936,200,98678,100,100028,100,98499,200,100044,100,98385,100,100046,100,98368,100,100095,100,98317,100,100116,100,98310,100,100298,100,98267,100
2019-06-28 10:05:00.000000000,99880,414,99854,336,99890,37,99149,100,99929,100,98679,200,99936,200,98678,100,100028,100,98499,200,100044,100,98385,100,100046,100,98368,100,100095,100,98317,100,100116,100,98310,100,100298,100,98267,100
2019-06-28 10:05:07.989560652,99880,314,99854,336,99890,37,99149,100,99929,100,98679,200,99936,200,98499,200,100028,100,98385,100,100044,100,98368,100,100046,100,98317,100,100095,100,98310,100,100116,100,98267,100,100298,100,98234,100
2019-06-28 10:05:09.838835455,99880,314,99854,336,99890,37,99149,100,99929,100,98679,200,99936,200,98499,200,100028,100,98385,100,100044,100,98368,100,100046,100,98317,100,100095,100,98310,100,100116,100,98267,100,100298,100,98234,100
2019-06-28 10:05:10.000000000,99890,100,99854,85,99929,163,99149,163,99936,263,98679,263,100028,163,98499,263,100044,163,98385,163,100046,100,98368,100,100095,100,98317,100,100116,100,98310,100,100298,100,98267,100,100516,100,98234,100
2019-06-28 10:05:11.192070493,99929,163,99854,85,99936,263,99149,163,100028,163,98679,263,100044,163,98499,263,100046,100,98385,163,100095,100,98368,100,100116,100,98317,100,100298,100,98310,100,100516,100,98267,100,100672,100,98234,100
2019-06-28 10:05:15.668648813,99929,163,99854,85,99936,263,99149,163,100028,163,98679,263,100044,163,98499,263,100046,100,98385,163,100095,100,98368,100,100116,100,98317,100,100298,100,98310,100,100516,100,98267,100,100672,100,98234,100
2019-06-28 10:05:20.000000000,99929,257,99854,179,99936,357,99149,257,100028,100,98679,200,100044,100,98499,200,100046,100,98385,100,100095,100,98368,100,100116,100,98317,100,100298,100,98310,100,100516,100,98267,100,100672,100,98234,100
2019-06-28 10:05:30.000000000,99929,178,99854,100,99936,278,99149,178,100028,178,98679,278,100044,178,98499,278,100046,100,98385,100,100095,100,98368,100,100116,100,98317,100,100298,100,98310,100,100516,100,98267,100,100672,100,98234,100
2019-06-28 10:05:40.000000000,99929,207,99854,129,99936,304,99149,204,100028,204,98679,304,100044,100,98499,200,100046,100,98385,100,100095,100,98368,100,100116,100,98317,100,100298,100,98310,100,100516,100,98267,100,100672,100,98234,100
2019-06-28 10:05:42.869481682,99929,207,99854,129,99936,304,99149,204,100028,204,98679,304,100044,100,98499,200,100046,100,98385,100,100095,100,98368,100,100116,100,98317,100,100298,100,98310,100,100672,100,98267,100,100705,100,98234,100
2019-06-28 10:05:50.000000000,99929,178,99854,100,99936,278,99149,178,100028,178,98679,278,100044,178,98499,278,100046,100,98385,100,100095,100,98368,100,100116,100,98317,100,100298,100,98310,100,100672,100,98267,100,100705,100,98234,100
2019-06-28 10:06:00.000000000,99929,257,99854,179,99936,357,99149,257,100028,100,98679,200,100044,100,98499,200,100046,100,98385,100,100095,100,98368,100,100116,100,98317,100,100298,100,98310,100,100672,100,98267,100,100705,100,98234,100
2019-06-28 10:06:01.891739269,99929,157,99880,100,99936,357,99854,179,100028,100,99149,257,100044,100,98679,200,100046,100,98499,200,100095,100,98385,100,100116,100,98368,100,100298,100,98317,100,100672,100,98310,100,100705,100,98267,100
2019-06-28 10:06:05.004296086,99929,157,99880,200,99936,357,99854,179,100028,100,99149,257,100044,100,98679,200,100046,100,98499,200,100095,100,98385,100,100116,100,98368,100,100298,100,98317,100,100672,100,98310,100,100705,100,98267,100
2019-06-28 10:06:10.000000000,99936,278,99880,278,100028,178,99854,100,100044,178,99149,178,100046,178,98679,278,100095,100,98499,200,100116,100,98385,100,100298,100,98368,100,100672,100,98317,100,100705,100,98310,100,101485,100,98267,100
2019-06-28 10:06:16.481837106,99936,278,99880,378,100028,178,99854,100,100044,178,99149,178,100046,178,98679,278,100095,100,98499,200,100116,100,98385,100,100298,100,98368,100,100672,100,98317,100,100705,100,98310,100,101485,100,98267,100
2019-06-28 10:06:16.954768277,99936,278,99880,378,100028,178,99854,100,100044,178,99149,178,100046,178,98679,278,100095,100,98499,200,100116,100,98385,100,100298,100,98368,100,100672,100,98317,100,100705,100,98310,100,101469,100,98267,100
2019-06-28 10:06:20.000000000,99936,307,99880,407,100028,204,99854,126,100044,204,99149,204,100046,100,98679,200,100095,100,98499,200,100116,100,98385,100,100298,100,98368,100,100672,100,98317,100,100705,100,98310,100,101469,100,98267,100
