,ask_price_1,ask_size_1,bid_price_1,bid_size_1,ask_price_2,ask_size_2,bid_price_2,bid_size_2,ask_price_3,ask_size_3,bid_price_3,bid_size_3,ask_price_4,ask_size_4,bid_price_4,bid_size_4,ask_price_5,ask_size_5,bid_price_5,bid_size_5,ask_price_6,ask_size_6,bid_price_6,bid_size_6,ask_price_7,ask_size_7,bid_price_7,bid_size_7,ask_price_8,ask_size_8,bid_price_8,bid_size_8,ask_price_9,ask_size_9,bid_price_9,bid_size_9,ask_price_10,ask_size_10,bid_price_10,bid_size_10
2019-06-28 09:30:00.000000001,100034,100,99885,100,,,,,,,,,,,,,,,,,,,,,,,,,,,,,,,,,,,,
2019-06-28 09:30:00.000000002,100013,100,99998,100,100034,100,99885,100,,,,,,,,,,,,,,,,,,,,,,,,,,,,,,,,
2019-06-28 09:30:00.000000003,100013,100,99998,100,100034,100,99967,100,100134,100,99885,100,,,,,,,,,,,,,,,,,,,,,,,,,,,,
2019-06-28 09:30:00.000000005,100013,100,99998,100,100034,100,99967,100,100134,100,99885,100,,,99826,100,,,,,,,,,,,,,,,,,,,,,,,,
2019-06-28 09:30:00.000000006,100013,100,99998,100,100034,100,99967,100,100134,100,99885,100,,,99880,100,,,99826,100,,,,,,,,,,,,,,,,,,,,
2019-06-28 09:30:00.000000007,100013,100,99998,100,100034,100,99967,100,100134,100,99885,100,100156,100,99880,100,,,99826,100,,,,,,,,,,,,,,,,,,,,
2019-06-28 09:30:00.000000010,100013,100,99998,100,100034,100,99967,100,100134,100,99885,100,100152,100,99880,100,100156,100,99826,100,,,,,,,,,,,,,,,,,,,,
2019-06-28 09:30:00.000000013,100034,100,99998,100,100134,100,99967,100,100152,100,99885,100,100156,100,99880,100,,,99826,100,,,,,,,,,,,,,,,,,,,,
2019-06-28 09:30:00.000000014,100034,100,99998,100,100134,100,99967,100,100152,100,99885,100,100156,100,99880,100,,,99875,100,,,99826,100,,,,,,,,,,,,,,,,
2019-06-28 09:30:00.000000015,100014,100,99998,100,100034,100,99967,100,100134,100,99885,100,100152,100,99880,100,100156,100,99875,100,,,99826,100,,,,,,,,,,,,,,,,
2019-06-28 09:30:00.000000017,100013,100,99998,100,100014,100,99967,100,100034,100,99885,100,100134,100,99880,100,100152,100,99875,100,100156,100,99826,100,100204,100,,,,,,,,,,,,,,
2019-06-28 09:30:00.000000020,100013,100,99999,100,100014,100,99998,100,100034,100,99967,100,100134,100,99950,100,100152,100,99885,100,100156,100,99880,100,100204,100,99875,100,,,99826,100,,,,,,,,
2019-06-28 09:30:00.000000022,100013,200,99999,100,100014,100,99998,100,100034,100,99967,100,100108,100,99950,100,100134,100,99885,100,100152,100,99880,100,100156,100,99875,100,100204,100,99826,100,,,,,,,,
2019-06-28 09:30:00.000000027,100013,200,100009,100,100014,100,99999,100,100034,100,99998,100,100108,100,99967,100,100134,100,99950,100,100152,100,99885,100,100156,100,99880,100,100204,100,99875,100,,,99826,100,,,,
2019-06-28 09:30:00.000000029,100013,200,100009,200,100014,100,99999,100,100034,100,99998,100,100108,100,99967,100,100134,100,99950,100,100152,100,99885,100,100156,100,99880,100,100204,100,99875,100,,,99826,100,,,,
2019-06-28 09:30:00.000000030,100013,200,100010,100,100014,100,100009,100,100034,100,99999,100,100108,100,99998,100,100134,100,99967,100,100152,100,99950,100,100156,100,99885,100,100204,100,99880,100,,,99875,100,,,99826,100
2019-06-28 09:30:00.000000034,100013,200,100010,100,100014,100,100009,100,100021,100,99999,100,100034,100,99998,100,100108,100,99967,100,100134,100,99950,100,100152,100,99885,100,100156,100,99880,100,100204,100,99875,100,,,99826,100
2019-06-28 09:30:00.000000035,100013,200,100010,100,100014,100,100009,100,100021,100,99999,100,100034,100,99998,100,100108,100,99967,100,100134,100,99950,100,100152,100,99885,100,100156,100,99880,200,100204,100,99875,100,,,99826,100
2019-06-28 09:30:00.000000036,100013,200,100010,100,100014,100,100009,100,100021,100,99999,100,100034,100,99998,100,100108,100,99967,100,100134,100,99950,100,100152,100,99885,100,100156,100,99880,200,100204,100,99875,100,,,99864,100
2019-06-28 09:30:00.000000037,100013,200,100010,100,100014,100,100009,100,100021,200,99999,100,100034,100,99998,100,100108,100,99967,100,100134,100,99950,100,100152,100,99885,100,100156,100,99880,200,100204,100,99875,100,,,99864,100
2019-06-28 09:30:00.000000041,100013,300,100010,100,100014,100,100009,100,100021,200,99999,100,100034,100,99998,100,100108,100,99967,100,100134,100,99950,100,100152,100,99937,100,100156,100,99885,100,100204,100,99880,200,,,99875,100
2019-06-28 09:30:00.000000044,100013,300,100010,100,100014,100,100009,100,100021,200,99999,100,100034,100,99998,100,100065,100,99967,100,100108,100,99950,100,100134,100,99937,100,100152,100,99885,100,100156,100,99880,200,100204,100,99875,100
2019-06-28 09:30:00.000000046,100013,300,100009,100,100014,100,99999,100,100021,200,99998,100,100034,100,99967,100,100065,100,99950,100,100108,100,99937,100,100134,100,99885,100,100152,100,99880,200,100156,100,99875,100,100175,100,99864,100
2019-06-28 09:30:00.000000048,100013,300,100009,100,100014,100,99999,100,100021,200,99998,100,100034,100,99975,100,100065,100,99967,100,100108,100,99950,100,100134,100,99937,100,100152,100,99885,100,100156,100,99880,200,100175,100,99875,100
2019-06-28 09:30:00.000000049,100013,300,100009,100,100014,100,99999,100,100021,200,99998,100,100034,100,99975,100,100065,200,99967,100,100108,100,99950,100,100134,100,99937,100,100152,100,99885,100,100156,100,99880,200,100175,100,99875,100
2019-06-28 09:30:00.000000050,100013,300,100009,100,100014,100,99999,100,100021,200,99998,100,100034,100,99975,100,100065,200,99967,100,100108,100,99950,100,100128,100,99937,100,100134,100,99885,100,100152,100,99880,200,100156,100,99875,100
2019-06-28 09:30:00.000000059,100013,300,100010,100,100014,100,100009,100,100021,200,99999,100,100034,100,99998,100,100065,200,99975,100,100070,100,99967,100,100108,100,99950,100,100128,100,99937,100,100134,100,99925,100,100152,100,99885,100
2019-06-28 09:30:00.000000060,100013,300,100010,100,100014,100,100009,100,100021,200,99999,100,100034,100,99998,100,100065,200,99975,100,100070,100,99967,100,100108,100,99952,100,100128,100,99950,100,100134,100,99937,100,100152,100,99925,100
2019-06-28 09:30:00.000000062,100013,300,100010,100,100014,100,100009,100,100021,200,99999,100,100034,100,99998,100,100065,200,99975,100,100070,100,99967,100,100081,100,99952,100,100108,100,99950,100,100114,100,99937,100,100128,100,99925,100
2019-06-28 09:30:00.000000065,100013,300,100010,100,100014,100,100009,100,100021,200,99999,100,100034,100,99998,100,100053,100,99975,100,100065,200,99967,100,100070,100,99952,100,100081,100,99950,100,100108,100,99937,100,100114,100,99925,100
2019-06-28 09:30:00.000000068,100013,300,100010,100,100014,100,100009,100,100021,200,99999,100,100023,100,99998,100,100034,100,99975,100,100053,100,99967,100,100065,200,99952,100,100070,100,99950,100,100081,100,99937,100,100108,100,99925,100
2019-06-28 09:30:00.000000069,100013,300,100010,200,100014,100,100009,100,100021,200,99999,100,100023,100,99998,100,100034,100,99975,100,100053,100,99967,100,100065,200,99952,100,100070,100,99950,100,100081,100,99937,100,100108,100,99925,100
2019-06-28 09:30:00.000000070,100013,300,100010,200,100014,100,100009,100,100021,200,99999,100,100023,100,99998,100,100025,100,99975,100,100034,100,99967,100,100053,100,99952,100,100065,200,99950,100,100070,100,99937,100,100081,100,99925,100
2019-06-28 09:30:00.000000072,100013,300,100010,200,100014,100,100009,100,100021,200,99999,100,100023,100,99998,100,100025,100,99986,100,100034,100,99975,100,100053,100,99967,100,100065,200,99952,100,100070,100,99950,100,100081,100,99937,100
2019-06-28 09:30:00.000000074,100013,300,100010,200,100014,100,100009,100,100021,200,99999,100,100023,100,99998,100,100025,100,99986,100,100034,100,99975,100,100053,100,99967,100,100065,200,99952,100,100070,100,99950,100,100081,100,99937,100
2019-06-28 09:30:00.000000082,100013,300,100010,200,100014,100,100009,100,100021,200,99999,100,100023,100,99998,100,100025,100,99986,100,100034,100,99975,100,100053,100,99967,100,100065,200,99952,100,100070,100,99950,100,100081,100,99937,100
2019-06-28 09:30:00.000000084,100013,300,100010,200,100014,100,100009,100,100021,200,99999,100,100023,100,99998,100,100025,100,99986,100,100034,100,99975,100,100053,100,99967,100,100065,200,99952,100,100070,100,99950,100,100081,100,99937,100
2019-06-28 09:30:00.000000087,100013,300,100010,200,100014,100,100009,100,100021,200,99999,100,100023,100,99998,100,100025,100,99986,100,100034,100,99975,100,100053,100,99967,100,100065,200,99952,200,100070,100,99950,100,100081,100,99937,100
2019-06-28 09:30:00.000000090,100013,300,100010,200,100014,100,100009,100,100021,200,99999,100,100023,100,99998,100,100025,100,99986,100,100034,100,99975,100,100053,100,99967,100,100065,200,99952,200,100070,100,99950,100,100081,100,99937,100
2019-06-28 09:30:00.000000091,100013,300,100010,200,100014,100,100009,100,100021,200,99999,100,100023,100,99998,100,100025,100,99986,100,100034,100,99975,100,100053,100,99967,100,100065,200,99952,300,100070,100,99950,100,100081,100,99937,100
2019-06-28 09:30:00.000000092,100013,300,100010,200,100014,100,100009,100,100021,200,99999,100,100023,100,99998,100,100025,100,99986,100,100034,100,99975,100,100053,100,99967,100,100065,200,99952,300,100070,100,99950,100,100081,100,99937,100
2019-06-28 09:30:00.000000093,100013,300,100010,200,100014,100,100009,100,100021,200,99999,100,100023,100,99998,100,100025,100,99986,100,100034,100,99975,100,100053,100,99967,100,100065,200,99952,300,100070,100,99950,100,100081,100,99937,100
2019-06-28 09:30:00.000000096,100013,300,100010,200,100014,100,100009,100,100021,200,99999,100,100023,100,99998,100,100025,100,99986,100,100034,100,99975,100,100053,100,99967,100,100065,200,99952,300,100070,100,99950,100,100071,100,99937,100
2019-06-28 09:30:00.000000098,100013,300,100010,200,100014,100,100009,100,100021,200,99999,100,100023,100,99998,100,100025,100,99986,100,100034,100,99975,100,100053,100,99967,100,100065,200,99952,300,100070,100,99950,100,100071,100,99937,100
2019-06-28 09:30:02.457931846,100013,300,100010,200,100014,100,100009,100,100021,200,99999,100,100023,100,99998,100,100025,100,99986,100,100034,100,99975,100,100053,100,99967,100,100065,200,99952,200,100070,100,99950,100,100071,100,99937,100
2019-06-28 09:30:10.000000000,100013,487,100010,387,100014,287,100009,287,100021,200,99999,100,100023,100,99998,100,100025,100,99986,100,100034,100,99975,100,100053,100,99967,100,100065,200,99952,200,100070,100,99950,100,100071,100,99937,100
2019-06-28 09:30:10.955976583,100013,487,100010,387,100014,287,100009,287,100020,100,99999,100,100021,200,99998,100,100025,100,99986,100,100034,100,99975,100,100053,100,99967,100,100065,200,99952,200,100070,100,99950,100,100071,100,99937,100
2019-06-28 09:30:20.000000000,100013,487,100010,387,100014,287,100009,287,100020,100,99999,100,100021,200,99998,100,100025,100,99986,100,100034,100,99975,100,100053,100,99967,100,100065,200,99952,200,100070,100,99950,100,100071,100,99937,100
2019-06-28 09:30:30.000000000,100013,394,100010,294,100014,194,100009,194,100020,194,99999,194,100021,294,99998,194,100025,100,99986,100,100034,100,99975,100,100053,100,99967,100,100065,200,99952,200,100070,100,99950,100,100071,100,99937,100
2019-06-28 09:30:40.000000000,100013,674,100010,574,100014,100,100009,100,100020,100,99999,100,100021,200,99998,100,100025,100,99986,100,100034,100,99975,100,100053,100,99967,100,100065,200,99952,200,100070,100,99950,100,100071,100,99937,100
2019-06-28 09:30:45.400007322,100013,674,100010,574,100014,100,100009,100,100020,100,99999,100,100021,200,99998,100,100025,100,99986,100,100034,100,99975,100,100053,100,99967,100,100065,200,99952,200,100070,100,99937,100,100071,100,99925,100
2019-06-28 09:30:45.503857753,100013,674,100010,574,100014,100,100009,100,100020,100,99999,100,100021,200,99998,100,100025,100,99986,100,100034,100,99975,100,100053,100,99967,100,100065,200,99952,200,100070,100,99937,100,100071,100,99925,100
2019-06-28 09:30:49.811939799,100013,574,100010,574,100014,100,100009,100,100020,100,99999,100,100021,200,99998,100,100025,100,99986,100,100034,100,99975,100,100053,100,99967,100,100065,200,99952,200,100070,100,99937,100,100071,100,99925,100
2019-06-28 09:30:50.000000000,100013,275,100010,275,100014,175,100009,175,100020,175,99999,175,100021,275,99998,175,100025,175,99986,175,100034,100,99975,100,100053,100,99967,100,100065,200,99952,200,100070,100,99937,100,100071,100,99925,100
2019-06-28 09:30:56.000435582,100013,275,100010,275,100014,175,100009,175,100020,175,99999,175,100021,275,99998,175,100025,175,99986,75,100034,100,99975,100,100053,100,99967,100,100065,200,99952,200,100070,100,99937,100,100071,100,99925,100
2019-06-28 09:31:00.000000000,100013,387,100010,387,100014,287,100009,287,100020,100,99999,100,100021,200,99998,100,100025,100,99975,100,100034,100,99967,100,100053,100,99952,200,100065,200,99937,100,100070,100,99925,100,100071,100,99910,100
2019-06-28 09:31:08.655074737,100013,287,100010,387,100014,287,100009,287,100020,100,99999,100,100021,200,99998,100,100025,100,99975,100,100034,100,99967,100,100065,200,99952,200,100070,100,99937,100,100071,100,99925,100,100081,100,99910,100
2019-06-28 09:31:10.000000000,100013,194,100010,294,100014,194,100009,194,100020,194,99999,194,100021,294,99998,194,100025,100,99975,100,100034,100,99967,100,100065,200,99952,200,100070,100,99937,100,100071,100,99925,100,100081,100,99910,100
2019-06-28 09:31:14.279867711,100013,194,100010,294,100014,194,100009,194,100020,194,99999,194,100021,294,99998,194,100025,100,99975,100,100034,100,99967,100,100065,200,99952,200,100070,100,99925,100,100071,100,99910,100,100081,100,99909,100
2019-06-28 09:31:17.317404417,100013,94,100010,294,100014,194,100009,194,100020,194,99999,194,100021,294,99998,194,100025,100,99975,100,100034,100,99967,100,100065,200,99952,100,100070,100,99925,100,100071,100,99910,100,100081,100,99909,100
2019-06-28 09:31:20.000000000,100014,287,100010,387,100020,287,100009,287,100021,200,99999,100,100025,100,99998,100,100034,100,99975,100,100065,200,99967,100,100070,100,99952,100,100071,100,99925,100,100081,100,99910,100,100094,100,99909,100
2019-06-28 09:31:30.000000000,100014,175,100010,275,100020,175,100009,175,100021,275,99999,175,100025,175,99998,175,100034,175,99975,175,100065,200,99967,100,100070,100,99952,100,100071,100,99925,100,100081,100,99910,100,100094,100,99909,100
2019-06-28 09:31:36.746747474,100014,75,100010,275,100020,175,100009,175,100021,275,99999,175,100025,175,99998,175,100034,175,99975,175,100065,200,99967,100,100070,100,99952,100,100071,100,99925,100,100081,100,99910,100,100094,100,99909,100
2019-06-28 09:31:40.000000000,100020,175,100010,275,100021,275,100009,175,100025,175,99999,175,100034,175,99998,175,100065,275,99975,175,100070,100,99967,100,100071,100,99952,100,100081,100,99925,100,100094,100,99910,100,100102,100,99909,100
2019-06-28 09:31:50.000000000,100020,175,100010,275,100021,275,100009,175,100025,175,99999,175,100034,175,99998,175,100065,275,99975,175,100070,100,99967,100,100071,100,99952,100,100081,100,99925,100,100094,100,99910,100,100102,100,99909,100
2019-06-28 09:32:00.000000000,100020,287,100010,387,100021,387,100009,287,100025,100,99999,100,100034,100,99998,100,100065,200,99975,100,100070,100,99967,100,100071,100,99952,100,100081,100,99925,100,100094,100,99910,100,100102,100,99909,100
2019-06-28 09:32:04.888543996,100020,287,100010,387,100021,387,100009,287,100025,100,99999,100,100034,100,99998,100,100061,100,99975,100,100065,200,99967,100,100070,100,99952,100,100071,100,99925,100,100081,100,99910,100,100094,100,99909,100
2019-06-28 09:32:10.000000000,100020,227,100010,327,100021,323,100009,223,100025,223,99999,223,100034,100,99998,100,100061,100,99975,100,100065,200,99967,100,100070,100,99952,100,100071,100,99925,100,100081,100,99910,100,100094,100,99909,100
2019-06-28 09:32:15.967823160,100020,227,100010,327,100021,323,100009,223,100025,223,99999,223,100034,100,99998,100,100061,100,99975,100,100065,200,99967,100,100070,100,99952,100,100071,100,99925,100,100081,100,99910,100,100094,100,99909,100
2019-06-28 09:32:18.640742986,100020,227,100010,327,100021,323,100009,223,100025,223,99999,223,100034,100,99998,100,100061,100,99975,100,100065,200,99967,100,100070,100,99952,100,100071,100,99925,100,100081,100,99910,100,100094,100,99909,100
2019-06-28 09:32:20.000000000,100020,227,100010,327,100021,323,100009,223,100025,223,99999,223,100034,100,99998,100,100061,100,99975,100,100065,200,99967,100,100070,100,99952,100,100071,100,99925,100,100081,100,99910,100,100094,100,99909,100
2019-06-28 09:32:28.680485649,100020,227,100010,227,100021,323,100009,223,100025,223,99999,223,100034,100,99998,100,100061,100,99975,100,100065,200,99967,100,100070,100,99952,100,100071,100,99925,100,100081,100,99910,100,100094,100,99909,100
2019-06-28 09:32:30.000000000,100020,287,100010,287,100021,387,100009,287,100025,100,99999,100,100034,100,99998,100,100061,100,99975,100,100065,200,99967,100,100070,100,99952,100,100071,100,99925,100,100081,100,99910,100,100094,100,99909,100
2019-06-28 09:32:40.000000000,100020,175,100010,175,100021,275,100009,175,100025,175,99999,175,100034,175,99998,175,100061,175,99975,175,100065,200,99967,100,100070,100,99952,100,100071,100,99925,100,100081,100,99910,100,100094,100,99909,100
2019-06-28 09:32:45.617941660,100020,175,100010,75,100021,275,100009,175,100025,175,99999,175,100034,175,99998,175,100061,175,99975,175,100065,200,99967,100,100070,100,99952,100,100071,100,99925,100,100081,100,99910,100,100094,100,99909,100
2019-06-28 09:32:50.000000000,100020,227,100009,227,100021,323,99999,223,100025,223,99998,223,100034,100,99975,100,100061,100,99967,100,100065,200,99952,100,100070,100,99925,100,100071,100,99910,100,100081,100,99909,100,100094,100,99885,100
2019-06-28 09:32:56.006137290,100020,127,100009,127,100021,323,99999,223,100025,223,99998,223,100034,100,99975,100,100061,100,99967,100,100065,200,99952,100,100070,100,99925,100,100071,100,99910,100,100081,100,99909,100,100094,100,99885,100
2019-06-28 09:32:56.491245949,100020,127,100009,127,100021,223,99999,223,100025,223,99998,223,100034,100,99975,100,100061,100,99967,100,100065,200,99952,100,100070,100,99925,100,100071,100,99910,100,100081,100,99909,100,100094,100,99885,100
2019-06-28 09:33:00.000000000,100021,175,99999,175,100025,175,99998,175,100034,175,99975,175,100061,175,99967,175,100065,275,99952,175,100070,100,99925,100,100071,100,99910,100,100081,100,99909,100,100094,100,99885,100,100102,100,99880,100
2019-06-28 09:33:06.330270844,100021,175,99999,75,100025,175,99998,175,100034,175,99975,175,100061,175,99967,175,100065,275,99952,175,100070,100,99925,100,100071,100,99910,100,100081,100,99909,100,100094,100,99885,100,100102,100,99880,100
2019-06-28 09:33:08.391678457,99999,25,99998,175,100021,175,99975,175,100025,175,99967,175,100034,175,99952,175,100061,175,99925,100,100065,275,99910,100,100070,100,99909,100,100071,100,99885,100,100081,100,99880,100,100094,100,99863,100
2019-06-28 09:33:10.000000000,99999,100,99998,175,100021,175,99975,175,100025,175,99967,175,100034,175,99952,175,100061,175,99925,175,100065,200,99910,100,100070,100,99909,100,100071,100,99885,100,100081,100,99880,100,100094,100,99863,100
2019-06-28 09:33:20.000000000,99999,399,99998,474,100021,100,99975,100,100025,100,99967,100,100034,100,99952,100,100061,100,99925,100,100065,200,99910,100,100070,100,99909,100,100071,100,99885,100,100081,100,99880,100,100094,100,99863,100
2019-06-28 09:33:28.481237557,99999,374,99998,474,100021,100,99975,100,100025,100,99967,100,100034,100,99952,100,100061,100,99925,100,100065,200,99910,100,100070,100,99909,100,100071,100,99885,100,100081,100,99880,100,100094,100,99863,100
2019-06-28 09:33:30.000000000,100021,194,99998,194,100025,194,99975,194,100034,194,99967,194,100061,194,99952,194,100065,200,99925,100,100070,100,99910,100,100071,100,99909,100,100081,100,99885,100,100094,100,99880,100,100102,100,99863,100
2019-06-28 09:33:33.791595207,100021,194,99998,194,100025,194,99975,194,100034,194,99967,194,100061,194,99952,194,100065,200,99925,100,100070,100,99910,100,100071,100,99909,100,100081,100,99885,100,100094,100,99880,100,100102,100,99863,100
2019-06-28 09:33:35.837656248,100009,100,99998,194,100021,194,99975,194,100025,194,99967,194,100034,194,99952,194,100061,194,99925,100,100065,200,99910,100,100070,100,99909,100,100071,100,99885,100,100081,100,99880,100,100094,100,99863,100
2019-06-28 09:33:37.998700216,100009,100,99998,194,100021,194,99975,194,100025,194,99967,194,100034,194,99952,194,100061,194,99925,100,100065,200,99910,100,100070,100,99909,100,100071,100,99885,100,100081,100,99863,100,100094,100,99849,100
2019-06-28 09:33:40.000000000,100009,227,99998,227,100021,223,99975,223,100025,223,99967,223,100034,100,99952,100,100061,100,99925,100,100065,200,99910,100,100070,100,99909,100,100071,100,99885,100,100081,100,99863,100,100094,100,99849,100
2019-06-28 09:33:48.627650452,100009,227,99998,227,100021,223,99975,223,100025,223,99967,223,100034,100,99952,100,100061,100,99925,100,100065,200,99910,100,100070,100,99909,100,100071,100,99885,100,100081,100,99863,100,100094,100,99849,100
2019-06-28 09:33:50.000000000,100009,474,99998,474,100021,100,99975,100,100025,100,99967,100,100034,100,99952,100,100061,100,99925,100,100065,200,99910,100,100070,100,99909,100,100071,100,99885,100,100081,100,99863,100,100094,100,99849,100
2019-06-28 09:34:00.000000000,100009,227,99998,227,100021,223,99975,223,100025,223,99967,223,100034,100,99952,100,100061,100,99925,100,100065,200,99910,100,100070,100,99909,100,100071,100,99885,100,100081,100,99863,100,100094,100,99849,100
2019-06-28 09:34:10.000000000,100009,474,99998,474,100021,100,99975,100,100025,100,99967,100,100034,100,99952,100,100061,100,99925,100,100065,200,99910,100,100070,100,99909,100,100071,100,99885,100,100081,100,99863,100,100094,100,99849,100
2019-06-28 09:34:20.000000000,100009,194,99998,194,100021,194,99975,194,100025,194,99967,194,100034,194,99952,194,100061,100,99925,100,100065,200,99910,100,100070,100,99909,100,100071,100,99885,100,100081,100,99863,100,100094,100,99849,100
2019-06-28 09:34:30.000000000,100009,227,99998,227,100021,223,99975,223,100025,223,99967,223,100034,100,99952,100,100061,100,99925,100,100065,200,99910,100,100070,100,99909,100,100071,100,99885,100,100081,100,99863,100,100094,100,99849,100
2019-06-28 09:34:36.354595010,100009,227,99998,127,100021,223,99975,223,100025,223,99967,223,100034,100,99952,100,100061,100,99925,100,100065,200,99910,100,100070,100,99909,100,100071,100,99885,100,100081,100,99863,100,100102,100,99849,100
2019-06-28 09:34:40.000000000,100009,175,99975,175,100021,175,99967,175,100025,175,99952,175,100034,175,99925,175,100061,175,99910,175,100065,200,99909,100,100070,100,99885,100,100071,100,99863,100,100081,100,99849,100,100102,100,99826,100
2019-06-28 09:34:48.313630644,100009,175,99975,75,100021,175,99967,175,100025,175,99952,175,100034,175,99925,175,100061,75,99910,175,100065,200,99909,100,100070,100,99885,100,100071,100,99863,100,100081,100,99849,100,100102,100,99826,100
2019-06-28 09:34:50.000000000,100009,287,99967,287,100021,287,99952,287,100025,100,99925,100,100034,100,99910,100,100065,200,99909,100,100070,100,99885,100,100071,100,99863,100,100081,100,99849,100,100102,100,99826,100,100108,200,99805,100
2019-06-28 09:34:54.480979573,100009,287,99967,187,100021,287,99952,287,100025,100,99925,100,100034,100,99910,100,100065,100,99909,100,100070,100,99885,100,100071,100,99863,100,100081,100,99849,100,100102,100,99826,100,100108,200,99805,100
2019-06-28 09:34:56.290704013,100009,287,99967,87,100021,287,99952,287,100025,100,99925,100,100034,100,99910,100,100065,100,99909,100,100070,100,99885,100,100071,100,99863,100,100081,100,99849,100,100102,100,99826,100,100108,200,99805,100
2019-06-28 09:35:00.000000000,100009,175,99952,175,100021,175,99925,175,100025,175,99910,175,100034,175,99909,175,100065,175,99885,175,100070,100,99863,100,100071,100,99849,100,100081,100,99826,100,100102,100,99805,100,100108,200,99778,100
2019-06-28 09:35:01.934505570,100009,175,99952,75,100021,175,99925,175,100025,175,99910,175,100034,175,99909,175,100065,175,99885,175,100070,100,99863,100,100071,100,99849,100,100081,100,99826,100,100102,100,99805,100,100108,200,99778,100
2019-06-28 09:35:05.807552271,99952,25,99925,175,100009,175,99910,175,100021,175,99909,175,100025,175,99885,175,100034,175,99863,100,100065,175,99849,100,100070,100,99826,100,100071,100,99805,100,100081,100,99778,100,100102,100,99776,100
2019-06-28 09:35:07.534093827,99952,25,99925,175,100009,175,99910,175,100021,175,99909,175,100025,175,99885,175,100034,75,99863,100,100065,175,99849,100,100070,100,99826,100,100071,100,99805,100,100081,100,99778,100,100102,100,99776,100
2019-06-28 09:35:10.000000000,99952,212,99925,287,100009,287,99910,287,100021,100,99909,100,100025,100,99885,100,100065,100,99863,100,100070,100,99849,100,100071,100,99826,100,100081,100,99805,100,100102,100,99778,100,100108,200,99776,100
2019-06-28 09:35:20.000000000,99952,152,99925,227,100009,223,99910,223,100021,223,99909,223,100025,100,99885,100,100065,100,99863,100,100070,100,99849,100,100071,100,99826,100,100081,100,99805,100,100102,100,99778,100,100108,200,99776,100
2019-06-28 09:35:30.000000000,99952,399,99925,474,100009,100,99910,100,100021,100,99909,100,100025,100,99885,100,100065,100,99863,100,100070,100,99849,100,100071,100,99826,100,100081,100,99805,100,100102,100,99778,100,100108,200,99776,100
2019-06-28 09:35:40.000000000,99952,399,99925,474,100009,100,99910,100,100021,100,99909,100,100025,100,99885,100,100065,100,99863,100,100070,100,99849,100,100071,100,99826,100,100081,100,99805,100,100102,100,99778,100,100108,200,99776,100
2019-06-28 09:35:50.000000000,99952,100,99925,175,100009,175,99910,175,100021,175,99909,175,100025,175,99885,175,100065,175,99863,175,100070,100,99849,100,100071,100,99826,100,100081,100,99805,100,100102,100,99778,100,100108,200,99776,100
2019-06-28 09:36:00.000000000,99952,100,99925,175,100009,175,99910,175,100021,175,99909,175,100025,175,99885,175,100065,175,99863,175,100070,100,99849,100,100071,100,99826,100,100081,100,99805,100,100102,100,99778,100,100108,200,99776,100
2019-06-28 09:36:01.282577368,99952,200,99925,175,100009,175,99910,175,100021,175,99909,175,100025,175,99885,175,100065,175,99863,175,100070,100,99849,100,100071,100,99826,100,100081,100,99805,100,100102,100,99778,100,100108,200,99776,100
2019-06-28 09:36:10.000000000,99952,312,99925,287,100009,287,99910,287,100021,100,99909,100,100025,100,99885,100,100065,100,99863,100,100070,100,99849,100,100071,100,99826,100,100081,100,99805,100,100102,100,99778,100,100108,200,99776,100
2019-06-28 09:36:20.000000000,99952,312,99925,287,100009,287,99910,287,100021,100,99909,100,100025,100,99885,100,100065,100,99863,100,100070,100,99849,100,100071,100,99826,100,100081,100,99805,100,100102,100,99778,100,100108,200,99776,100
2019-06-28 09:36:30.000000000,99952,200,99925,175,100009,175,99910,175,100021,175,99909,175,100025,175,99885,175,100065,175,99863,175,100070,100,99849,100,100071,100,99826,100,100081,100,99805,100,100102,100,99778,100,100108,200,99776,100
2019-06-28 09:36:33.490026550,99952,200,99925,75,100009,175,99910,175,100021,175,99909,175,100025,175,99885,175,100065,175,99863,175,100070,100,99849,100,100071,100,99826,100,100081,100,99805,100,100102,100,99778,100,100108,200,99695,100
2019-06-28 09:36:40.000000000,99952,200,99910,175,100009,175,99909,175,100021,175,99885,175,100025,175,99863,175,100065,175,99849,175,100070,100,99826,100,100071,100,99805,100,100081,100,99778,100,100102,100,99695,100,100108,200,99655,100
2019-06-28 09:36:50.000000000,99952,499,99910,474,100009,100,99909,100,100021,100,99885,100,100025,100,99863,100,100065,100,99849,100,100070,100,99826,100,100071,100,99805,100,100081,100,99778,100,100102,100,99695,100,100108,200,99655,100
2019-06-28 09:37:00.000000000,99952,312,99910,287,100009,287,99909,287,100021,100,99885,100,100025,100,99863,100,100065,100,99849,100,100070,100,99826,100,100071,100,99805,100,100081,100,99778,100,100102,100,99695,100,100108,200,99655,100
2019-06-28 09:37:05.759992211,99952,312,99910,287,100009,287,99909,287,100021,100,99885,100,100025,100,99863,100,100065,100,99849,100,100070,100,99826,100,100071,100,99805,100,100081,100,99778,100,100102,100,99695,100,100108,200,99655,100
2019-06-28 09:37:10.000000000,99952,219,99910,194,100009,194,99909,194,100021,194,99885,194,100025,194,99863,194,100065,100,99849,100,100070,100,99826,100,100071,100,99805,100,100081,100,99778,100,100102,100,99695,100,100108,200,99655,100
2019-06-28 09:37:20.000000000,99952,312,99910,287,100009,287,99909,287,100021,100,99885,100,100025,100,99863,100,100065,100,99849,100,100070,100,99826,100,100071,100,99805,100,100081,100,99778,100,100102,100,99695,100,100108,200,99655,100
2019-06-28 09:37:21.340799528,99951,100,99910,287,99952,312,99909,287,100009,287,99885,100,100021,100,99863,100,100025,100,99849,100,100065,100,99826,100,100070,100,99805,100,100071,100,99778,100,100081,100,99695,100,100102,100,99655,100
2019-06-28 09:37:30.000000000,99951,287,99910,287,99952,312,99909,287,100009,100,99885,100,100021,100,99863,100,100025,100,99849,100,100065,100,99826,100,100070,100,99805,100,100071,100,99778,100,100081,100,99695,100,100102,100,99655,100
2019-06-28 09:37:40.000000000,99951,474,99910,474,99952,125,99909,100,100009,100,99885,100,100021,100,99863,100,100025,100,99849,100,100065,100,99826,100,100070,100,99805,100,100071,100,99778,100,100081,100,99695,100,100102,100,99655,100
2019-06-28 09:37:50.000000000,99951,287,99910,287,99952,312,99909,287,100009,100,99885,100,100021,100,99863,100,100025,100,99849,100,100065,100,99826,100,100070,100,99805,100,100071,100,99778,100,100081,100,99695,100,100102,100,99655,100
2019-06-28 09:38:00.000000000,99951,175,99910,175,99952,200,99909,175,100009,175,99885,175,100021,175,99863,175,100025,175,99849,175,100065,100,99826,100,100070,100,99805,100,100071,100,99778,100,100081,100,99695,100,100102,100,99655,100
2019-06-28 09:38:03.542274057,99951,175,99910,175,99952,200,99909,175,100009,175,99885,175,100021,175,99863,175,100025,175,99849,175,100065,100,99826,100,100070,100,99805,100,100071,100,99778,100,100081,100,99695,100,100102,100,99655,100
2019-06-28 09:38:10.000000000,99951,194,99910,194,99952,219,99909,194,100009,194,99885,194,100021,194,99863,194,100025,100,99849,100,100065,100,99826,100,100070,100,99805,100,100071,100,99778,100,100081,100,99695,100,100102,100,99655,100
2019-06-28 09:38:20.000000000,99951,287,99910,287,99952,312,99909,287,100009,100,99885,100,100021,100,99863,100,100025,100,99849,100,100065,100,99826,100,100070,100,99805,100,100071,100,99778,100,100081,100,99695,100,100102,100,99655,100
2019-06-28 09:38:30.000000000,99951,227,99910,227,99952,248,99909,223,100009,223,99885,223,100021,100,99863,100,100025,100,99849,100,100065,100,99826,100,100070,100,99805,100,100071,100,99778,100,100081,100,99695,100,100102,100,99655,100
2019-06-28 09:38:31.279310439,99951,327,99910,227,99952,248,99909,223,100009,223,99885,223,100021,100,99863,100,100025,100,99849,100,100065,100,99826,100,100070,100,99805,100,100071,100,99778,100,100081,100,99695,100,100102,100,99655,100
2019-06-28 09:38:40.000000000,99951,294,99910,194,99952,219,99909,194,100009,194,99885,194,100021,194,99863,194,100025,100,99849,100,100065,100,99826,100,100070,100,99805,100,100071,100,99778,100,100081,100,99695,100,100102,100,99655,100
2019-06-28 09:38:41.199168951,99951,394,99910,194,99952,219,99909,194,100009,194,99885,194,100021,194,99863,194,100025,100,99849,100,100065,100,99826,100,100070,100,99805,100,100071,100,99778,100,100081,100,99695,100,100102,100,99655,100
2019-06-28 09:38:50.000000000,99951,427,99910,227,99952,248,99909,223,100009,223,99885,223,100021,100,99863,100,100025,100,99849,100,100065,100,99826,100,100070,100,99805,100,100071,100,99778,100,100081,100,99695,100,100102,100,99655,100
2019-06-28 09:39:00.000000000,99951,375,99910,175,99952,200,99909,175,100009,175,99885,175,100021,175,99863,175,100025,175,99849,175,100065,100,99826,100,100070,100,99805,100,100071,100,99778,100,100081,100,99695,100,100102,100,99655,100
2019-06-28 09:39:03.895248065,99951,375,99910,175,99952,200,99909,175,100009,175,99891,100,100021,175,99885,175,100025,175,99863,175,100070,100,99849,175,100071,100,99826,100,100081,100,99805,100,100102,100,99778,100,100108,200,99695,100
2019-06-28 09:39:10.000000000,99951,487,99910,287,99952,312,99909,287,100009,100,99891,100,100021,100,99885,100,100025,100,99863,100,100070,100,99849,100,100071,100,99826,100,100081,100,99805,100,100102,100,99778,100,100108,200,99695,100
2019-06-28 09:39:20.000000000,99951,394,99910,194,99952,219,99909,194,100009,194,99891,194,100021,194,99885,194,100025,100,99863,100,100070,100,99849,100,100071,100,99826,100,100081,100,99805,100,100102,100,99778,100,100108,200,99695,100
2019-06-28 09:39:22.834560317,99951,294,99910,194,99952,219,99909,194,100009,194,99891,94,100021,194,99885,194,100025,100,99863,100,100070,100,99849,100,100071,100,99826,100,100081,100,99805,100,100102,100,99778,100,100108,200,99695,100
2019-06-28 09:39:30.000000000,99951,275,99910,175,99952,200,99909,175,100009,175,99885,175,100021,175,99863,175,100025,175,99849,175,100070,100,99826,100,100071,100,99805,100,100081,100,99778,100,100102,100,99695,100,100108,200,99655,100
2019-06-28 09:39:30.849415837,99951,275,99910,175,99952,200,99909,175,100009,175,99885,175,100021,175,99868,100,100025,175,99863,175,100070,100,99849,175,100071,100,99826,100,100081,100,99805,100,100102,100,99778,100,100108,200,99695,100
2019-06-28 09:39:40.000000000,99951,294,99910,194,99952,219,99909,194,100009,194,99885,194,100021,194,99868,194,100025,100,99863,100,100070,100,99849,100,100071,100,99826,100,100081,100,99805,100,100102,100,99778,100,100108,200,99695,100
2019-06-28 09:39:50.000000000,99951,294,99910,194,99952,219,99909,194,100009,194,99885,194,100021,194,99868,194,100025,100,99863,100,100070,100,99849,100,100071,100,99826,100,100081,100,99805,100,100102,100,99778,100,100108,200,99695,100
2019-06-28 09:40:00.000000000,99951,275,99910,175,99952,200,99909,175,100009,175,99885,175,100021,175,99868,175,100025,175,99863,175,100070,100,99849,100,100071,100,99826,100,100081,100,99805,100,100102,100,99778,100,100108,200,99695,100
2019-06-28 09:40:10.000000000,99951,327,99910,227,99952,248,99909,223,100009,223,99885,223,100021,100,99868,100,100025,100,99863,100,100070,100,99849,100,100071,100,99826,100,100081,100,99805,100,100102,100,99778,100,100108,200,99695,100
2019-06-28 09:40:14.119259796,99951,327,99910,227,99952,248,99909,223,100009,223,99885,223,100021,100,99868,100,100025,100,99863,100,100070,100,99849,100,100071,100,99826,100,100081,100,99805,100,100102,100,99778,100,100108,100,99695,100
2019-06-28 09:40:18.956732682,99951,227,99910,227,99952,248,99909,223,100009,223,99885,223,100021,100,99868,100,100025,100,99863,100,100070,100,99849,100,100071,100,99826,100,100081,100,99805,100,100102,100,99778,100,100108,100,99695,100
2019-06-28 09:40:20.000000000,99951,175,99910,175,99952,200,99909,175,100009,175,99885,175,100021,175,99868,175,100025,175,99863,175,100070,100,99849,100,100071,100,99826,100,100081,100,99805,100,100102,100,99778,100,100108,100,99695,100
2019-06-28 09:40:30.000000000,99951,175,99910,175,99952,200,99909,175,100009,175,99885,175,100021,175,99868,175,100025,175,99863,175,100070,100,99849,100,100071,100,99826,100,100081,100,99805,100,100102,100,99778,100,100108,100,99695,100
2019-06-28 09:40:40.000000000,99951,175,99910,175,99952,200,99909,175,100009,175,99885,175,100021,175,99868,175,100025,175,99863,175,100070,100,99849,100,100071,100,99826,100,100081,100,99805,100,100102,100,99778,100,100108,100,99695,100
2019-06-28 09:40:50.000000000,99951,175,99910,175,99952,200,99909,175,100009,175,99885,175,100021,175,99868,175,100025,175,99863,175,100070,100,99849,100,100071,100,99826,100,100081,100,99805,100,100102,100,99778,100,100108,100,99695,100
2019-06-28 09:41:00.000000000,99951,175,99910,175,99952,200,99909,175,100009,175,99885,175,100021,175,99868,175,100025,175,99863,175,100070,100,99849,100,100071,100,99826,100,100081,100,99805,100,100102,100,99778,100,100108,100,99695,100
2019-06-28 09:41:02.452319442,99951,175,99910,175,99952,200,99909,175,100009,175,99885,175,100021,175,99868,175,100025,175,99863,175,100070,100,99849,100,100071,100,99826,100,100081,100,99805,100,100102,100,99778,100,100108,100,99695,100
2019-06-28 09:41:10.000000000,99951,474,99910,474,99952,125,99909,100,100009,100,99885,100,100021,100,99868,100,100025,100,99863,100,100070,100,99849,100,100071,100,99826,100,100081,100,99805,100,100102,100,99778,100,100108,100,99695,100
2019-06-28 09:41:20.000000000,99951,287,99910,287,99952,312,99909,287,100009,100,99885,100,100021,100,99868,100,100025,100,99863,100,100070,100,99849,100,100071,100,99826,100,100081,100,99805,100,100102,100,99778,100,100108,100,99695,100
2019-06-28 09:41:30.000000000,99951,227,99910,227,99952,248,99909,223,100009,223,99885,223,100021,100,99868,100,100025,100,99863,100,100070,100,99849,100,100071,100,99826,100,100081,100,99805,100,100102,100,99778,100,100108,100,99695,100
2019-06-28 09:41:33.470407760,99951,227,99910,227,99952,248,99909,223,100009,223,99885,223,100021,100,99868,100,100025,100,99863,100,100070,100,99849,100,100071,100,99826,100,100081,100,99805,100,100102,100,99778,100,100108,100,99655,100
2019-06-28 09:41:40.000000000,99951,227,99910,227,99952,248,99909,223,100009,223,99885,223,100021,100,99868,100,100025,100,99863,100,100070,100,99849,100,100071,100,99826,100,100081,100,99805,100,100102,100,99778,100,100108,100,99655,100
2019-06-28 09:41:50.000000000,99951,287,99910,287,99952,312,99909,287,100009,100,99885,100,100021,100,99868,100,100025,100,99863,100,100070,100,99849,100,100071,100,99826,100,100081,100,99805,100,100102,100,99778,100,100108,100,99655,100
2019-06-28 09:41:55.829007414,99951,187,99910,287,99952,312,99909,287,100009,100,99885,100,100021,100,99868,100,100025,100,99863,100,100070,100,99849,100,100071,100,99826,100,100081,100,99805,100,100102,100,99778,100,100108,100,99655,100
2019-06-28 09:42:00.000000000,99952,200,99910,175,100009,175,99909,175,100021,175,99885,175,100025,175,99868,175,100070,175,99863,175,100071,100,99849,100,100081,100,99826,100,100102,100,99805,100,100108,100,99778,100,100114,100,99655,100
2019-06-28 09:42:10.000000000,99952,200,99910,175,100009,175,99909,175,100021,175,99885,175,100025,175,99868,175,100070,175,99863,175,100071,100,99849,100,100081,100,99826,100,100102,100,99805,100,100108,100,99778,100,100114,100,99655,100
2019-06-28 09:42:11.010859542,99951,100,99910,175,99952,200,99909,175,100009,175,99885,175,100021,175,99868,175,100025,175,99863,175,100070,175,99849,100,100071,100,99826,100,100081,100,99805,100,100102,100,99778,100,100108,100,99655,100
2019-06-28 09:42:20.000000000,99951,175,99910,175,99952,200,99909,175,100009,175,99885,175,100021,175,99868,175,100025,175,99863,175,100070,100,99849,100,100071,100,99826,100,100081,100,99805,100,100102,100,99778,100,100108,100,99655,100
2019-06-28 09:42:30.000000000,99951,227,99910,227,99952,248,99909,223,100009,223,99885,223,100021,100,99868,100,100025,100,99863,100,100070,100,99849,100,100071,100,99826,100,100081,100,99805,100,100102,100,99778,100,100108,100,99655,100
2019-06-28 09:42:40.000000000,99951,474,99910,474,99952,125,99909,100,100009,100,99885,100,100021,100,99868,100,100025,100,99863,100,100070,100,99849,100,100071,100,99826,100,100081,100,99805,100,100102,100,99778,100,100108,100,99655,100
2019-06-28 09:42:42.969501543,99951,474,99910,374,99952,125,99909,100,100009,100,99885,100,100025,100,99868,100,100070,100,99863,100,100071,100,99849,100,100081,100,99826,100,100102,100,99805,100,100108,100,99778,100,100114,100,99655,100
2019-06-28 09:42:50.000000000,99951,175,99909,175,99952,200,99885,175,100009,175,99868,175,100025,175,99863,175,100070,175,99849,175,100071,100,99826,100,100081,100,99805,100,100102,100,99778,100,100108,100,99655,100,100114,100,99612,100
2019-06-28 09:43:00.000000000,99951,175,99909,175,99952,200,99885,175,100009,175,99868,175,100025,175,99863,175,100070,175,99849,175,100071,100,99826,100,100081,100,99805,100,100102,100,99778,100,100108,100,99655,100,100114,100,99612,100
2019-06-28 09:43:10.000000000,99951,194,99909,194,99952,219,99885,194,100009,194,99868,194,100025,194,99863,194,100070,100,99849,100,100071,100,99826,100,100081,100,99805,100,100102,100,99778,100,100108,100,99655,100,100114,100,99612,100
2019-06-28 09:43:20.000000000,99951,474,99909,474,99952,125,99885,100,100009,100,99868,100,100025,100,99863,100,100070,100,99849,100,100071,100,99826,100,100081,100,99805,100,100102,100,99778,100,100108,100,99655,100,100114,100,99612,100
2019-06-28 09:43:30.000000000,99951,175,99909,175,99952,200,99885,175,100009,175,99868,175,100025,175,99863,175,100070,175,99849,175,100071,100,99826,100,100081,100,99805,100,100102,100,99778,100,100108,100,99655,100,100114,100,99612,100
2019-06-28 09:43:40.000000000,99951,175,99909,175,99952,200,99885,175,100009,175,99868,175,100025,175,99863,175,100070,175,99849,175,100071,100,99826,100,100081,100,99805,100,100102,100,99778,100,100108,100,99655,100,100114,100,99612,100
2019-06-28 09:43:43.532929864,99951,175,99909,175,99952,200,99885,175,100009,175,99868,175,100025,175,99863,175,100070,175,99849,175,100071,100,99826,100,100081,100,99805,100,100102,100,99778,100,100108,100,99771,100,100114,100,99655,100
2019-06-28 09:43:45.112832728,99951,175,99909,75,99952,200,99885,175,100009,175,99868,175,100025,175,99863,175,100070,175,99849,175,100071,100,99826,100,100081,100,99805,100,100102,100,99778,100,100108,100,99771,100,100114,100,99655,100
2019-06-28 09:43:50.000000000,99951,194,99885,194,99952,219,99868,194,100009,194,99863,194,100025,194,99849,194,100070,100,99826,100,100071,100,99805,100,100081,100,99778,100,100102,100,99771,100,100108,100,99655,100,100114,100,99612,100
2019-06-28 09:44:00.000000000,99951,194,99885,194,99952,219,99868,194,100009,194,99863,194,100025,194,99849,194,100070,100,99826,100,100071,100,99805,100,100081,100,99778,100,100102,100,99771,100,100108,100,99655,100,100114,100,99612,100
2019-06-28 09:44:10.000000000,99951,175,99885,175,99952,200,99868,175,100009,175,99863,175,100025,175,99849,175,100070,175,99826,175,100071,100,99805,100,100081,100,99778,100,100102,100,99771,100,100108,100,99655,100,100114,100,99612,100
2019-06-28 09:44:13.280816040,99951,175,99885,75,99952,200,99868,175,100009,175,99863,175,100025,175,99849,175,100070,175,99826,175,100071,100,99805,100,100081,100,99778,100,100102,100,99771,100,100108,100,99655,100,100114,100,99612,100
2019-06-28 09:44:15.286074704,99909,100,99885,75,99951,175,99868,175,99952,200,99863,175,100009,175,99849,175,100025,175,99826,175,100070,175,99805,100,100071,100,99778,100,100081,100,99771,100,100102,100,99655,100,100108,100,99612,100
2019-06-28 09:44:20.000000000,99909,194,99868,194,99951,194,99863,194,99952,219,99849,194,100009,194,99826,194,100025,100,99805,100,100070,100,99778,100,100071,100,99771,100,100081,100,99655,100,100102,100,99612,100,100108,100,99263,100
2019-06-28 09:44:25.206159921,99909,194,99868,194,99951,194,99863,194,99952,219,99849,194,100009,194,99826,194,100025,100,99805,100,100070,100,99778,100,100071,100,99771,100,100081,100,99655,100,100102,100,99612,100,100108,100,99433,100
2019-06-28 09:44:30.000000000,99909,287,99868,287,99951,287,99863,287,99952,125,99849,100,100009,100,99826,100,100025,100,99805,100,100070,100,99778,100,100071,100,99771,100,100081,100,99655,100,100102,100,99612,100,100108,100,99433,100
2019-06-28 09:44:36.621642867,99909,387,99868,287,99951,287,99863,287,99952,125,99849,100,100009,100,99826,100,100025,100,99805,100,100070,100,99778,100,100071,100,99771,100,100081,100,99655,100,100102,100,99612,100,100108,100,99433,100
2019-06-28 09:44:40.000000000,99909,294,99868,194,99951,194,99863,194,99952,219,99849,194,100009,194,99826,194,100025,100,99805,100,100070,100,99778,100,100071,100,99771,100,100081,100,99655,100,100102,100,99612,100,100108,100,99433,100
2019-06-28 09:44:49.921623812,99909,294,99868,194,99951,194,99863,194,99952,219,99849,194,100009,194,99826,194,100025,100,99805,100,100070,100,99778,100,100071,100,99771,100,100081,100,99746,100,100102,100,99655,100,100108,100,99612,100
2019-06-28 09:44:50.000000000,99909,294,99868,194,99951,194,99863,194,99952,219,99849,194,100009,194,99826,194,100025,100,99805,100,100070,100,99778,100,100071,100,99771,100,100081,100,99746,100,100102,100,99655,100,100108,100,99612,100
2019-06-28 09:44:51.209632210,99909,294,99868,94,99951,194,99863,194,99952,219,99849,194,100009,194,99826,194,100025,100,99805,100,100070,100,99778,100,100071,100,99771,100,100081,100,99746,100,100102,100,99655,100,100108,100,99612,100
2019-06-28 09:44:57.714252490,99885,100,99868,94,99909,194,99863,194,99951,194,99849,194,99952,219,99826,194,100009,194,99805,100,100025,100,99778,100,100070,100,99771,100,100071,100,99746,100,100081,100,99655,100,100102,100,99612,100
2019-06-28 09:44:58.333641552,99885,200,99868,94,99909,194,99863,194,99951,194,99849,194,99952,219,99826,194,100009,194,99805,100,100025,100,99778,100,100070,100,99771,100,100071,100,99746,100,100081,100,99655,100,100102,100,99612,100
2019-06-28 09:45:00.000000000,99885,387,99863,287,99909,287,99849,287,99951,100,99826,100,99952,125,99805,100,100009,100,99778,100,100025,100,99771,100,100070,100,99746,100,100071,100,99655,100,100081,100,99612,100,100102,100,99433,100
2019-06-28 09:45:03.681459029,99885,387,99863,287,99909,287,99849,287,99934,100,99826,100,99951,100,99805,100,99952,125,99771,100,100009,100,99746,100,100025,100,99655,100,100070,100,99612,100,100071,100,99433,100,100081,100,99263,100
2019-06-28 09:45:10.000000000,99885,294,99863,194,99909,194,99849,194,99934,194,99826,194,99951,194,99805,194,99952,125,99771,100,100009,100,99746,100,100025,100,99655,100,100070,100,99612,100,100071,100,99433,100,100081,100,99263,100
2019-06-28 09:45:20.000000000,99885,574,99863,474,99909,100,99849,100,99934,100,99826,100,99951,100,99805,100,99952,125,99771,100,100009,100,99746,100,100025,100,99655,100,100070,100,99612,100,100071,100,99433,100,100081,100,99263,100
2019-06-28 09:45:30.000000000,99885,275,99863,175,99909,175,99849,175,99934,175,99826,175,99951,175,99805,175,99952,200,99771,175,100009,100,99746,100,100025,100,99655,100,100070,100,99612,100,100071,100,99433,100,100081,100,99263,100
2019-06-28 09:45:40.000000000,99885,574,99863,474,99909,100,99849,100,99934,100,99826,100,99951,100,99805,100,99952,125,99771,100,100009,100,99746,100,100025,100,99655,100,100070,100,99612,100,100071,100,99433,100,100081,100,99263,100
2019-06-28 09:45:46.048094577,99885,574,99863,474,99909,100,99849,100,99934,100,99826,100,99951,100,99805,100,99952,125,99771,100,100009,100,99746,100,100025,100,99655,100,100070,100,99612,100,100071,100,99433,100,100081,100,99263,100
2019-06-28 09:45:46.533202916,99885,574,99863,474,99909,100,99849,100,99934,100,99826,100,99951,100,99805,100,99952,125,99771,100,100009,100,99746,100,100025,100,99655,100,100070,100,99612,100,100071,100,99433,100,100081,100,99263,100
2019-06-28 09:45:50.000000000,99885,327,99863,227,99909,223,99849,223,99934,223,99826,223,99951,100,99805,100,99952,125,99771,100,100009,100,99746,100,100025,100,99655,100,100070,100,99612,100,100071,100,99433,100,100081,100,99263,100
2019-06-28 09:45:58.918081585,99885,327,99863,127,99909,223,99849,223,99934,223,99826,223,99951,100,99805,100,99952,125,99771,100,100009,100,99746,100,100025,100,99655,100,100070,100,99612,100,100071,100,99433,100,100081,100,99263,100
2019-06-28 09:46:00.000000000,99885,294,99849,194,99909,194,99826,194,99934,194,99805,194,99951,194,99771,194,99952,125,99746,100,100009,100,99655,100,100025,100,99612,100,100070,100,99433,100,100071,100,99263,100,100081,100,99174,100
2019-06-28 09:46:10.000000000,99885,327,99849,227,99909,223,99826,223,99934,223,99805,223,99951,100,99771,100,99952,125,99746,100,100009,100,99655,100,100025,100,99612,100,100070,100,99433,100,100071,100,99263,100,100081,100,99174,100
2019-06-28 09:46:10.906671953,99885,327,99849,127,99909,223,99826,223,99934,223,99805,223,99951,100,99771,100,99952,125,99746,100,100009,100,99655,100,100025,100,99612,100,100070,100,99433,100,100071,100,99263,100,100081,100,99174,100
2019-06-28 09:46:11.073177289,99885,327,99849,127,99909,223,99826,223,99934,223,99805,223,99951,100,99771,100,99952,125,99746,100,100009,100,99655,100,100070,100,99612,100,100071,100,99433,100,100081,100,99263,100,100102,100,99177,100
2019-06-28 09:46:11.831249921,99885,327,99849,27,99909,223,99826,223,99934,223,99805,223,99951,100,99771,100,99952,125,99746,100,100009,100,99655,100,100070,100,99612,100,100071,100,99433,100,100081,100,99263,100,100102,100,99177,100
2019-06-28 09:46:20.000000000,99885,294,99826,194,99909,194,99805,194,99934,194,99771,194,99951,194,99746,194,99952,125,99655,100,100009,100,99612,100,100070,100,99433,100,100071,100,99263,100,100081,100,99177,100,100102,100,99174,100
2019-06-28 09:46:24.543636353,99849,100,99826,194,99885,294,99805,194,99909,194,99771,194,99934,194,99746,194,99951,194,99655,100,99952,125,99612,100,100009,100,99433,100,100070,100,99263,100,100071,100,99177,100,100081,100,99174,100
2019-06-28 09:46:30.000000000,99849,227,99826,227,99885,323,99805,223,99909,223,99771,223,99934,100,99746,100,99951,100,99655,100,99952,125,99612,100,100009,100,99433,100,100070,100,99263,100,100071,100,99177,100,100081,100,99174,100
2019-06-28 09:46:36.343691050,99849,227,99826,227,99885,323,99805,223,99909,223,99771,223,99934,100,99746,100,99951,100,99655,100,99952,125,99612,100,100009,100,99433,100,100070,100,99263,100,100071,100,99177,100,100081,100,99174,100
2019-06-28 09:46:40.000000000,99849,175,99826,175,99885,275,99805,175,99909,175,99771,175,99934,175,99746,175,99951,175,99655,175,99952,125,99612,100,100009,100,99433,100,100070,100,99263,100,100071,100,99177,100,100081,100,99174,100
2019-06-28 09:46:40.580997108,99849,275,99826,175,99885,175,99805,175,99909,175,99771,175,99934,175,99746,175,99951,175,99655,175,99952,125,99612,100,100009,100,99433,100,100070,100,99263,100,100071,100,99177,100,100081,100,99174,100
2019-06-28 09:46:46.091535678,99849,275,99826,75,99885,175,99805,175,99909,175,99771,175,99934,175,99746,175,99951,175,99655,175,99952,125,99612,100,100009,100,99433,100,100070,100,99263,100,100071,100,99177,100,100081,100,99174,100
2019-06-28 09:46:50.000000000,99849,327,99805,227,99885,223,99771,223,99909,223,99746,223,99934,100,99655,100,99951,100,99612,100,99952,125,99433,100,100009,100,99263,100,100070,100,99177,100,100071,100,99174,100,100081,100,98796,100
2019-06-28 09:46:50.918958126,99849,327,99805,127,99885,223,99771,223,99909,223,99746,223,99934,100,99655,100,99951,100,99612,100,99952,125,99433,100,100009,100,99263,100,100070,100,99177,100,100071,100,99174,100,100081,100,98796,100
2019-06-28 09:46:54.754373788,99826,100,99805,127,99849,227,99771,223,99885,223,99746,223,99909,223,99655,100,99934,100,99612,100,99951,100,99433,100,99952,125,99263,100,100009,100,99177,100,100070,100,99174,100,100071,100,98796,100
2019-06-28 09:47:00.000000000,99826,194,99771,194,99849,194,99746,194,99885,194,99655,194,99909,194,99612,194,99934,100,99433,100,99951,100,99263,100,99952,125,99177,100,100009,100,99174,100,100070,100,98796,100,100071,100,,
2019-06-28 09:47:08.591791136,99826,194,99771,94,99849,194,99746,194,99885,194,99655,194,99909,194,99612,194,99934,100,99433,100,99951,100,99263,100,99952,125,99177,100,100009,100,99174,100,100070,100,98796,100,100071,100,,
2019-06-28 09:47:10.000000000,99826,474,99746,474,99849,100,99655,100,99885,100,99612,100,99909,100,99433,100,99934,100,99263,100,99951,100,99177,100,99952,125,99174,100,100009,100,98796,100,100070,100,,,100071,100,,
2019-06-28 09:47:16.346855621,99826,474,99746,374,99849,100,99655,100,99885,100,99612,100,99909,100,99433,100,99934,100,99263,100,99952,125,99177,100,100009,100,99174,100,100070,100,98796,100,100071,100,,,100081,100,,
2019-06-28 09:47:20.000000000,99826,287,99655,287,99849,287,99612,287,99885,100,99433,100,99909,100,99263,100,99934,100,99177,100,99952,125,99174,100,100009,100,98796,100,100070,100,,,100071,100,,,100081,100,,
2019-06-28 09:47:27.700042633,99771,100,99655,287,99826,287,99612,287,99849,287,99433,100,99885,100,99263,100,99909,100,99177,100,99934,100,99174,100,99952,125,98796,100,100009,100,,,100070,100,,,100071,100,,
2019-06-28 09:47:30.000000000,99771,194,99655,194,99826,194,99612,194,99849,194,99433,194,99885,194,99263,194,99909,100,99177,100,99934,100,99174,100,99952,125,98796,100,100009,100,,,100070,100,,,100071,100,,
2019-06-28 09:47:40.000000000,99771,287,99655,287,99826,287,99612,287,99849,100,99433,100,99885,100,99263,100,99909,100,99177,100,99934,100,99174,100,99952,125,98796,100,100009,100,,,100070,100,,,100071,100,,
2019-06-28 09:47:50.000000000,99771,227,99655,227,99826,223,99612,223,99849,223,99433,223,99885,100,99263,100,99909,100,99177,100,99934,100,99174,100,99952,125,98796,100,100009,100,,,100070,100,,,100071,100,,
2019-06-28 09:48:00.000000000,99771,175,99655,175,99826,175,99612,175,99849,175,99433,175,99885,175,99263,175,99909,175,99177,175,99934,100,99174,100,99952,125,98796,100,100009,100,,,100070,100,,,100071,100,,
2019-06-28 09:48:10.000000000,99771,194,99655,194,99826,194,99612,194,99849,194,99433,194,99885,194,99263,194,99909,100,99177,100,99934,100,99174,100,99952,125,98796,100,100009,100,,,100070,100,,,100071,100,,
2019-06-28 09:48:20.000000000,99771,227,99655,227,99826,223,99612,223,99849,223,99433,223,99885,100,99263,100,99909,100,99177,100,99934,100,99174,100,99952,125,98796,100,100009,100,,,100070,100,,,100071,100,,
2019-06-28 09:48:30.000000000,99771,474,99655,474,99826,100,99612,100,99849,100,99433,100,99885,100,99263,100,99909,100,99177,100,99934,100,99174,100,99952,125,98796,100,100009,100,,,100070,100,,,100071,100,,
2019-06-28 09:48:40.000000000,99771,287,99655,287,99826,287,99612,287,99849,100,99433,100,99885,100,99263,100,99909,100,99177,100,99934,100,99174,100,99952,125,98796,100,100009,100,,,100070,100,,,100071,100,,
2019-06-28 09:48:50.000000000,99771,194,99655,194,99826,194,99612,194,99849,194,99433,194,99885,194,99263,194,99909,100,99177,100,99934,100,99174,100,99952,125,98796,100,100009,100,,,100070,100,,,100071,100,,
2019-06-28 09:49:00.000000000,99771,194,99655,194,99826,194,99612,194,99849,194,99433,194,99885,194,99263,194,99909,100,99177,100,99934,100,99174,100,99952,125,98796,100,100009,100,,,100070,100,,,100071,100,,
2019-06-28 09:49:10.000000000,99771,194,99655,194,99826,194,99612,194,99849,194,99433,194,99885,194,99263,194,99909,100,99177,100,99934,100,99174,100,99952,125,98796,100,100009,100,,,100070,100,,,100071,100,,
2019-06-28 09:49:10.273820299,99771,194,99655,194,99826,194,99612,194,99848,100,99433,194,99849,194,99263,194,99885,194,99177,100,99909,100,99174,100,99934,100,98796,100,99952,125,,,100009,100,,,100070,100,,
2019-06-28 09:49:20.000000000,99771,175,99655,175,99826,175,99612,175,99848,175,99433,175,99849,175,99263,175,99885,175,99177,175,99909,100,99174,100,99934,100,98796,100,99952,125,,,100009,100,,,100070,100,,
2019-06-28 09:49:25.050501440,99771,175,99747,100,99826,175,99655,175,99848,175,99612,175,99849,175,99433,175,99885,175,99263,175,99934,100,99177,175,99952,125,99174,100,100009,100,98796,100,100070,100,,,100071,100,,
2019-06-28 09:49:30.000000000,99771,287,99747,287,99826,287,99655,287,99848,100,99612,100,99849,100,99433,100,99885,100,99263,100,99934,100,99177,100,99952,125,99174,100,100009,100,98796,100,100070,100,,,100071,100,,
2019-06-28 09:49:36.871327015,99771,187,99747,287,99826,287,99655,287,99848,100,99612,100,99849,100,99433,100,99885,100,99263,100,99934,100,99177,100,99952,125,99174,100,100009,100,98796,100,100070,100,,,100071,100,,
2019-06-28 09:49:40.000000000,99826,227,99747,227,99848,223,99655,223,99849,223,99612,223,99885,100,99433,100,99934,100,99263,100,99952,125,99177,100,100009,100,99174,100,100070,100,98796,100,100071,100,,,100081,100,,
2019-06-28 09:49:50.000000000,99826,175,99747,175,99848,175,99655,175,99849,175,99612,175,99885,175,99433,175,99934,175,99263,175,99952,125,99177,100,100009,100,99174,100,100070,100,98796,100,100071,100,,,100081,100,,
2019-06-28 09:49:59.544503279,99826,175,99747,75,99848,175,99655,175,99849,175,99612,175,99885,175,99433,175,99934,175,99263,175,99952,125,99177,100,100009,100,99174,100,100071,100,98796,100,100081,100,,,100102,100,,
2019-06-28 09:50:00.000000000,99826,227,99655,227,99848,223,99612,223,99849,223,99433,223,99885,100,99263,100,99934,100,99177,100,99952,125,99174,100,100009,100,98796,100,100071,100,,,100081,100,,,100102,100,,
2019-06-28 09:50:10.000000000,99826,194,99655,194,99848,194,99612,194,99849,194,99433,194,99885,194,99263,194,99934,100,99177,100,99952,125,99174,100,100009,100,98796,100,100071,100,,,100081,100,,,100102,100,,
2019-06-28 09:50:20.000000000,99826,287,99655,287,99848,287,99612,287,99849,100,99433,100,99885,100,99263,100,99934,100,99177,100,99952,125,99174,100,100009,100,98796,100,100071,100,,,100081,100,,,100102,100,,
2019-06-28 09:50:25.398153789,99826,187,99655,287,99848,287,99612,287,99849,100,99433,100,99885,100,99263,100,99934,100,99177,100,99952,125,99174,100,100009,100,98796,100,100071,100,,,100081,100,,,100102,100,,
2019-06-28 09:50:30.000000000,99848,175,99655,175,99849,175,99612,175,99885,175,99433,175,99934,175,99263,175,99952,200,99177,175,100009,100,99174,100,100071,100,98796,100,100081,100,,,100102,100,,,100108,100,,
2019-06-28 09:50:40.000000000,99848,227,99655,227,99849,223,99612,223,99885,223,99433,223,99934,100,99263,100,99952,125,99177,100,100009,100,99174,100,100071,100,98796,100,100081,100,,,100102,100,,,100108,100,,
2019-06-28 09:50:42.101951470,99848,227,99655,227,99849,223,99612,223,99885,223,99433,223,99934,100,99263,100,99952,125,99177,100,100009,100,99174,100,100061,100,98796,100,100071,100,,,100081,100,,,100102,100,,
2019-06-28 09:50:50.000000000,99848,474,99655,474,99849,100,99612,100,99885,100,99433,100,99934,100,99263,100,99952,125,99177,100,100009,100,99174,100,100061,100,98796,100,100071,100,,,100081,100,,,100102,100,,
2019-06-28 09:50:51.758415216,99825,100,99655,474,99848,474,99612,100,99849,100,99433,100,99885,100,99263,100,99934,100,99177,100,99952,125,99174,100,100009,100,98796,100,100061,100,,,100071,100,,,100081,100,,
2019-06-28 09:51:00.000000000,99825,287,99655,287,99848,287,99612,287,99849,100,99433,100,99885,100,99263,100,99934,100,99177,100,99952,125,99174,100,100009,100,98796,100,100061,100,,,100071,100,,,100081,100,,
2019-06-28 09:51:05.851191854,99825,287,99657,100,99848,287,99655,287,99849,100,99612,287,99885,100,99433,100,99934,100,99263,100,99952,125,99177,100,100009,100,99174,100,100061,100,98796,100,100071,100,,,100081,100,,
2019-06-28 09:51:10.000000000,99825,227,99657,227,99848,223,99655,223,99849,223,99612,223,99885,100,99433,100,99934,100,99263,100,99952,125,99177,100,100009,100,99174,100,100061,100,98796,100,100071,100,,,100081,100,,
2019-06-28 09:51:20.000000000,99825,287,99657,287,99848,287,99655,287,99849,100,99612,100,99885,100,99433,100,99934,100,99263,100,99952,125,99177,100,100009,100,99174,100,100061,100,98796,100,100071,100,,,100081,100,,
2019-06-28 09:51:30.000000000,99825,175,99657,175,99848,175,99655,175,99849,175,99612,175,99885,175,99433,175,99934,175,99263,175,99952,125,99177,100,100009,100,99174,100,100061,100,98796,100,100071,100,,,100081,100,,
2019-06-28 09:51:40.000000000,99825,287,99657,287,99848,287,99655,287,99849,100,99612,100,99885,100,99433,100,99934,100,99263,100,99952,125,99177,100,100009,100,99174,100,100061,100,98796,100,100071,100,,,100081,100,,
2019-06-28 09:51:50.000000000,99825,287,99657,287,99848,287,99655,287,99849,100,99612,100,99885,100,99433,100,99934,100,99263,100,99952,125,99177,100,100009,100,99174,100,100061,100,98796,100,100071,100,,,100081,100,,
2019-06-28 09:52:00.000000000,99825,227,99657,227,99848,223,99655,223,99849,223,99612,223,99885,100,99433,100,99934,100,99263,100,99952,125,99177,100,100009,100,99174,100,100061,100,98796,100,100071,100,,,100081,100,,
2019-06-28 09:52:10.000000000,99825,194,99657,194,99848,194,99655,194,99849,194,99612,194,99885,194,99433,194,99934,100,99263,100,99952,125,99177,100,100009,100,99174,100,100061,100,98796,100,100071,100,,,100081,100,,
2019-06-28 09:52:20.000000000,99825,287,99657,287,99848,287,99655,287,99849,100,99612,100,99885,100,99433,100,99934,100,99263,100,99952,125,99177,100,100009,100,99174,100,100061,100,98796,100,100071,100,,,100081,100,,
2019-06-28 09:52:22.961027652,99825,387,99657,287,99848,287,99655,287,99885,100,99612,100,99934,100,99433,100,99952,125,99263,100,100009,100,99177,100,100061,100,99174,100,100071,100,98796,100,100081,100,,,100102,100,,
2019-06-28 09:52:29.837690419,99825,287,99657,287,99848,287,99655,287,99885,100,99612,100,99934,100,99433,100,99952,125,99263,100,100009,100,99177,100,100061,100,98796,100,100071,100,,,100081,100,,,100102,100,,
2019-06-28 09:52:30.000000000,99825,474,99657,474,99848,100,99655,100,99885,100,99612,100,99934,100,99433,100,99952,125,99263,100,100009,100,99177,100,100061,100,98796,100,100071,100,,,100081,100,,,100102,100,,
2019-06-28 09:52:33.675536137,99825,374,99657,474,99848,100,99655,100,99885,100,99612,100,99934,100,99433,100,99952,25,99263,100,100009,100,99177,100,100061,100,98796,100,100071,100,,,100081,100,,,100102,100,,
2019-06-28 09:52:40.000000000,99848,474,99657,474,99885,100,99655,100,99934,100,99612,100,99952,25,99433,100,100009,100,99263,100,100061,100,99177,100,100071,100,98796,100,100081,100,,,100102,100,,,100108,100,,
2019-06-28 09:52:50.000000000,99848,175,99657,175,99885,175,99655,175,99934,175,99612,175,99952,100,99433,175,100009,175,99263,175,100061,100,99177,100,100071,100,98796,100,100081,100,,,100102,100,,,100108,100,,
2019-06-28 09:52:50.273898593,99766,100,99657,175,99848,175,99655,175,99885,175,99612,175,99934,175,99433,175,99952,100,99263,175,100009,175,99177,100,100061,100,98796,100,100071,100,,,100081,100,,,100102,100,,
2019-06-28 09:52:53.597553987,99766,100,99657,175,99848,175,99655,175,99885,175,99648,100,99934,175,99612,175,99952,100,99433,175,100009,175,99263,175,100061,100,99177,100,100071,100,98796,100,100081,100,,,100102,100,,
2019-06-28 09:53:00.000000000,99766,227,99657,227,99848,223,99655,223,99885,223,99648,223,99934,100,99612,100,99952,25,99433,100,100009,100,99263,100,100061,100,99177,100,100071,100,98796,100,100081,100,,,100102,100,,
2019-06-28 09:53:00.742560938,99766,227,99657,227,99848,223,99655,223,99885,223,99648,223,99934,100,99612,100,99952,25,99480,100,100009,100,99433,100,100061,100,99263,100,100071,100,99177,100,100081,100,98796,100,100102,100,,
2019-06-28 09:53:10.000000000,99766,194,99657,194,99848,194,99655,194,99885,194,99648,194,99934,194,99612,194,99952,25,99480,100,100009,100,99433,100,100061,100,99263,100,100071,100,99177,100,100081,100,98796,100,100102,100,,
2019-06-28 09:53:12.406085235,99766,194,99657,194,99824,100,99655,194,99848,194,99648,194,99885,194,99612,194,99934,194,99480,100,99952,25,99433,100,100009,100,99263,100,100061,100,99177,100,100071,100,98796,100,100081,100,,
2019-06-28 09:53:20.000000000,99766,474,99657,474,99824,100,99655,100,99848,100,99648,100,99885,100,99612,100,99934,100,99480,100,99952,25,99433,100,100009,100,99263,100,100061,100,99177,100,100071,100,98796,100,100081,100,,
2019-06-28 09:53:21.228413344,99766,374,99657,474,99824,100,99655,100,99848,100,99648,100,99885,100,99612,100,99934,100,99480,100,99952,25,99433,100,100009,100,99263,100,100061,100,99177,100,100071,100,98796,100,100081,100,,
2019-06-28 09:53:28.895196714,99766,274,99657,474,99824,100,99655,100,99848,100,99648,100,99885,100,99612,100,99934,100,99480,100,99952,25,99433,100,100009,100,99263,100,100061,100,99177,100,100071,100,98796,100,100081,100,,
2019-06-28 09:53:29.775140679,99766,274,99657,374,99824,100,99655,100,99848,100,99648,100,99885,100,99612,100,99934,100,99480,100,99952,25,99433,100,100009,100,99263,100,100033,100,99177,100,100061,100,98796,100,100071,100,,
2019-06-28 09:53:30.000000000,99824,227,99655,227,99848,223,99648,223,99885,223,99612,223,99934,100,99480,100,99952,25,99433,100,100009,100,99263,100,100033,100,99177,100,100061,100,98796,100,100071,100,,,100081,100,,
2019-06-28 09:53:40.000000000,99824,194,99655,194,99848,194,99648,194,99885,194,99612,194,99934,194,99480,194,99952,25,99433,100,100009,100,99263,100,100033,100,99177,100,100061,100,98796,100,100071,100,,,100081,100,,
2019-06-28 09:53:43.162362984,99672,100,99655,194,99824,194,99648,194,99848,194,99612,194,99885,194,99480,194,99934,194,99433,100,99952,25,99263,100,100009,100,99177,100,100033,100,98796,100,100061,100,,,100071,100,,
2019-06-28 09:53:50.000000000,99672,287,99655,287,99824,287,99648,287,99848,100,99612,100,99885,100,99480,100,99934,100,99433,100,99952,25,99263,100,100009,100,99177,100,100033,100,98796,100,100061,100,,,100071,100,,
2019-06-28 09:54:00.000000000,99672,175,99655,175,99824,175,99648,175,99848,175,99612,175,99885,175,99480,175,99934,175,99433,175,99952,25,99263,100,100009,100,99177,100,100033,100,98796,100,100061,100,,,100071,100,,
2019-06-28 09:54:10.000000000,99672,194,99655,194,99824,194,99648,194,99848,194,99612,194,99885,194,99480,194,99934,100,99433,100,99952,25,99263,100,100009,100,99177,100,100033,100,98796,100,100061,100,,,100071,100,,
2019-06-28 09:54:20.000000000,99672,474,99655,474,99824,100,99648,100,99848,100,99612,100,99885,100,99480,100,99934,100,99433,100,99952,25,99263,100,100009,100,99177,100,100033,100,98796,100,100061,100,,,100071,100,,
2019-06-28 09:54:25.421215799,99672,474,99655,474,99824,100,99648,100,99829,100,99612,100,99848,100,99480,100,99885,100,99433,100,99934,100,99263,100,99952,25,99177,100,100009,100,98796,100,100033,100,,,100061,100,,
2019-06-28 09:54:30.000000000,99672,175,99655,175,99824,175,99648,175,99829,175,99612,175,99848,175,99480,175,99885,175,99433,175,99934,100,99263,100,99952,25,99177,100,100009,100,98796,100,100033,100,,,100061,100,,
2019-06-28 09:54:30.472581894,99672,175,99655,175,99824,175,99648,175,99829,175,99612,175,99843,100,99480,175,99848,175,99433,175,99885,175,99263,100,99934,100,99177,100,99952,25,98796,100,100009,100,,,100033,100,,
2019-06-28 09:54:34.105480965,99672,175,99655,175,99824,75,99648,175,99829,175,99612,175,99843,100,99480,175,99848,175,99433,175,99885,175,99263,100,99934,100,99177,100,99952,25,98796,100,100009,100,,,100033,100,,
2019-06-28 09:54:40.000000000,99672,194,99655,194,99829,194,99648,194,99843,194,99612,194,99848,194,99480,194,99885,100,99433,100,99934,100,99263,100,99952,25,99177,100,100009,100,98796,100,100033,100,,,100061,100,,
2019-06-28 09:54:46.402433506,99672,94,99655,194,99829,194,99648,194,99843,194,99612,194,99848,194,99480,194,99885,100,99433,100,99934,100,99263,100,99952,25,99177,100,100009,100,98796,100,100033,100,,,100061,100,,
2019-06-28 09:54:50.000000000,99829,175,99655,175,99843,175,99648,175,99848,175,99612,175,99885,175,99480,175,99934,175,99433,175,99952,25,99263,100,100009,100,99177,100,100033,100,98796,100,100061,100,,,100071,100,,
2019-06-28 09:55:00.000000000,99829,175,99655,175,99843,175,99648,175,99848,175,99612,175,99885,175,99480,175,99934,175,99433,175,99952,25,99263,100,100009,100,99177,100,100033,100,98796,100,100061,100,,,100071,100,,
2019-06-28 09:55:03.331254133,99714,100,99655,175,99829,175,99648,175,99843,175,99612,175,99848,175,99480,175,99885,175,99433,175,99934,175,99263,100,99952,25,99177,100,100009,100,98796,100,100033,100,,,100061,100,,
2019-06-28 09:55:10.000000000,99714,194,99655,194,99829,194,99648,194,99843,194,99612,194,99848,194,99480,194,99885,100,99433,100,99934,100,99263,100,99952,25,99177,100,100009,100,98796,100,100033,100,,,100061,100,,
2019-06-28 09:55:15.371695275,99714,194,99655,194,99766,100,99648,194,99829,194,99612,194,99843,194,99480,194,99848,194,99433,100,99885,100,99263,100,99934,100,99177,100,99952,25,98796,100,100009,100,,,100033,100,,
2019-06-28 09:55:20.000000000,99714,474,99655,474,99766,100,99648,100,99829,100,99612,100,99843,100,99480,100,99848,100,99433,100,99885,100,99263,100,99934,100,99177,100,99952,25,98796,100,100009,100,,,100033,100,,
2019-06-28 09:55:30.000000000,99714,474,99655,474,99766,100,99648,100,99829,100,99612,100,99843,100,99480,100,99848,100,99433,100,99885,100,99263,100,99934,100,99177,100,99952,25,98796,100,100009,100,,,100033,100,,
2019-06-28 09:55:36.154801786,99671,100,99655,474,99714,474,99648,100,99766,100,99612,100,99829,100,99480,100,99843,100,99433,100,99848,100,99263,100,99885,100,99177,100,99934,100,98796,100,99952,25,,,100009,100,,
2019-06-28 09:55:40.000000000,99671,194,99655,194,99714,194,99648,194,99766,194,99612,194,99829,194,99480,194,99843,100,99433,100,99848,100,99263,100,99885,100,99177,100,99934,100,98796,100,99952,25,,,100009,100,,
2019-06-28 09:55:50.000000000,99671,287,99655,287,99714,287,99648,287,99766,100,99612,100,99829,100,99480,100,99843,100,99433,100,99848,100,99263,100,99885,100,99177,100,99934,100,98796,100,99952,25,,,100009,100,,
2019-06-28 09:55:54.311400830,99671,287,99655,287,99714,287,99653,100,99766,100,99648,287,99829,100,99612,100,99843,100,99480,100,99848,100,99433,100,99885,100,99263,100,99934,100,99177,100,99952,25,98796,100,100009,100,,
2019-06-28 09:56:00.000000000,99671,287,99655,287,99714,287,99653,287,99766,100,99648,100,99829,100,99612,100,99843,100,99480,100,99848,100,99433,100,99885,100,99263,100,99934,100,99177,100,99952,25,98796,100,100009,100,,
2019-06-28 09:56:07.804722257,99671,187,99655,287,99714,287,99653,287,99766,100,99648,100,99829,100,99612,100,99843,100,99480,100,99848,100,99433,100,99885,100,99263,100,99934,100,99177,100,99952,25,98796,100,100009,100,,
2019-06-28 09:56:10.000000000,99714,227,99655,227,99766,223,99653,223,99829,223,99648,223,99843,100,99612,100,99848,100,99480,100,99885,100,99433,100,99934,100,99263,100,99952,25,99177,100,100009,100,98796,100,100033,100,,
2019-06-28 09:56:14.715127299,99714,227,99671,100,99766,223,99655,227,99829,223,99653,223,99843,100,99648,223,99848,100,99612,100,99885,100,99480,100,99934,100,99433,100,99952,25,99263,100,100009,100,99177,100,100033,100,98796,100
2019-06-28 09:56:19.966565110,99714,127,99671,100,99766,223,99655,227,99829,223,99653,223,99843,100,99648,223,99848,100,99612,100,99885,100,99480,100,99934,100,99433,100,99952,25,99177,100,100009,100,98796,100,100033,100,,
2019-06-28 09:56:20.000000000,99766,287,99671,287,99829,287,99655,287,99843,100,99653,100,99848,100,99648,100,99885,100,99612,100,99934,100,99480,100,99952,25,99433,100,100009,100,99177,100,100033,100,98796,100,100061,100,,
2019-06-28 09:56:22.392083665,99766,287,99671,287,99829,287,99655,287,99843,100,99653,100,99848,100,99648,100,99885,100,99628,100,99934,100,99612,100,99952,25,99480,100,100009,100,99433,100,100033,100,99177,100,100061,100,98796,100
2019-06-28 09:56:25.493230389,99766,287,99671,287,99829,287,99655,287,99843,100,99653,100,99848,100,99648,100,99885,100,99628,100,99934,100,99612,100,99952,25,99433,100,100009,100,99177,100,100014,100,98796,100,100033,100,,
2019-06-28 09:56:26.497357410,99766,287,99671,287,99829,287,99655,287,99843,100,99648,100,99848,100,99628,100,99885,100,99612,100,99934,100,99572,100,99952,25,99433,100,100009,100,99177,100,100014,100,98796,100,100033,100,,
2019-06-28 09:56:30.000000000,99766,194,99671,194,99829,194,99655,194,99843,194,99648,194,99848,194,99628,194,99885,100,99612,100,99934,100,99572,100,99952,25,99433,100,100009,100,99177,100,100014,100,98796,100,100033,100,,
2019-06-28 09:56:40.000000000,99766,474,99671,474,99829,100,99655,100,99843,100,99648,100,99848,100,99628,100,99885,100,99612,100,99934,100,99572,100,99952,25,99433,100,100009,100,99177,100,100014,100,98796,100,100033,100,,
2019-06-28 09:56:50.000000000,99766,474,99671,474,99829,100,99655,100,99843,100,99648,100,99848,100,99628,100,99885,100,99612,100,99934,100,99572,100,99952,25,99433,100,100009,100,99177,100,100014,100,98796,100,100033,100,,
2019-06-28 09:57:00.000000000,99766,287,99671,287,99829,287,99655,287,99843,100,99648,100,99848,100,99628,100,99885,100,99612,100,99934,100,99572,100,99952,25,99433,100,100009,100,99177,100,100014,100,98796,100,100033,100,,
2019-06-28 09:57:03.590384872,99766,187,99671,287,99829,287,99655,287,99843,100,99648,100,99848,100,99628,100,99885,100,99612,100,99934,100,99572,100,99952,25,99433,100,100009,100,99177,100,100014,100,98796,100,100033,100,,
2019-06-28 09:57:10.000000000,99829,194,99671,194,99843,194,99655,194,99848,194,99648,194,99885,194,99628,194,99934,100,99612,100,99952,25,99572,100,100009,100,99433,100,100014,100,99177,100,100033,100,98796,100,100061,100,,
2019-06-28 09:57:20.000000000,99829,194,99671,194,99843,194,99655,194,99848,194,99648,194,99885,194,99628,194,99934,100,99612,100,99952,25,99572,100,100009,100,99433,100,100014,100,99177,100,100033,100,98796,100,100061,100,,
2019-06-28 09:57:30.000000000,99829,175,99671,175,99843,175,99655,175,99848,175,99648,175,99885,175,99628,175,99934,175,99612,175,99952,25,99572,100,100009,100,99433,100,100014,100,99177,100,100033,100,98796,100,100061,100,,
2019-06-28 09:57:40.000000000,99829,194,99671,194,99843,194,99655,194,99848,194,99648,194,99885,194,99628,194,99934,100,99612,100,99952,25,99572,100,100009,100,99433,100,100014,100,99177,100,100033,100,98796,100,100061,100,,
2019-06-28 09:57:49.667776215,99829,94,99671,194,99843,194,99655,194,99848,194,99648,194,99885,194,99628,194,99934,100,99612,100,99952,25,99572,100,100009,100,99433,100,100014,100,99177,100,100033,100,98796,100,100061,100,,
2019-06-28 09:57:50.000000000,99843,175,99671,175,99848,175,99655,175,99885,175,99648,175,99934,175,99628,175,99952,100,99612,175,100009,100,99572,100,100014,100,99433,100,100033,100,99177,100,100061,100,98796,100,100071,100,,
2019-06-28 09:57:56.192009440,99843,175,99671,175,99848,175,99655,175,99885,175,99648,175,99934,175,99628,175,99952,100,99612,175,100009,100,99572,100,100014,100,99433,100,100033,100,99177,100,100061,100,98796,100,100071,100,,
2019-06-28 09:57:59.534211588,99843,175,99671,175,99848,175,99655,175,99885,175,99648,175,99934,175,99628,175,99952,100,99612,175,100009,100,99572,100,100014,100,99433,100,100033,100,99177,100,100061,100,98796,100,100071,100,,
2019-06-28 09:58:00.000000000,99843,227,99671,227,99848,223,99655,223,99885,223,99648,223,99934,100,99628,100,99952,25,99612,100,100009,100,99572,100,100014,100,99433,100,100033,100,99177,100,100061,100,98796,100,100071,100,,
2019-06-28 09:58:10.000000000,99843,175,99671,175,99848,175,99655,175,99885,175,99648,175,99934,175,99628,175,99952,100,99612,175,100009,100,99572,100,100014,100,99433,100,100033,100,99177,100,100061,100,98796,100,100071,100,,
2019-06-28 09:58:20.000000000,99843,474,99671,474,99848,100,99655,100,99885,100,99648,100,99934,100,99628,100,99952,25,99612,100,100009,100,99572,100,100014,100,99433,100,100033,100,99177,100,100061,100,98796,100,100071,100,,
2019-06-28 09:58:30.000000000,99843,227,99671,227,99848,223,99655,223,99885,223,99648,223,99934,100,99628,100,99952,25,99612,100,100009,100,99572,100,100014,100,99433,100,100033,100,99177,100,100061,100,98796,100,100071,100,,
2019-06-28 09:58:35.529733899,99843,227,99671,227,99848,223,99655,223,99885,223,99648,223,99934,100,99628,100,99952,25,99612,100,100009,100,99572,100,100014,100,99433,100,100061,100,99177,100,100071,100,98796,100,100081,100,,
2019-06-28 09:58:40.000000000,99843,175,99671,175,99848,175,99655,175,99885,175,99648,175,99934,175,99628,175,99952,100,99612,175,100009,100,99572,100,100014,100,99433,100,100061,100,99177,100,100071,100,98796,100,100081,100,,
2019-06-28 09:58:44.068823798,99843,75,99671,175,99848,175,99655,175,99885,175,99648,175,99934,175,99628,175,99952,100,99612,175,100009,100,99572,100,100014,100,99433,100,100061,100,99177,100,100071,100,98796,100,100081,100,,
2019-06-28 09:58:47.998479657,99843,75,99671,175,99848,175,99655,175,99885,175,99648,175,99934,175,99628,175,99952,100,99612,175,100009,100,99572,100,100014,100,99433,100,100061,100,99177,100,100071,100,98796,100,100081,100,,
2019-06-28 09:58:50.000000000,99848,227,99671,227,99885,223,99655,223,99934,223,99648,223,99952,25,99628,100,100009,100,99612,100,100014,100,99572,100,100061,100,99433,100,100071,100,99177,100,100081,100,98796,100,100102,100,,
2019-06-28 09:59:00.000000000,99848,194,99671,194,99885,194,99655,194,99934,194,99648,194,99952,119,99628,194,100009,100,99612,100,100014,100,99572,100,100061,100,99433,100,100071,100,99177,100,100081,100,98796,100,100102,100,,
2019-06-28 09:59:10.000000000,99848,287,99671,287,99885,287,99655,287,99934,100,99648,100,99952,25,99628,100,100009,100,99612,100,100014,100,99572,100,100061,100,99433,100,100071,100,99177,100,100081,100,98796,100,100102,100,,
2019-06-28 09:59:18.498940883,99848,287,99829,100,99885,187,99671,287,99934,100,99655,287,99952,25,99648,100,100009,100,99628,100,100014,100,99612,100,100061,100,99572,100,100071,100,99433,100,100081,100,99177,100,100102,100,98796,100
2019-06-28 09:59:20.000000000,99848,287,99829,287,99934,287,99671,287,99952,25,99655,100,100009,100,99648,100,100014,100,99628,100,100061,100,99612,100,100071,100,99572,100,100081,100,99433,100,100102,100,99177,100,100108,100,98796,100
2019-06-28 09:59:30.000000000,99848,474,99829,474,99934,100,99671,100,99952,25,99655,100,100009,100,99648,100,100014,100,99628,100,100061,100,99612,100,100071,100,99572,100,100081,100,99433,100,100102,100,99177,100,100108,100,98796,100
2019-06-28 09:59:40.000000000,99848,194,99829,194,99934,194,99671,194,99952,119,99655,194,100009,194,99648,194,100014,100,99628,100,100061,100,99612,100,100071,100,99572,100,100081,100,99433,100,100102,100,99177,100,100108,100,98796,100
2019-06-28 09:59:50.000000000,99848,175,99829,175,99934,175,99671,175,99952,100,99655,175,100009,175,99648,175,100014,175,99628,175,100061,100,99612,100,100071,100,99572,100,100081,100,99433,100,100102,100,99177,100,100108,100,98796,100
2019-06-28 10:00:00.000000000,99848,287,99829,287,99934,287,99671,287,99952,25,99655,100,100009,100,99648,100,100014,100,99628,100,100061,100,99612,100,100071,100,99572,100,100081,100,99433,100,100102,100,99177,100,100108,100,98796,100
2019-06-28 10:00:10.000000000,99848,287,99829,287,99934,287,99671,287,99952,25,99655,100,100009,100,99648,100,100014,100,99628,100,100061,100,99612,100,100071,100,99572,100,100081,100,99433,100,100102,100,99177,100,100108,100,98796,100
2019-06-28 10:00:13.744453513,99848,287,99829,287,99934,287,99671,287,99952,25,99655,100,100009,100,99648,100,100014,100,99628,100,100061,100,99612,100,100081,100,99572,100,100102,100,99433,100,100108,100,99177,100,100114,100,98796,100
2019-06-28 10:00:19.720718664,99848,287,99829,287,99934,287,99671,287,99952,25,99655,100,100009,100,99648,100,100014,100,99628,100,100061,100,99612,100,100081,100,99572,100,100102,100,99433,100,100108,100,99177,100,100114,100,98796,100
2019-06-28 10:00:20.000000000,99848,175,99829,175,99934,175,99671,175,99952,100,99655,175,100009,175,99648,175,100014,175,99628,175,100061,100,99612,100,100081,100,99572,100,100102,100,99433,100,100108,100,99177,100,100114,100,98796,100
2019-06-28 10:00:30.000000000,99848,227,99829,227,99934,223,99671,223,99952,148,99655,223,100009,100,99648,100,100014,100,99628,100,100061,100,99612,100,100081,100,99572,100,100102,100,99433,100,100108,100,99177,100,100114,100,98796,100
2019-06-28 10:00:40.000000000,99848,175,99829,175,99934,175,99671,175,99952,100,99655,175,100009,175,99648,175,100014,175,99628,175,100061,100,99612,100,100081,100,99572,100,100102,100,99433,100,100108,100,99177,100,100114,100,98796,100
2019-06-28 10:00:41.339303040,99848,175,99829,175,99934,175,99671,175,99952,75,99655,175,100009,175,99648,175,100014,175,99628,175,100061,100,99612,100,100081,100,99572,100,100102,100,99433,100,100108,100,99177,100,100114,100,98796,100
2019-06-28 10:00:50.000000000,99848,287,99829,287,99934,287,99671,287,100009,100,99655,100,100014,100,99648,100,100061,100,99628,100,100081,100,99612,100,100102,100,99572,100,100108,100,99433,100,100114,100,99177,100,100142,100,98796,100
2019-06-28 10:00:56.842129005,99848,287,99829,287,99934,287,99671,287,100009,100,99655,100,100014,100,99648,100,100081,100,99628,100,100102,100,99612,100,100108,100,99572,100,100114,100,99433,100,100142,100,99177,100,100144,100,98796,100
2019-06-28 10:01:00.000000000,99848,175,99829,175,99934,175,99671,175,100009,175,99655,175,100014,175,99648,175,100081,175,99628,175,100102,100,99612,100,100108,100,99572,100,100114,100,99433,100,100142,100,99177,100,100144,100,98796,100
2019-06-28 10:01:10.000000000,99848,194,99829,194,99934,194,99671,194,100009,194,99655,194,100014,194,99648,194,100081,100,99628,100,100102,100,99612,100,100108,100,99572,100,100114,100,99433,100,100142,100,99177,100,100144,100,98796,100
2019-06-28 10:01:20.000000000,99848,474,99829,474,99934,100,99671,100,100009,100,99655,100,100014,100,99648,100,100081,100,99628,100,100102,100,99612,100,100108,100,99572,100,100114,100,99433,100,100142,100,99177,100,100144,100,98796,100
2019-06-28 10:01:30.000000000,99848,287,99829,287,99934,287,99671,287,100009,100,99655,100,100014,100,99648,100,100081,100,99628,100,100102,100,99612,100,100108,100,99572,100,100114,100,99433,100,100142,100,99177,100,100144,100,98796,100
2019-06-28 10:01:36.005537049,99848,187,99829,287,99934,287,99671,287,100009,100,99655,100,100014,100,99648,100,100081,100,99628,100,100102,100,99612,100,100108,100,99572,100,100114,100,99433,100,100142,100,99177,100,100144,100,98796,100
2019-06-28 10:01:40.000000000,99934,474,99829,474,100009,100,99671,100,100014,100,99655,100,100081,100,99648,100,100102,100,99628,100,100108,100,99612,100,100114,100,99572,100,100142,100,99433,100,100144,100,99177,100,100185,100,98796,100
2019-06-28 10:01:43.914740185,99934,474,99829,474,100009,100,99671,100,100014,100,99655,100,100081,100,99648,100,100102,100,99628,100,100108,100,99572,100,100114,100,99433,100,100142,100,99177,100,100144,100,98796,100,100185,100,,
2019-06-28 10:01:50.000000000,99934,287,99829,287,100009,287,99671,287,100014,100,99655,100,100081,100,99648,100,100102,100,99628,100,100108,100,99572,100,100114,100,99433,100,100142,100,99177,100,100144,100,98796,100,100185,100,,
2019-06-28 10:02:00.000000000,99934,175,99829,175,100009,175,99671,175,100014,175,99655,175,100081,175,99648,175,100102,175,99628,175,100108,100,99572,100,100114,100,99433,100,100142,100,99177,100,100144,100,98796,100,100185,100,,
2019-06-28 10:02:10.000000000,99934,175,99829,175,100009,175,99671,175,100014,175,99655,175,100081,175,99648,175,100102,175,99628,175,100108,100,99572,100,100114,100,99433,100,100142,100,99177,100,100144,100,98796,100,100185,100,,
2019-06-28 10:02:20.000000000,99934,175,99829,175,100009,175,99671,175,100014,175,99655,175,100081,175,99648,175,100102,175,99628,175,100108,100,99572,100,100114,100,99433,100,100142,100,99177,100,100144,100,98796,100,100185,100,,
2019-06-28 10:02:30.000000000,99934,474,99829,474,100009,100,99671,100,100014,100,99655,100,100081,100,99648,100,100102,100,99628,100,100108,100,99572,100,100114,100,99433,100,100142,100,99177,100,100144,100,98796,100,100185,100,,
2019-06-28 10:02:33.950413123,99934,374,99829,474,100009,100,99671,100,100014,100,99655,100,100081,100,99648,100,100102,100,99628,100,100108,100,99572,100,100114,100,99433,100,100142,100,99177,100,100144,100,98796,100,100185,100,,
2019-06-28 10:02:40.000000000,100009,194,99829,194,100014,194,99671,194,100081,194,99655,194,100102,194,99648,194,100108,100,99628,100,100114,100,99572,100,100142,100,99433,100,100144,100,99177,100,100185,100,98796,100,100190,100,,
2019-06-28 10:02:50.000000000,100009,227,99829,227,100014,223,99671,223,100081,223,99655,223,100102,100,99648,100,100108,100,99628,100,100114,100,99572,100,100142,100,99433,100,100144,100,99177,100,100185,100,98796,100,100190,100,,
2019-06-28 10:02:55.250941703,100009,227,99829,127,100014,223,99671,223,100081,223,99655,223,100102,100,99648,100,100108,100,99628,100,100114,100,99572,100,100142,100,99433,100,100144,100,99177,100,100185,100,98796,100,100190,100,,
2019-06-28 10:03:00.000000000,100009,175,99671,175,100014,175,99655,175,100081,175,99648,175,100102,175,99628,175,100108,175,99572,175,100114,100,99433,100,100142,100,99177,100,100144,100,98796,100,100185,100,,,100190,100,,
2019-06-28 10:03:10.000000000,100009,474,99671,474,100014,100,99655,100,100081,100,99648,100,100102,100,99628,100,100108,100,99572,100,100114,100,99433,100,100142,100,99177,100,100144,100,98796,100,100185,100,,,100190,100,,
2019-06-28 10:03:20.000000000,100009,227,99671,227,100014,223,99655,223,100081,223,99648,223,100102,100,99628,100,100108,100,99572,100,100114,100,99433,100,100142,100,99177,100,100144,100,98796,100,100185,100,,,100190,100,,
2019-06-28 10:03:25.740645931,100009,227,99671,227,100014,223,99655,223,100081,223,99648,223,100102,100,99628,100,100108,100,99572,100,100114,100,99433,100,100142,100,99177,100,100144,100,98796,100,100185,100,,,100190,100,,
2019-06-28 10:03:26.431862312,100009,227,99848,100,100014,223,99671,227,100081,223,99655,223,100102,100,99648,223,100108,100,99628,100,100114,100,99572,100,100142,100,99433,100,100144,100,99177,100,100185,100,98796,100,100190,100,,
2019-06-28 10:03:30.000000000,100009,175,99848,175,100014,175,99671,175,100081,175,99655,175,100102,175,99648,175,100108,175,99628,175,100114,100,99572,100,100142,100,99433,100,100144,100,99177,100,100185,100,98796,100,100190,100,,
2019-06-28 10:03:40.000000000,100009,227,99848,227,100014,223,99671,223,100081,223,99655,223,100102,100,99648,100,100108,100,99628,100,100114,100,99572,100,100142,100,99433,100,100144,100,99177,100,100185,100,98796,100,100190,100,,
2019-06-28 10:03:40.307447190,100009,227,99848,227,100014,223,99671,223,100081,223,99655,223,100102,100,99648,100,100108,100,99628,100,100114,100,99572,100,100123,100,99433,100,100142,100,99177,100,100144,100,98796,100,100185,100,,
2019-06-28 10:03:50.000000000,100009,474,99848,474,100014,100,99671,100,100081,100,99655,100,100102,100,99648,100,100108,100,99628,100,100114,100,99572,100,100123,100,99433,100,100142,100,99177,100,100144,100,98796,100,100185,100,,
2019-06-28 10:03:52.912834747,100009,474,99848,374,100014,100,99671,100,100081,100,99655,100,100102,100,99648,100,100108,100,99628,100,100114,100,99572,100,100123,100,99433,100,100142,100,99177,100,100144,100,98796,100,100185,100,,
2019-06-28 10:03:57.180558606,100009,474,99848,374,100014,100,99671,100,100081,100,99655,100,100102,100,99648,100,100108,100,99628,100,100114,100,99572,100,100123,100,99565,100,100142,100,99433,100,100144,100,99177,100,100185,100,98796,100
2019-06-28 10:04:00.000000000,100009,287,99671,287,100014,287,99655,287,100081,100,99648,100,100102,100,99628,100,100108,100,99572,100,100114,100,99565,100,100123,100,99433,100,100142,100,99177,100,100144,100,98796,100,100185,100,,
2019-06-28 10:04:10.000000000,100009,175,99671,175,100014,175,99655,175,100081,175,99648,175,100102,175,99628,175,100108,175,99572,175,100114,100,99565,100,100123,100,99433,100,100142,100,99177,100,100144,100,98796,100,100185,100,,
2019-06-28 10:04:12.228156251,100009,175,99671,75,100014,175,99655,175,100081,175,99648,75,100102,175,99628,175,100108,175,99572,175,100114,100,99565,100,100123,100,99433,100,100142,100,99177,100,100144,100,98796,100,100185,100,,
2019-06-28 10:04:14.819291194,99848,100,99671,75,100009,175,99655,175,100014,175,99648,75,100081,175,99628,175,100102,175,99572,175,100108,175,99565,100,100114,100,99433,100,100123,100,99177,100,100142,100,98796,100,100144,100,,
2019-06-28 10:04:20.000000000,99848,175,99655,175,100009,175,99628,175,100014,175,99572,175,100081,175,99565,175,100102,175,99433,175,100108,100,99177,100,100114,100,98796,100,100123,100,,,100142,100,,,100144,100,,
2019-06-28 10:04:25.557578145,99660,100,99655,175,99848,175,99628,175,100009,175,99572,175,100014,175,99565,175,100081,175,99433,175,100102,175,99177,100,100108,100,98796,100,100114,100,,,100123,100,,,100142,100,,
2019-06-28 10:04:30.000000000,99660,227,99655,227,99848,223,99628,223,100009,223,99572,223,100014,100,99565,100,100081,100,99433,100,100102,100,99177,100,100108,100,98796,100,100114,100,,,100123,100,,,100142,100,,
2019-06-28 10:04:40.000000000,99660,175,99655,175,99848,175,99628,175,100009,175,99572,175,100014,175,99565,175,100081,175,99433,175,100102,100,99177,100,100108,100,98796,100,100114,100,,,100123,100,,,100142,100,,
2019-06-28 10:04:49.313061855,99660,175,99655,175,99848,175,99628,175,100009,175,99572,175,100014,175,99565,175,100081,175,99531,100,100102,100,99433,175,100108,100,99177,100,100114,100,98796,100,100123,100,,,100144,100,,
2019-06-28 10:04:50.000000000,99660,194,99655,194,99848,194,99628,194,100009,194,99572,194,100014,194,99565,194,100081,100,99531,100,100102,100,99433,100,100108,100,99177,100,100114,100,98796,100,100123,100,,,100144,100,,
2019-06-28 10:05:00.000000000,99660,287,99655,287,99848,287,99628,287,100009,100,99572,100,100014,100,99565,100,100081,100,99531,100,100102,100,99433,100,100108,100,99177,100,100114,100,98796,100,100123,100,,,100144,100,,
2019-06-28 10:05:04.801184589,99660,187,99655,287,99848,287,99628,287,100009,100,99572,100,100014,100,99565,100,100081,100,99531,100,100102,100,99433,100,100108,100,99177,100,100114,100,98796,100,100123,100,,,100144,100,,
2019-06-28 10:05:10.000000000,99848,175,99655,175,100009,175,99628,175,100014,175,99572,175,100081,175,99565,175,100102,175,99531,175,100108,100,99433,100,100114,100,99177,100,100123,100,98796,100,100144,100,,,100185,100,,
2019-06-28 10:05:20.000000000,99848,194,99655,194,100009,194,99628,194,100014,194,99572,194,100081,194,99565,194,100102,100,99531,100,100108,100,99433,100,100114,100,99177,100,100123,100,98796,100,100144,100,,,100185,100,,
2019-06-28 10:05:30.000000000,99848,227,99655,227,100009,223,99628,223,100014,223,99572,223,100081,100,99565,100,100102,100,99531,100,100108,100,99433,100,100114,100,99177,100,100123,100,98796,100,100144,100,,,100185,100,,
2019-06-28 10:05:35.362626156,99848,127,99655,227,100009,223,99628,223,100014,223,99572,223,100081,100,99565,100,100102,100,99531,100,100108,100,99433,100,100114,100,99177,100,100123,100,98796,100,100144,100,,,100185,100,,
2019-06-28 10:05:40.000000000,100009,474,99655,474,100014,100,99628,100,100081,100,99572,100,100102,100,99565,100,100108,100,99531,100,100114,100,99433,100,100123,100,99177,100,100144,100,98796,100,100185,100,,,100190,100,,
2019-06-28 10:05:50.000000000,100009,287,99655,287,100014,287,99628,287,100081,100,99572,100,100102,100,99565,100,100108,100,99531,100,100114,100,99433,100,100123,100,99177,100,100144,100,98796,100,100185,100,,,100190,100,,
2019-06-28 10:06:00.000000000,100009,227,99655,227,100014,223,99628,223,100081,223,99572,223,100102,100,99565,100,100108,100,99531,100,100114,100,99433,100,100123,100,99177,100,100144,100,98796,100,100185,100,,,100190,100,,
2019-06-28 10:06:03.841240441,100009,127,99655,227,100014,223,99628,223,100081,223,99572,223,100102,100,99565,100,100108,100,99531,100,100114,100,99433,100,100123,100,99177,100,100144,100,98796,100,100185,100,,,100190,100,,
2019-06-28 10:06:10.000000000,100014,474,99655,474,100081,100,99628,100,100102,100,99572,100,100108,100,99565,100,100114,100,99531,100,100123,100,99433,100,100144,100,99177,100,100185,100,98796,100,100190,100,,,100238,100,,
2019-06-28 10:06:12.323586455,100014,374,99655,474,100081,100,99628,100,100102,100,99572,100,100108,100,99565,100,100114,100,99531,100,100123,100,99433,100,100144,100,99177,100,100185,100,98796,100,100238,100,,,100378,100,,
2019-06-28 10:06:17.040154828,100014,374,99655,474,100081,100,99628,100,100102,100,99572,100,100108,100,99565,100,100114,100,99531,100,100123,100,99433,100,100185,100,99177,100,100238,100,98796,100,100378,100,,,100420,100,,
2019-06-28 10:06:20.000000000,100081,474,99655,474,100102,100,99628,100,100108,100,99572,100,100114,100,99565,100,100123,100,99531,100,100185,100,99433,100,100238,100,99177,100,100378,100,98796,100,100420,100,,,100463,100,,
2019-06-28 10:06:26.318174235,100081,474,100009,100,100102,100,99655,474,100108,100,99628,100,100114,100,99572,100,100123,100,99565,100,100185,100,99531,100,100238,100,99433,100,100378,100,99177,100,100420,100,98796,100,100463,100,,
2019-06-28 10:06:30.000000000,100081,194,100009,194,100102,194,99655,194,100108,194,99628,194,100114,194,99572,194,100123,100,99565,100,100185,100,99531,100,100238,100,99433,100,100378,100,99177,100,100420,100,98796,100,100463,100,,
2019-06-28 10:06:33.678386261,100081,94,100009,194,100102,194,99655,194,100108,194,99628,194,100114,194,99572,194,100123,100,99565,100,100185,100,99531,100,100238,100,99433,100,100378,100,99177,100,100420,100,98796,100,100463,100,,
2019-06-28 10:06:40.000000000,100102,227,100009,227,100108,223,99655,223,100114,223,99628,223,100123,100,99572,100,100185,100,99565,100,100238,100,99531,100,100378,100,99433,100,100420,100,99177,100,100463,100,98796,100,100478,100,,
2019-06-28 10:06:41.481212690,100102,227,100009,227,100108,223,99655,223,100114,223,99628,223,100123,100,99572,100,100185,100,99565,100,100238,100,99531,100,100378,100,99433,100,100420,100,99177,100,100478,100,98796,100,100512,100,,
2019-06-28 10:06:44.002405178,100102,227,100014,100,100108,223,100009,127,100114,223,99655,223,100123,100,99628,223,100185,100,99572,100,100238,100,99565,100,100378,100,99531,100,100420,100,99433,100,100478,100,99177,100,100512,100,98796,100
2019-06-28 10:06:50.000000000,100102,227,100014,227,100108,223,99655,223,100114,223,99628,223,100123,100,99572,100,100185,100,99565,100,100238,100,99531,100,100378,100,99433,100,100420,100,99177,100,100478,100,98796,100,100512,100,,
2019-06-28 10:06:50.034820488,100102,227,100014,227,100108,223,99655,223,100114,223,99628,223,100123,100,99572,100,100185,100,99565,100,100238,100,99531,100,100378,100,99433,100,100420,100,99177,100,100478,100,98796,100,100512,100,,
2019-06-28 10:07:00.000000000,100102,175,100014,175,100108,175,99655,175,100114,175,99628,175,100123,175,99572,175,100185,175,99565,175,100238,100,99531,100,100378,100,99433,100,100420,100,99177,100,100478,100,98796,100,100512,100,,
2019-06-28 10:07:10.000000000,100102,474,100014,474,100108,100,99655,100,100114,100,99628,100,100123,100,99572,100,100185,100,99565,100,100238,100,99531,100,100378,100,99433,100,100420,100,99177,100,100478,100,98796,100,100512,100,,
2019-06-28 10:07:20.000000000,100102,287,100014,287,100108,287,99655,287,100114,100,99628,100,100123,100,99572,100,100185,100,99565,100,100238,100,99531,100,100378,100,99433,100,100420,100,99177,100,100478,100,98796,100,100512,100,,
2019-06-28 10:07:30.000000000,100102,227,100014,227,100108,223,99655,223,100114,223,99628,223,100123,100,99572,100,100185,100,99565,100,100238,100,99531,100,100378,100,99433,100,100420,100,99177,100,100478,100,98796,100,100512,100,,
2019-06-28 10:07:31.819633711,100102,227,100014,227,100108,223,99655,223,100114,223,99628,223,100123,100,99572,100,100185,100,99565,100,100238,100,99531,100,100378,100,99433,100,100420,100,99177,100,100478,100,98796,100,100512,100,,
2019-06-28 10:07:40.000000000,100102,227,100014,227,100108,223,99655,223,100114,223,99628,223,100123,100,99572,100,100185,100,99565,100,100238,100,99531,100,100378,100,99433,100,100420,100,99177,100,100478,100,98796,100,100512,100,,
2019-06-28 10:07:50.000000000,100102,227,100014,227,100108,223,99655,223,100114,223,99628,223,100123,100,99572,100,100185,100,99565,100,100238,100,99531,100,100378,100,99433,100,100420,100,99177,100,100478,100,98796,100,100512,100,,
2019-06-28 10:08:00.000000000,100102,194,100014,194,100108,194,99655,194,100114,194,99628,194,100123,194,99572,194,100185,100,99565,100,100238,100,99531,100,100378,100,99433,100,100420,100,99177,100,100478,100,98796,100,100512,100,,
2019-06-28 10:08:10.000000000,100102,287,100014,287,100108,287,99655,287,100114,100,99628,100,100123,100,99572,100,100185,100,99565,100,100238,100,99531,100,100378,100,99433,100,100420,100,99177,100,100478,100,98796,100,100512,100,,
2019-06-28 10:08:15.452834539,100102,287,100014,287,100108,287,99655,287,100114,100,99628,100,100185,100,99572,100,100238,100,99565,100,100378,100,99531,100,100420,100,99433,100,100478,100,99177,100,100512,100,98796,100,100570,100,,
2019-06-28 10:08:20.000000000,100102,194,100014,194,100108,194,99655,194,100114,194,99628,194,100185,194,99572,194,100238,100,99565,100,100378,100,99531,100,100420,100,99433,100,100478,100,99177,100,100512,100,98796,100,100570,100,,
2019-06-28 10:08:30.000000000,100102,175,100014,175,100108,175,99655,175,100114,175,99628,175,100185,175,99572,175,100238,175,99565,175,100378,100,99531,100,100420,100,99433,100,100478,100,99177,100,100512,100,98796,100,100570,100,,
2019-06-28 10:08:40.000000000,100102,227,100014,227,100108,223,99655,223,100114,223,99628,223,100185,100,99572,100,100238,100,99565,100,100378,100,99531,100,100420,100,99433,100,100478,100,99177,100,100512,100,98796,100,100570,100,,
2019-06-28 10:08:50.000000000,100102,194,100014,194,100108,194,99655,194,100114,194,99628,194,100185,194,99572,194,100238,100,99565,100,100378,100,99531,100,100420,100,99433,100,100478,100,99177,100,100512,100,98796,100,100570,100,,
2019-06-28 10:08:50.228069193,100102,194,100014,294,100108,194,99655,194,100114,194,99628,194,100185,194,99572,194,100238,100,99565,100,100378,100,99531,100,100420,100,99433,100,100478,100,99177,100,100512,100,98796,100,100570,100,,
2019-06-28 10:08:52.505734159,100102,94,100014,294,100108,194,99655,194,100114,194,99628,194,100185,194,99572,194,100238,100,99565,100,100378,100,99531,100,100420,100,99433,100,100478,100,99177,100,100512,100,98796,100,100570,100,,
2019-06-28 10:09:00.000000000,100108,474,100014,574,100114,100,99655,100,100185,100,99628,100,100238,100,99572,100,100378,100,99565,100,100420,100,99531,100,100478,100,99433,100,100512,100,99177,100,100570,100,98796,100,100761,100,,
2019-06-28 10:09:10.000000000,100108,227,100014,327,100114,223,99655,223,100185,223,99628,223,100238,100,99572,100,100378,100,99565,100,100420,100,99531,100,100478,100,99433,100,100512,100,99177,100,100570,100,98796,100,100761,100,,
2019-06-28 10:09:11.717483226,100108,227,100081,100,100114,223,100014,327,100185,223,99655,223,100238,100,99628,223,100378,100,99572,100,100420,100,99565,100,100478,100,99531,100,100512,100,99433,100,100570,100,99177,100,100761,100,98796,100
2019-06-28 10:09:13.618774528,100108,227,100081,100,100114,223,100014,327,100185,223,99655,223,100238,100,99628,223,100374,100,99572,100,100378,100,99565,100,100420,100,99531,100,100478,100,99433,100,100512,100,99177,100,100570,100,98796,100
2019-06-28 10:09:19.326164647,100108,227,100081,100,100114,223,100047,100,100185,223,100014,327,100374,100,99655,223,100378,100,99628,223,100420,100,99572,100,100478,100,99565,100,100512,100,99531,100,100570,100,99433,100,100761,100,99177,100
2019-06-28 10:09:20.000000000,100108,227,100081,227,100114,223,100047,223,100185,223,100014,323,100374,100,99655,100,100378,100,99628,100,100420,100,99572,100,100478,100,99565,100,100512,100,99531,100,100570,100,99433,100,100761,100,99177,100
2019-06-28 10:09:21.430781280,100108,227,100081,327,100114,223,100047,223,100185,223,100014,323,100374,100,99655,100,100378,100,99628,100,100420,100,99572,100,100478,100,99565,100,100512,100,99531,100,100570,100,99433,100,100761,100,99177,100
2019-06-28 10:09:27.340962536,100108,227,100081,327,100114,223,100047,223,100185,223,100014,323,100374,100,99929,100,100378,100,99628,100,100420,100,99572,100,100478,100,99565,100,100512,100,99531,100,100570,100,99433,100,100761,100,99177,100
2019-06-28 10:09:30.000000000,100108,287,100081,387,100114,287,100047,287,100185,100,100014,200,100374,100,99929,100,100378,100,99628,100,100420,100,99572,100,100478,100,99565,100,100512,100,99531,100,100570,100,99433,100,100761,100,99177,100
2019-06-28 10:09:38.162187040,100108,187,100081,387,100114,287,100047,287,100185,100,100014,200,100374,100,99929,100,100378,100,99628,100,100420,100,99572,100,100478,100,99565,100,100512,100,99531,100,100570,100,99433,100,100761,100,99177,100
2019-06-28 10:09:40.000000000,100114,287,100081,387,100185,287,100047,287,100374,100,100014,200,100378,100,99929,100,100420,100,99628,100,100478,100,99572,100,100512,100,99565,100,100570,100,99531,100,100761,100,99433,100,100989,100,99177,100
2019-06-28 10:09:43.914660515,100114,287,100081,387,100185,287,100047,287,100302,100,100014,200,100374,100,99628,100,100378,100,99572,100,100420,100,99565,100,100478,100,99531,100,100512,100,99433,100,100570,100,99177,100,100761,100,98796,100
