,ask_price_1,ask_size_1,bid_price_1,bid_size_1,ask_price_2,ask_size_2,bid_price_2,bid_size_2,ask_price_3,ask_size_3,bid_price_3,bid_size_3,ask_price_4,ask_size_4,bid_price_4,bid_size_4,ask_price_5,ask_size_5,bid_price_5,bid_size_5,ask_price_6,ask_size_6,bid_price_6,bid_size_6,ask_price_7,ask_size_7,bid_price_7,bid_size_7,ask_price_8,ask_size_8,bid_price_8,bid_size_8,ask_price_9,ask_size_9,bid_price_9,bid_size_9,ask_price_10,ask_size_10,bid_price_10,bid_size_10
2019-06-28 09:30:00.000000001,100147,100,,,,,,,,,,,,,,,,,,,,,,,,,,,,,,,,,,,,,,
2019-06-28 09:30:00.000000004,99957,100,99773,100,100147,100,,,,,,,,,,,,,,,,,,,,,,,,,,,,,,,,,,
2019-06-28 09:30:00.000000007,99957,100,99773,100,100147,100,,,100165,100,,,,,,,,,,,,,,,,,,,,,,,,,,,,,,
2019-06-28 09:30:00.000000008,99957,100,99773,100,100001,100,,,100113,100,,,100147,100,,,100165,100,,,,,,,,,,,,,,,,,,,,,,
2019-06-28 09:30:00.000000009,99957,100,99839,100,100001,100,99773,100,100113,100,,,100147,100,,,100165,100,,,,,,,,,,,,,,,,,,,,,,
2019-06-28 09:30:00.000000010,99957,100,99839,100,100001,100,99773,100,100039,100,,,100113,100,,,100147,100,,,100165,100,,,,,,,,,,,,,,,,,,
2019-06-28 09:30:00.000000011,99957,100,99839,100,100001,100,99773,100,100039,100,,,100113,100,,,100147,100,,,100148,100,,,100165,100,,,,,,,,,,,,,,
2019-06-28 09:30:00.000000012,99957,100,99851,100,100001,100,99839,100,100039,100,99773,100,100113,100,,,100147,100,,,100148,100,,,100165,100,,,,,,,,,,,,,,
2019-06-28 09:30:00.000000014,99957,100,99866,100,100001,100,99851,100,100039,100,99839,100,100113,100,99773,100,100147,100,,,100148,100,,,100165,100,,,,,,,,,,,,,,
2019-06-28 09:30:00.000000015,99957,100,99866,100,100001,100,99851,100,100039,100,99839,100,100105,100,99773,100,100113,100,,,100147,100,,,100148,100,,,100165,100,,,,,,,,,,
2019-06-28 09:30:00.000000016,99957,100,99915,100,100001,100,99866,100,100039,100,99851,100,100105,100,99839,100,100113,100,99773,100,100147,100,,,100148,100,,,100165,100,,,,,,,,,,
2019-06-28 09:30:00.000000021,99949,100,99915,100,99957,100,99866,100,100001,100,99851,100,100039,100,99839,100,100105,100,99773,100,100113,100,,,100147,100,,,100148,100,,,100165,100,,,,,,
2019-06-28 09:30:00.000000022,99949,100,99915,100,99957,100,99866,100,100001,100,99851,100,100021,100,99839,100,100039,100,99773,100,100105,100,,,100113,100,,,100147,100,,,100148,100,,,100165,100,,
2019-06-28 09:30:00.000000023,99949,100,99915,100,99957,100,99875,100,100001,100,99866,100,100021,100,99851,100,100039,100,99839,100,100105,100,99773,100,100113,100,,,100147,100,,,100148,100,,,100165,100,,
2019-06-28 09:30:00.000000024,99949,100,99915,100,99957,100,99891,100,100001,100,99875,100,100021,100,99866,100,100039,100,99851,100,100105,100,99839,100,100113,100,99773,100,100147,100,,,100148,100,,,100165,100,,
2019-06-28 09:30:00.000000025,99949,100,99915,100,99957,100,99891,100,100001,100,99875,100,100021,100,99866,100,100039,100,99851,100,100105,100,99839,100,100113,100,99773,100,100147,100,,,100148,100,,,100165,100,,
2019-06-28 09:30:00.000000026,99957,100,99915,100,100001,100,99891,100,100021,100,99875,100,100039,100,99866,100,100105,100,99851,100,100113,100,99839,100,100147,100,99773,100,100148,100,,,100165,100,,,100172,100,,
2019-06-28 09:30:00.000000027,99945,100,99915,100,99957,100,99891,100,100001,100,99875,100,100021,100,99866,100,100039,100,99851,100,100105,100,99839,100,100113,100,99773,100,100147,100,,,100148,100,,,100165,100,,
2019-06-28 09:30:00.000000029,99957,100,99915,100,100001,100,99891,100,100021,100,99875,100,100039,100,99866,100,100105,100,99851,100,100113,100,99839,100,100147,100,99773,100,100148,100,,,100165,100,,,100172,100,,
2019-06-28 09:30:00.000000030,99957,100,99915,100,100001,100,99891,100,100021,100,99876,100,100039,100,99875,100,100105,100,99866,100,100113,100,99851,100,100147,100,99839,100,100148,100,99773,100,100165,100,,,100172,100,,
2019-06-28 09:30:00.000000032,99957,100,99945,100,100001,100,99915,100,100021,100,99891,100,100039,100,99876,100,100105,100,99875,100,100113,100,99866,100,100147,100,99851,100,100148,100,99839,100,100165,100,99773,100,100172,100,,
2019-06-28 09:30:00.000000034,99957,100,99945,100,100001,100,99915,100,100021,100,99891,100,100039,100,99876,100,100105,100,99875,100,100113,100,99866,100,100147,100,99851,100,100148,100,99839,100,100165,100,99836,100,100172,100,99773,100
2019-06-28 09:30:00.000000036,99957,100,99945,100,100001,100,99915,100,100021,100,99912,100,100039,100,99891,100,100105,100,99876,100,100113,100,99875,100,100147,100,99866,100,100148,100,99851,100,100165,100,99839,100,100172,100,99836,100
2019-06-28 09:30:00.000000037,99957,100,99945,100,100001,100,99915,100,100021,100,99912,100,100039,100,99891,100,100084,100,99876,100,100105,100,99875,100,100113,100,99866,100,100147,100,99851,100,100148,100,99839,100,100165,100,99836,100
2019-06-28 09:30:00.000000038,99957,100,99915,100,100001,100,99912,100,100021,100,99891,100,100039,100,99876,100,100084,100,99875,100,100105,100,99866,100,100113,100,99851,100,100147,100,99839,100,100148,100,99836,100,100165,100,99773,100
2019-06-28 09:30:00.000000040,99957,100,99915,100,100001,100,99912,100,100021,100,99891,100,100039,100,99890,100,100084,100,99876,100,100105,100,99875,100,100113,100,99866,100,100147,100,99851,100,100148,100,99839,100,100165,100,99836,100
2019-06-28 09:30:00.000000041,99957,100,99945,100,100001,100,99939,100,100021,100,99915,100,100039,100,99912,100,100084,100,99891,100,100105,100,99890,100,100113,100,99876,100,100147,100,99875,100,100148,100,99866,100,100165,100,99851,100
2019-06-28 09:30:00.000000044,99957,100,99945,100,100001,100,99939,100,100021,100,99915,100,100039,100,99912,100,100084,100,99891,100,100105,100,99890,100,100113,100,99876,200,100147,100,99875,100,100148,100,99866,100,100165,100,99851,100
2019-06-28 09:30:00.000000045,99957,100,99945,100,100001,100,99939,100,100021,100,99915,100,100039,100,99912,100,100084,100,99891,100,100105,100,99890,100,100113,100,99876,200,100147,100,99875,200,100148,100,99866,100,100165,100,99851,100
2019-06-28 09:30:00.000000047,99957,100,99945,100,100001,100,99939,100,100021,100,99915,100,100039,100,99912,100,100084,100,99891,100,100105,100,99890,100,100113,100,99876,200,100147,100,99875,200,100148,100,99866,100,100152,100,99851,100
2019-06-28 09:30:00.000000049,100001,100,99945,100,100021,100,99939,100,100039,100,99915,100,100084,100,99912,100,100105,100,99891,100,100113,100,99890,100,100147,100,99876,200,100148,100,99875,200,100152,100,99866,100,100165,100,99851,100
2019-06-28 09:30:00.000000051,100001,100,99945,100,100021,100,99939,100,100039,100,99915,100,100084,100,99912,100,100091,100,99891,100,100105,100,99890,100,100113,100,99876,200,100147,100,99875,200,100148,100,99866,100,100152,100,99851,100
2019-06-28 09:30:00.000000056,100001,100,99956,100,100021,100,99945,100,100039,100,99939,100,100084,100,99915,100,100091,100,99912,100,100105,100,99891,100,100113,100,99890,100,100147,100,99876,200,100148,100,99875,200,100152,100,99866,100
2019-06-28 09:30:00.000000061,100001,100,99956,100,100016,100,99945,100,100021,100,99939,100,100039,100,99915,100,100084,100,99912,100,100091,100,99891,100,100105,100,99890,100,100113,100,99876,200,100147,100,99875,200,100148,100,99866,100
2019-06-28 09:30:00.000000062,100001,100,99957,100,100016,100,99956,100,100021,100,99945,100,100039,100,99939,100,100084,100,99915,100,100091,100,99912,100,100105,100,99891,100,100113,100,99890,100,100147,100,99876,200,100148,100,99875,200
2019-06-28 09:30:00.000000063,100001,100,99957,100,100009,100,99956,100,100016,100,99945,100,100021,100,99939,100,100039,100,99915,100,100084,100,99912,100,100091,100,99891,100,100105,100,99890,100,100113,100,99876,200,100131,100,99875,200
2019-06-28 09:30:00.000000064,100001,100,99957,200,100009,100,99956,100,100016,100,99945,100,100021,100,99939,100,100039,100,99915,100,100084,100,99912,100,100091,100,99891,100,100105,100,99890,100,100113,100,99876,200,100131,100,99875,200
2019-06-28 09:30:00.000000068,100001,100,99957,200,100009,100,99956,100,100016,100,99945,100,100021,100,99939,100,100039,100,99915,100,100084,100,99912,100,100091,100,99891,100,100105,100,99890,100,100113,100,99876,200,100131,100,99875,200
2019-06-28 09:30:00.000000071,100001,100,99957,200,100009,100,99956,100,100016,100,99945,200,100021,100,99939,100,100039,100,99915,100,100084,100,99912,100,100091,100,99891,100,100105,100,99890,100,100113,100,99876,200,100131,100,99875,200
2019-06-28 09:30:00.000000073,100001,100,99957,300,100009,100,99956,100,100016,100,99945,200,100021,100,99939,100,100039,100,99915,100,100084,100,99912,100,100091,100,99891,100,100105,100,99890,100,100113,100,99876,200,100131,100,99875,200
2019-06-28 09:30:00.000000074,100001,100,99957,300,100009,100,99956,100,100016,100,99945,200,100021,100,99939,100,100039,100,99932,100,100084,100,99915,100,100091,100,99912,100,100105,100,99891,100,100113,100,99890,100,100131,100,99876,200
2019-06-28 09:30:00.000000077,100001,200,99957,300,100009,100,99956,100,100016,100,99945,200,100021,100,99939,100,100039,100,99932,100,100084,100,99915,100,100091,100,99912,100,100105,100,99891,100,100113,100,99890,100,100131,100,99876,200
2019-06-28 09:30:00.000000079,100001,200,99957,300,100009,100,99956,100,100016,100,99945,200,100021,100,99939,100,100039,100,99932,100,100084,100,99919,100,100091,100,99915,100,100105,100,99912,100,100113,100,99891,100,100131,100,99890,100
2019-06-28 09:30:00.000000080,100001,200,99957,300,100009,100,99956,100,100016,100,99945,200,100021,100,99939,100,100039,100,99932,100,100084,100,99919,100,100091,100,99915,100,100105,100,99912,100,100113,100,99891,100,100131,100,99890,100
2019-06-28 09:30:00.000000081,100001,100,99957,300,100009,100,99956,100,100016,100,99945,200,100020,100,99939,100,100021,100,99932,100,100039,100,99919,100,100084,100,99915,100,100091,100,99912,100,100105,100,99891,100,100113,100,99890,100
2019-06-28 09:30:00.000000083,100001,100,99957,300,100009,100,99956,100,100014,100,99945,200,100016,200,99939,100,100020,100,99932,100,100021,100,99919,100,100039,100,99915,100,100084,100,99912,100,100091,100,99891,100,100105,100,99890,100
2019-06-28 09:30:00.000000085,100001,100,99957,300,100009,100,99956,100,100014,100,99945,200,100016,200,99939,100,100020,100,99932,100,100021,100,99919,100,100039,100,99915,100,100084,100,99912,100,100091,100,99891,100,100105,100,99890,100
2019-06-28 09:30:00.000000088,99962,100,99957,300,100001,100,99956,100,100009,100,99945,200,100014,100,99939,100,100016,200,99932,100,100020,100,99919,100,100021,100,99915,100,100039,100,99912,100,100084,100,99891,100,100091,100,99890,100
2019-06-28 09:30:00.000000090,99962,100,99957,300,100001,100,99956,100,100009,100,99945,300,100014,100,99939,100,100016,200,99932,100,100020,100,99919,100,100021,100,99915,100,100039,100,99912,100,100084,100,99891,100,100091,100,99890,100
2019-06-28 09:30:00.000000091,99962,100,99957,300,100000,100,99956,100,100001,100,99945,300,100009,100,99939,100,100014,100,99932,100,100016,200,99919,100,100020,100,99915,100,100021,100,99912,100,100039,100,99891,100,100084,100,99890,100
2019-06-28 09:30:00.000000093,99962,100,99957,300,100000,100,99956,100,100001,100,99945,300,100009,100,99939,100,100014,100,99932,100,100016,200,99919,100,100020,100,99915,100,100021,100,99912,100,100039,100,99898,100,100084,100,99891,100
2019-06-28 09:30:00.000000094,99962,100,99957,300,100000,100,99956,100,100001,100,99945,300,100009,100,99939,100,100014,100,99932,100,100016,200,99919,100,100020,100,99918,100,100021,100,99915,100,100039,100,99912,100,100084,100,99898,100
2019-06-28 09:30:00.000000096,99962,100,99957,300,100000,100,99956,100,100001,100,99945,300,100009,100,99939,100,100014,100,99932,100,100016,200,99919,100,100020,100,99918,100,100021,100,99915,100,100039,100,99912,100,100084,100,99898,100
2019-06-28 09:30:00.000000099,99962,100,99957,300,100000,100,99956,100,100001,100,99953,100,100009,100,99945,300,100014,100,99939,100,100016,200,99937,100,100020,100,99932,100,100021,100,99919,100,100039,100,99918,100,100084,100,99915,100
2019-06-28 09:30:06.290229433,100000,100,99957,300,100001,100,99956,100,100009,100,99953,100,100014,100,99945,300,100016,200,99939,100,100020,100,99937,100,100021,100,99932,100,100031,100,99919,100,100039,100,99918,100,100084,100,99915,100
2019-06-28 09:30:10.000000000,100000,524,99957,724,100001,100,99956,100,100009,100,99953,100,100014,100,99945,300,100016,200,99939,100,100020,100,99937,100,100021,100,99932,100,100031,100,99919,100,100039,100,99918,100,100084,100,99915,100
2019-06-28 09:30:12.876461486,100000,524,99957,724,100001,100,99956,100,100009,100,99953,100,100014,100,99945,300,100016,200,99939,100,100020,100,99937,100,100021,100,99932,100,100031,100,99919,100,100039,100,99918,100,100041,100,99915,100
2019-06-28 09:30:18.259274867,100000,524,99957,724,100001,100,99956,100,100009,100,99953,100,100014,100,99945,300,100016,200,99939,100,100020,100,99937,100,100021,100,99932,100,100031,100,99919,100,100039,100,99918,100,100041,100,99912,100
2019-06-28 09:30:20.000000000,100000,185,99957,385,100001,185,99956,185,100009,185,99953,185,100014,185,99945,385,100016,285,99939,185,100020,100,99937,100,100021,100,99932,100,100031,100,99919,100,100039,100,99918,100,100041,100,99912,100
2019-06-28 09:30:30.000000000,100000,206,99957,406,100001,206,99956,206,100009,206,99953,206,100014,206,99945,406,100016,200,99939,100,100020,100,99937,100,100021,100,99932,100,100031,100,99919,100,100039,100,99918,100,100041,100,99912,100
2019-06-28 09:30:40.000000000,100000,244,99957,444,100001,240,99956,240,100009,240,99953,240,100014,100,99945,300,100016,200,99939,100,100020,100,99937,100,100021,100,99932,100,100031,100,99919,100,100039,100,99918,100,100041,100,99912,100
2019-06-28 09:30:45.504583395,100000,244,99957,444,100001,240,99956,240,100009,240,99953,240,100014,100,99945,300,100016,200,99939,100,100020,100,99937,100,100021,100,99932,100,100031,100,99919,100,100039,100,99918,100,100041,100,99898,100
2019-06-28 09:30:50.000000000,100000,206,99957,406,100001,206,99956,206,100009,206,99953,206,100014,206,99945,406,100016,200,99939,100,100020,100,99937,100,100021,100,99932,100,100031,100,99919,100,100039,100,99918,100,100041,100,99898,100
2019-06-28 09:30:53.684182729,100000,306,99957,406,100001,206,99956,206,100009,206,99953,206,100014,206,99945,406,100016,200,99939,100,100020,100,99937,100,100021,100,99932,100,100031,100,99919,100,100039,100,99918,100,100041,100,99898,100
2019-06-28 09:30:55.613793394,100000,406,99957,406,100001,106,99956,206,100009,206,99953,206,100014,206,99945,406,100016,200,99939,100,100020,100,99937,100,100021,100,99932,100,100031,100,99919,100,100039,100,99918,100,100041,100,99898,100
2019-06-28 09:31:00.000000000,100000,512,99957,512,100009,312,99956,312,100014,100,99953,100,100016,200,99945,300,100020,100,99939,100,100021,100,99937,100,100031,100,99932,100,100039,100,99919,100,100041,100,99918,100,100084,100,99898,100
2019-06-28 09:31:10.000000000,100000,385,99957,385,100009,185,99956,185,100014,185,99953,185,100016,285,99945,385,100020,185,99939,185,100021,100,99937,100,100031,100,99932,100,100039,100,99919,100,100041,100,99918,100,100084,100,99898,100
2019-06-28 09:31:20.000000000,100000,406,99957,406,100009,206,99956,206,100014,206,99953,206,100016,306,99945,406,100020,100,99939,100,100021,100,99937,100,100031,100,99932,100,100039,100,99919,100,100041,100,99918,100,100084,100,99898,100
2019-06-28 09:31:24.845518523,100000,406,99957,406,100009,206,99956,206,100014,206,99953,206,100016,306,99945,406,100020,100,99939,100,100021,100,99937,100,100039,100,99932,100,100041,100,99919,100,100084,100,99918,100,100091,100,99898,100
2019-06-28 09:31:30.000000000,100000,512,99957,512,100009,312,99956,312,100014,100,99953,100,100016,200,99945,300,100020,100,99939,100,100021,100,99937,100,100039,100,99932,100,100041,100,99919,100,100084,100,99918,100,100091,100,99898,100
2019-06-28 09:31:35.874652408,100000,512,99957,412,100009,312,99956,312,100014,100,99953,100,100016,200,99945,300,100020,100,99939,100,100021,100,99937,100,100039,100,99932,100,100084,100,99919,100,100091,100,99918,100,100105,100,99898,100
2019-06-28 09:31:38.190945460,100000,512,99957,412,100009,312,99956,312,100014,100,99953,100,100016,200,99945,300,100020,100,99939,100,100021,100,99937,100,100039,100,99932,100,100084,100,99919,100,100091,100,99918,100,100105,100,99898,100
2019-06-28 09:31:40.000000000,100000,724,99957,624,100009,100,99956,100,100014,100,99953,100,100016,200,99945,300,100020,100,99939,100,100021,100,99937,100,100039,100,99932,100,100084,100,99919,100,100091,100,99918,100,100105,100,99898,100
2019-06-28 09:31:50.000000000,100000,512,99957,412,100009,312,99956,312,100014,100,99953,100,100016,200,99945,300,100020,100,99939,100,100021,100,99937,100,100039,100,99932,100,100084,100,99919,100,100091,100,99918,100,100105,100,99898,100
2019-06-28 09:31:53.374334048,100000,512,99957,412,100009,312,99956,312,100014,100,99953,100,100016,200,99945,300,100020,100,99939,100,100021,100,99937,100,100039,100,99932,100,100084,100,99919,100,100091,100,99918,100,100105,100,99898,100
2019-06-28 09:32:00.000000000,100000,724,99957,624,100009,100,99956,100,100014,100,99953,100,100016,200,99945,300,100020,100,99939,100,100021,100,99937,100,100039,100,99932,100,100084,100,99919,100,100091,100,99918,100,100105,100,99898,100
2019-06-28 09:32:10.000000000,100000,406,99957,306,100009,206,99956,206,100014,206,99953,206,100016,306,99945,406,100020,100,99939,100,100021,100,99937,100,100039,100,99932,100,100084,100,99919,100,100091,100,99918,100,100105,100,99898,100
2019-06-28 09:32:19.620257005,100000,406,99957,306,100009,206,99956,206,100014,206,99953,106,100016,306,99945,406,100020,100,99939,100,100021,100,99937,100,100039,100,99932,100,100084,100,99919,100,100091,100,99918,100,100105,100,99898,100
2019-06-28 09:32:20.000000000,100000,406,99957,306,100009,206,99956,206,100014,206,99945,406,100016,306,99939,206,100020,100,99937,100,100021,100,99932,100,100039,100,99919,100,100084,100,99918,100,100091,100,99898,100,100105,100,99891,100
2019-06-28 09:32:30.000000000,100000,385,99957,285,100009,185,99956,185,100014,185,99945,385,100016,285,99939,185,100020,185,99937,185,100021,100,99932,100,100039,100,99919,100,100084,100,99918,100,100091,100,99898,100,100105,100,99891,100
2019-06-28 09:32:38.009813885,100000,285,99957,285,100009,185,99956,185,100014,185,99945,385,100016,285,99939,185,100020,185,99937,185,100021,100,99932,100,100039,100,99919,100,100084,100,99918,100,100091,100,99898,100,100105,100,99890,100
2019-06-28 09:32:39.756195657,100000,285,99965,100,100009,185,99957,285,100014,185,99956,185,100016,285,99945,385,100020,185,99939,185,100021,100,99937,185,100039,100,99919,100,100084,100,99918,100,100091,100,99898,100,100105,100,99890,100
2019-06-28 09:32:39.783177835,100000,185,99965,100,100009,185,99957,285,100014,185,99956,185,100016,285,99945,385,100020,185,99939,185,100021,100,99937,185,100039,100,99919,100,100084,100,99918,100,100091,100,99898,100,100105,100,99890,100
2019-06-28 09:32:40.000000000,100000,206,99965,206,100009,206,99957,306,100014,206,99956,206,100016,306,99945,406,100020,100,99939,100,100021,100,99937,100,100039,100,99919,100,100084,100,99918,100,100091,100,99898,100,100105,100,99890,100
2019-06-28 09:32:50.000000000,100000,185,99965,185,100009,185,99957,285,100014,185,99956,185,100016,285,99945,385,100020,185,99939,185,100021,100,99937,100,100039,100,99919,100,100084,100,99918,100,100091,100,99898,100,100105,100,99890,100
2019-06-28 09:33:00.000000000,100000,206,99965,206,100009,206,99957,306,100014,206,99956,206,100016,306,99945,406,100020,100,99939,100,100021,100,99937,100,100039,100,99919,100,100084,100,99918,100,100091,100,99898,100,100105,100,99890,100
2019-06-28 09:33:10.000000000,100000,312,99965,312,100009,312,99957,412,100014,100,99956,100,100016,200,99945,300,100020,100,99939,100,100021,100,99937,100,100039,100,99919,100,100084,100,99918,100,100091,100,99898,100,100105,100,99890,100
2019-06-28 09:33:20.000000000,100000,206,99965,206,100009,206,99957,306,100014,206,99956,206,100016,306,99945,406,100020,100,99939,100,100021,100,99937,100,100039,100,99919,100,100084,100,99918,100,100091,100,99898,100,100105,100,99890,100
2019-06-28 09:33:27.607470569,100000,206,99965,106,100009,206,99957,206,100014,206,99956,206,100016,306,99945,406,100020,100,99939,100,100021,100,99937,100,100039,100,99919,100,100084,100,99918,100,100091,100,99898,100,100105,100,99890,100
2019-06-28 09:33:30.000000000,100000,312,99957,312,100009,312,99956,312,100014,100,99945,300,100016,200,99939,100,100020,100,99937,100,100021,100,99919,100,100039,100,99918,100,100084,100,99898,100,100091,100,99890,100,100105,100,99876,200
2019-06-28 09:33:40.000000000,100000,244,99957,244,100009,240,99956,240,100014,240,99945,440,100016,200,99939,100,100020,100,99937,100,100021,100,99919,100,100039,100,99918,100,100084,100,99898,100,100091,100,99890,100,100105,100,99876,200
2019-06-28 09:33:41.165134040,100000,244,99957,144,100009,240,99956,240,100014,240,99945,440,100016,100,99939,100,100020,100,99937,100,100021,100,99919,100,100039,100,99918,100,100084,100,99898,100,100091,100,99890,100,100105,100,99876,200
2019-06-28 09:33:41.714235949,100000,244,99966,100,100009,240,99957,144,100014,240,99956,240,100016,100,99945,440,100020,100,99939,100,100021,100,99937,100,100039,100,99919,100,100084,100,99918,100,100091,100,99898,100,100105,100,99890,100
2019-06-28 09:33:50.000000000,100000,524,99966,524,100009,100,99956,100,100014,100,99945,300,100016,100,99939,100,100020,100,99937,100,100021,100,99919,100,100039,100,99918,100,100084,100,99898,100,100091,100,99890,100,100105,100,99876,200
2019-06-28 09:33:59.610792527,100000,524,99966,424,100009,100,99956,100,100014,100,99945,300,100016,100,99939,100,100020,100,99937,100,100021,100,99919,100,100039,100,99918,100,100084,100,99898,100,100091,100,99890,100,100105,100,99876,200
2019-06-28 09:34:00.000000000,100000,244,99956,244,100009,240,99945,440,100014,240,99939,240,100016,100,99937,100,100020,100,99919,100,100021,100,99918,100,100039,100,99898,100,100084,100,99890,100,100091,100,99876,200,100105,100,99875,200
2019-06-28 09:34:01.392610031,100000,244,99956,244,100009,240,99945,440,100014,240,99939,240,100016,100,99937,100,100020,100,99919,100,100021,100,99918,100,100039,100,99898,100,100065,100,99890,100,100084,100,99876,200,100091,100,99875,200
2019-06-28 09:34:10.000000000,100000,312,99956,312,100009,312,99945,512,100014,100,99939,100,100016,100,99937,100,100020,100,99919,100,100021,100,99918,100,100039,100,99898,100,100065,100,99890,100,100084,100,99876,200,100091,100,99875,200
2019-06-28 09:34:10.842939986,100000,312,99956,312,100009,312,99945,512,100014,100,99939,100,100016,100,99937,100,100020,100,99919,100,100021,100,99918,100,100039,100,99898,100,100065,100,99890,100,100084,100,99876,200,100091,100,99875,200
2019-06-28 09:34:19.316436278,100000,312,99956,312,100009,312,99945,512,100014,100,99939,100,100016,100,99937,100,100020,100,99919,100,100021,100,99918,100,100039,100,99898,100,100065,100,99876,200,100084,100,99875,200,100091,100,99871,100
2019-06-28 09:34:20.000000000,100000,206,99956,206,100009,206,99945,406,100014,206,99939,206,100016,206,99937,206,100020,100,99919,100,100021,100,99918,100,100039,100,99898,100,100065,100,99876,200,100084,100,99875,200,100091,100,99871,100
2019-06-28 09:34:30.000000000,100000,206,99956,206,100009,206,99945,406,100014,206,99939,206,100016,206,99937,206,100020,100,99919,100,100021,100,99918,100,100039,100,99898,100,100065,100,99876,200,100084,100,99875,200,100091,100,99871,100
2019-06-28 09:34:40.000000000,100000,244,99956,244,100009,240,99945,440,100014,240,99939,240,100016,100,99937,100,100020,100,99919,100,100021,100,99918,100,100039,100,99898,100,100065,100,99876,200,100084,100,99875,200,100091,100,99871,100
2019-06-28 09:34:50.000000000,100000,244,99956,244,100009,240,99945,440,100014,240,99939,240,100016,100,99937,100,100020,100,99919,100,100021,100,99918,100,100039,100,99898,100,100065,100,99876,200,100084,100,99875,200,100091,100,99871,100
2019-06-28 09:35:00.000000000,100000,312,99956,312,100009,312,99945,512,100014,100,99939,100,100016,100,99937,100,100020,100,99919,100,100021,100,99918,100,100039,100,99898,100,100065,100,99876,200,100084,100,99875,200,100091,100,99871,100
2019-06-28 09:35:10.000000000,100000,185,99956,185,100009,185,99945,385,100014,185,99939,185,100016,185,99937,185,100020,185,99919,185,100021,100,99918,100,100039,100,99898,100,100065,100,99876,200,100084,100,99875,200,100091,100,99871,100
2019-06-28 09:35:18.063925515,100000,85,99956,185,100009,185,99945,385,100014,185,99939,185,100016,185,99937,185,100020,185,99919,185,100021,100,99918,100,100039,100,99898,100,100065,100,99876,200,100091,100,99875,200,100105,100,99871,100
2019-06-28 09:35:20.000000000,100009,185,99956,185,100014,185,99945,385,100016,185,99939,185,100020,185,99937,185,100021,185,99919,185,100039,100,99918,100,100065,100,99898,100,100091,100,99876,200,100105,100,99875,200,100108,100,99871,100
2019-06-28 09:35:30.000000000,100009,312,99956,312,100014,312,99945,512,100016,100,99939,100,100020,100,99937,100,100021,100,99919,100,100039,100,99918,100,100065,100,99898,100,100091,100,99876,200,100105,100,99875,200,100108,100,99871,100
2019-06-28 09:35:34.165729227,100009,212,99956,312,100014,312,99945,512,100016,100,99939,100,100020,100,99937,100,100021,100,99919,100,100039,100,99918,100,100065,100,99898,100,100091,100,99876,200,100105,100,99875,200,100108,100,99871,100
2019-06-28 09:35:39.593540776,100009,212,99956,312,100014,312,99945,512,100016,100,99939,100,100020,100,99937,100,100021,100,99919,100,100039,100,99918,100,100065,100,99898,100,100091,100,99876,200,100105,100,99875,200,100108,100,99871,100
2019-06-28 09:35:40.000000000,100014,244,99956,244,100016,240,99945,440,100020,240,99939,240,100021,100,99937,100,100039,100,99919,100,100065,100,99918,100,100091,100,99898,100,100105,100,99876,200,100108,100,99875,200,100131,100,99871,100
2019-06-28 09:35:50.000000000,100014,185,99956,185,100016,185,99945,385,100020,185,99939,185,100021,185,99937,185,100039,185,99919,185,100065,100,99918,100,100091,100,99898,100,100105,100,99876,200,100108,100,99875,200,100131,100,99871,100
2019-06-28 09:36:00.000000000,100014,185,99956,185,100016,185,99945,385,100020,185,99939,185,100021,185,99937,185,100039,185,99919,185,100065,100,99918,100,100091,100,99898,100,100105,100,99876,200,100108,100,99875,200,100131,100,99871,100
2019-06-28 09:36:03.814474207,100014,185,100000,100,100016,185,99956,185,100020,185,99945,385,100021,185,99939,185,100039,185,99937,185,100065,100,99919,185,100091,100,99918,100,100105,100,99898,100,100108,100,99876,200,100131,100,99875,200
2019-06-28 09:36:05.266436686,100014,85,100000,100,100016,185,99956,185,100020,185,99945,385,100021,185,99939,185,100039,185,99937,185,100065,100,99919,185,100091,100,99918,100,100105,100,99898,100,100108,100,99876,200,100131,100,99875,200
2019-06-28 09:36:10.000000000,100016,206,100000,206,100020,206,99956,206,100021,206,99945,406,100039,206,99939,206,100065,100,99937,100,100091,100,99919,100,100105,100,99918,100,100108,100,99898,100,100131,100,99876,200,100142,100,99875,200
2019-06-28 09:36:20.000000000,100016,185,100000,185,100020,185,99956,185,100021,185,99945,385,100039,185,99939,185,100065,185,99937,185,100091,100,99919,100,100105,100,99918,100,100108,100,99898,100,100131,100,99876,200,100142,100,99875,200
2019-06-28 09:36:21.452252771,100016,185,100000,185,100020,185,99956,185,100021,185,99945,385,100039,185,99939,185,100065,185,99937,185,100091,100,99919,100,100105,100,99918,100,100108,100,99898,100,100131,100,99876,200,100142,100,99875,200
2019-06-28 09:36:25.650301361,100016,85,100000,185,100020,185,99956,185,100021,185,99945,385,100039,185,99939,185,100065,185,99937,185,100091,100,99919,100,100105,100,99918,100,100108,100,99898,100,100131,100,99876,200,100142,100,99875,200
2019-06-28 09:36:30.000000000,100020,185,100000,185,100021,185,99956,185,100039,185,99945,385,100065,185,99939,185,100091,185,99937,185,100105,100,99919,100,100108,100,99918,100,100131,100,99898,100,100142,100,99876,200,100148,100,99875,200
2019-06-28 09:36:33.556582044,100020,185,100014,100,100021,185,100000,185,100039,185,99956,185,100065,185,99945,385,100091,185,99939,185,100105,100,99937,185,100108,100,99919,100,100131,100,99918,100,100142,100,99898,100,100148,100,99876,200
2019-06-28 09:36:40.000000000,100020,244,100014,244,100021,240,100000,240,100039,240,99956,240,100065,100,99945,300,100091,100,99939,100,100105,100,99937,100,100108,100,99919,100,100131,100,99918,100,100142,100,99898,100,100148,100,99876,200
2019-06-28 09:36:43.906811558,100020,244,100014,244,100021,240,100000,240,100039,240,99956,240,100065,100,99945,300,100091,100,99939,100,100105,100,99937,100,100108,100,99919,100,100131,100,99918,100,100142,100,99898,100,100148,100,99876,200
2019-06-28 09:36:46.689479792,100020,144,100014,244,100021,240,100000,240,100039,240,99956,240,100065,100,99945,200,100091,100,99939,100,100105,100,99937,100,100108,100,99919,100,100131,100,99918,100,100142,100,99898,100,100148,100,99876,200
2019-06-28 09:36:46.840116664,100020,44,100014,244,100021,240,100000,240,100039,240,99956,240,100065,100,99945,200,100091,100,99939,100,100105,100,99937,100,100108,100,99919,100,100131,100,99918,100,100142,100,99898,100,100148,100,99876,200
2019-06-28 09:36:50.000000000,100021,244,100014,244,100039,240,100000,240,100065,240,99956,240,100091,100,99945,200,100105,100,99939,100,100108,100,99937,100,100131,100,99919,100,100142,100,99918,100,100148,100,99898,100,100165,100,99876,200
2019-06-28 09:37:00.000000000,100021,206,100014,206,100039,206,100000,206,100065,206,99956,206,100091,206,99945,306,100105,100,99939,100,100108,100,99937,100,100131,100,99919,100,100142,100,99918,100,100148,100,99898,100,100165,100,99876,200
2019-06-28 09:37:10.000000000,100021,312,100014,312,100039,312,100000,312,100065,100,99956,100,100091,100,99945,200,100105,100,99939,100,100108,100,99937,100,100131,100,99919,100,100142,100,99918,100,100148,100,99898,100,100165,100,99876,200
2019-06-28 09:37:19.463066053,100021,312,100014,312,100039,312,100000,312,100065,100,99956,100,100091,100,99945,200,100108,100,99939,100,100131,100,99937,100,100142,100,99919,100,100148,100,99918,100,100165,100,99898,100,100169,100,99876,200
2019-06-28 09:37:20.000000000,100021,206,100014,206,100039,206,100000,206,100065,206,99956,206,100091,206,99945,306,100108,100,99939,100,100131,100,99937,100,100142,100,99919,100,100148,100,99918,100,100165,100,99898,100,100169,100,99876,200
2019-06-28 09:37:20.611958353,100021,206,100020,100,100039,206,100014,206,100065,206,100000,206,100091,206,99956,206,100108,100,99945,306,100131,100,99939,100,100142,100,99937,100,100148,100,99919,100,100165,100,99918,100,100169,100,99898,100
2019-06-28 09:37:22.405600449,100021,206,100020,100,100039,206,100014,206,100065,206,100000,206,100091,206,99956,206,100108,100,99945,306,100131,100,99939,100,100142,100,99937,100,100148,100,99919,100,100165,100,99918,100,100169,100,99876,200
2019-06-28 09:37:30.000000000,100021,524,100020,524,100039,100,100014,100,100065,100,100000,100,100091,100,99956,100,100108,100,99945,200,100131,100,99939,100,100142,100,99937,100,100148,100,99919,100,100165,100,99918,100,100169,100,99876,200
2019-06-28 09:37:40.000000000,100021,185,100020,185,100039,185,100014,185,100065,185,100000,185,100091,185,99956,185,100108,185,99945,285,100131,100,99939,100,100142,100,99937,100,100148,100,99919,100,100165,100,99918,100,100169,100,99876,200
2019-06-28 09:37:50.000000000,100021,312,100020,312,100039,312,100014,312,100065,100,100000,100,100091,100,99956,100,100108,100,99945,200,100131,100,99939,100,100142,100,99937,100,100148,100,99919,100,100165,100,99918,100,100169,100,99876,200
2019-06-28 09:38:00.000000000,100021,312,100020,312,100039,312,100014,312,100065,100,100000,100,100091,100,99956,100,100108,100,99945,200,100131,100,99939,100,100142,100,99937,100,100148,100,99919,100,100165,100,99918,100,100169,100,99876,200
2019-06-28 09:38:06.049595486,100021,312,100020,312,100039,312,100014,312,100065,100,100000,100,100108,100,99956,100,100131,100,99945,200,100142,100,99939,100,100148,100,99937,100,100165,100,99934,100,100169,100,99919,100,100172,100,99918,100
2019-06-28 09:38:10.000000000,100021,524,100020,524,100039,100,100014,100,100065,100,100000,100,100108,100,99956,100,100131,100,99945,200,100142,100,99939,100,100148,100,99937,100,100165,100,99934,100,100169,100,99919,100,100172,100,99918,100
2019-06-28 09:38:15.923536451,100021,524,100020,524,100039,100,100014,100,100065,100,100000,100,100108,100,99956,100,100131,100,99945,200,100142,100,99939,100,100148,100,99937,100,100165,100,99934,100,100172,100,99919,100,100179,100,99918,100
2019-06-28 09:38:20.000000000,100021,185,100020,185,100039,185,100014,185,100065,185,100000,185,100108,185,99956,185,100131,185,99945,285,100142,100,99939,100,100148,100,99937,100,100165,100,99934,100,100172,100,99919,100,100179,100,99918,100
2019-06-28 09:38:22.396763521,100021,185,100020,85,100039,185,100014,185,100065,185,100000,185,100108,185,99956,185,100131,185,99945,285,100142,100,99939,100,100148,100,99937,100,100165,100,99934,100,100172,100,99919,100,100179,100,99918,100
2019-06-28 09:38:30.000000000,100021,185,100014,185,100039,185,100000,185,100065,185,99956,185,100108,185,99945,285,100131,185,99939,185,100142,100,99937,100,100148,100,99934,100,100165,100,99919,100,100172,100,99918,100,100179,100,99876,200
2019-06-28 09:38:36.416750846,100021,185,100014,85,100039,185,100000,185,100065,185,99956,185,100108,185,99945,285,100131,85,99939,185,100142,100,99937,100,100148,100,99934,100,100165,100,99919,100,100172,100,99918,100,100179,100,99876,200
2019-06-28 09:38:37.073394997,100021,185,100014,85,100039,185,100000,185,100065,185,99956,185,100108,85,99945,285,100131,85,99939,185,100142,100,99937,100,100148,100,99934,100,100165,100,99919,100,100172,100,99918,100,100179,100,99876,200
2019-06-28 09:38:40.000000000,100021,185,100000,185,100039,185,99956,185,100065,185,99945,285,100142,185,99939,185,100148,185,99937,185,100165,100,99934,100,100172,100,99919,100,100179,100,99918,100,100567,100,99876,200,100701,100,99875,100
2019-06-28 09:38:50.000000000,100021,206,100000,206,100039,206,99956,206,100065,206,99945,306,100142,206,99939,206,100148,100,99937,100,100165,100,99934,100,100172,100,99919,100,100179,100,99918,100,100567,100,99876,200,100701,100,99875,100
2019-06-28 09:38:51.228385052,100021,206,100000,106,100039,106,99956,206,100065,206,99945,306,100142,206,99939,206,100148,100,99937,100,100165,100,99934,100,100172,100,99919,100,100179,100,99918,100,100567,100,99876,200,100701,100,99875,100
2019-06-28 09:39:00.000000000,100021,524,99956,524,100065,100,99945,200,100142,100,99939,100,100148,100,99937,100,100165,100,99934,100,100172,100,99919,100,100179,100,99918,100,100567,100,99876,200,100701,100,99875,100,101024,100,99871,100
2019-06-28 09:39:03.031389155,100021,424,99956,524,100065,100,99945,200,100142,100,99939,100,100148,100,99937,100,100165,100,99934,100,100172,100,99919,100,100179,100,99918,100,100701,100,99876,200,101024,100,99875,100,101051,100,99871,100
2019-06-28 09:39:09.357649479,100021,324,99956,524,100065,100,99945,200,100142,100,99939,100,100148,100,99937,100,100165,100,99934,100,100172,100,99919,100,100179,100,99918,100,100701,100,99876,200,101024,100,99875,100,101051,100,99871,100
2019-06-28 09:39:10.000000000,100065,244,99956,244,100142,240,99945,340,100148,240,99939,240,100165,100,99937,100,100172,100,99934,100,100179,100,99919,100,100701,100,99918,100,101024,100,99876,200,101051,100,99875,100,,,99871,100
2019-06-28 09:39:20.000000000,100065,312,99956,312,100142,312,99945,412,100148,100,99939,100,100165,100,99937,100,100172,100,99934,100,100179,100,99919,100,100701,100,99918,100,101024,100,99876,200,101051,100,99875,100,,,99871,100
2019-06-28 09:39:30.000000000,100065,524,99956,524,100142,100,99945,200,100148,100,99939,100,100165,100,99937,100,100172,100,99934,100,100179,100,99919,100,100701,100,99918,100,101024,100,99876,200,101051,100,99875,100,,,99871,100
2019-06-28 09:39:40.000000000,100065,206,99956,206,100142,206,99945,306,100148,206,99939,206,100165,206,99937,206,100172,100,99934,100,100179,100,99919,100,100701,100,99918,100,101024,100,99876,200,101051,100,99875,100,,,99871,100
2019-06-28 09:39:49.605116956,100065,6,99956,206,100142,206,99945,306,100148,206,99939,206,100165,206,99937,206,100172,100,99934,100,100179,100,99919,100,100701,100,99918,100,101024,100,99876,200,101051,100,99875,100,,,99871,100
2019-06-28 09:39:50.000000000,100142,312,99956,312,100148,312,99945,412,100165,100,99939,100,100172,100,99937,100,100179,100,99934,100,100701,100,99919,100,101024,100,99918,100,101051,100,99876,200,,,99875,100,,,99871,100
2019-06-28 09:40:00.000000000,100142,185,99956,185,100148,185,99945,285,100165,185,99939,185,100172,185,99937,185,100179,185,99934,185,100701,100,99919,100,101024,100,99918,100,101051,100,99876,200,,,99875,100,,,99871,100
2019-06-28 09:40:07.828748996,100142,185,99956,185,100148,185,99945,285,100165,185,99939,185,100172,185,99937,185,100179,185,99934,185,100701,100,99919,100,100955,100,99918,100,101024,100,99876,200,101051,100,99875,100,,,99871,100
2019-06-28 09:40:10.000000000,100142,244,99956,244,100148,240,99945,340,100165,240,99939,240,100172,100,99937,100,100179,100,99934,100,100701,100,99919,100,100955,100,99918,100,101024,100,99876,200,101051,100,99875,100,,,99871,100
2019-06-28 09:40:20.000000000,100142,312,99956,312,100148,312,99945,412,100165,100,99939,100,100172,100,99937,100,100179,100,99934,100,100701,100,99919,100,100955,100,99918,100,101024,100,99876,200,101051,100,99875,100,,,99871,100
2019-06-28 09:40:30.000000000,100142,185,99956,185,100148,185,99945,285,100165,185,99939,185,100172,185,99937,185,100179,185,99934,185,100701,100,99919,100,100955,100,99918,100,101024,100,99876,200,101051,100,99875,100,,,99871,100
2019-06-28 09:40:40.000000000,100142,185,99956,185,100148,185,99945,285,100165,185,99939,185,100172,185,99937,185,100179,185,99934,185,100701,100,99919,100,100955,100,99918,100,101024,100,99876,200,101051,100,99875,100,,,99871,100
2019-06-28 09:40:41.430786713,100142,185,99956,185,100148,185,99945,285,100165,185,99939,185,100172,185,99937,185,100179,185,99934,85,100485,100,99919,100,100701,100,99918,100,100955,100,99876,200,101024,100,99875,100,101051,100,99871,100
2019-06-28 09:40:44.193909820,100142,85,99956,185,100148,185,99945,285,100165,185,99939,185,100172,185,99937,185,100179,185,99934,85,100485,100,99919,100,100701,100,99918,100,100955,100,99876,200,101024,100,99875,100,101051,100,99871,100
2019-06-28 09:40:50.000000000,100148,312,99956,312,100165,312,99945,412,100172,100,99939,100,100179,100,99937,100,100485,100,99919,100,100701,100,99918,100,100955,100,99876,200,101024,100,99875,100,101051,100,99871,100,,,99870,100
2019-06-28 09:40:53.149065684,100148,312,99956,312,100165,312,99945,412,100172,100,99939,100,100179,100,99937,100,100368,100,99919,100,100485,100,99918,100,100701,100,99876,200,100955,100,99875,100,101024,100,99871,100,101051,100,99870,100
2019-06-28 09:41:00.000000000,100148,185,99956,185,100165,185,99945,285,100172,185,99939,185,100179,185,99937,185,100368,185,99919,185,100485,100,99918,100,100701,100,99876,200,100955,100,99875,100,101024,100,99871,100,101051,100,99870,100
2019-06-28 09:41:10.000000000,100148,185,99956,185,100165,185,99945,285,100172,185,99939,185,100179,185,99937,185,100368,185,99919,185,100485,100,99918,100,100701,100,99876,200,100955,100,99875,100,101024,100,99871,100,101051,100,99870,100
2019-06-28 09:41:14.183268492,100148,185,99956,185,100165,185,99945,285,100172,185,99939,185,100179,185,99937,185,100291,100,99919,185,100368,185,99918,100,100485,100,99876,200,100701,100,99875,100,100955,100,99871,100,101024,100,99870,100
2019-06-28 09:41:20.000000000,100148,244,99956,244,100165,240,99945,340,100172,240,99939,240,100179,100,99937,100,100291,100,99919,100,100368,100,99918,100,100485,100,99876,200,100701,100,99875,100,100955,100,99871,100,101024,100,99870,100
2019-06-28 09:41:22.077043745,100148,144,99956,244,100165,240,99945,340,100172,240,99939,240,100179,100,99937,100,100291,100,99919,100,100368,100,99918,100,100485,100,99876,200,100701,100,99875,100,100955,100,99871,100,101024,100,99870,100
2019-06-28 09:41:30.000000000,100165,524,99956,524,100172,100,99945,200,100179,100,99939,100,100291,100,99937,100,100368,100,99919,100,100485,100,99918,100,100701,100,99876,200,100955,100,99875,100,101024,100,99871,100,101051,100,99870,100
2019-06-28 09:41:33.028190771,100165,524,100142,100,100172,100,99956,524,100179,100,99945,200,100291,100,99939,100,100368,100,99937,100,100485,100,99919,100,100701,100,99918,100,100955,100,99876,200,101024,100,99875,100,101051,100,99871,100
2019-06-28 09:41:33.090292754,100165,524,100142,200,100172,100,99956,524,100179,100,99945,200,100291,100,99939,100,100368,100,99937,100,100485,100,99919,100,100701,100,99918,100,100955,100,99876,200,101024,100,99875,100,101051,100,99871,100
2019-06-28 09:41:40.000000000,100165,206,100142,306,100172,206,99956,206,100179,206,99945,306,100291,206,99939,206,100368,100,99937,100,100485,100,99919,100,100701,100,99918,100,100955,100,99876,200,101024,100,99875,100,101051,100,99871,100
2019-06-28 09:41:50.000000000,100165,244,100142,344,100172,240,99956,240,100179,240,99945,340,100291,100,99939,100,100368,100,99937,100,100485,100,99919,100,100701,100,99918,100,100955,100,99876,200,101024,100,99875,100,101051,100,99871,100
2019-06-28 09:41:54.603496307,100165,244,100142,444,100172,240,99956,240,100179,240,99945,340,100291,100,99939,100,100368,100,99937,100,100485,100,99919,100,100701,100,99918,100,100955,100,99876,200,101024,100,99875,100,101051,100,99871,100
2019-06-28 09:42:00.000000000,100165,185,100142,385,100172,185,99956,185,100179,185,99945,285,100291,185,99939,185,100368,185,99937,185,100485,100,99919,100,100701,100,99918,100,100955,100,99876,200,101024,100,99875,100,101051,100,99871,100
2019-06-28 09:42:10.000000000,100165,185,100142,385,100172,185,99956,185,100179,185,99945,285,100291,185,99939,185,100368,185,99937,185,100485,100,99919,100,100701,100,99918,100,100955,100,99876,200,101024,100,99875,100,101051,100,99871,100
2019-06-28 09:42:20.000000000,100165,206,100142,406,100172,206,99956,206,100179,206,99945,306,100291,206,99939,206,100368,100,99937,100,100485,100,99919,100,100701,100,99918,100,100955,100,99876,200,101024,100,99875,100,101051,100,99871,100
2019-06-28 09:42:30.000000000,100165,312,100142,512,100172,312,99956,312,100179,100,99945,200,100291,100,99939,100,100368,100,99937,100,100485,100,99919,100,100701,100,99918,100,100955,100,99876,200,101024,100,99875,100,101051,100,99871,100
2019-06-28 09:42:36.012810861,100165,312,100142,512,100172,312,99956,312,100179,100,99945,200,100291,100,99939,100,100368,100,99919,100,100450,100,99918,100,100485,100,99876,200,100701,100,99875,100,100955,100,99871,100,101024,100,99870,100
2019-06-28 09:42:40.000000000,100165,185,100142,385,100172,185,99956,185,100179,185,99945,285,100291,185,99939,185,100368,185,99919,185,100450,100,99918,100,100485,100,99876,200,100701,100,99875,100,100955,100,99871,100,101024,100,99870,100
2019-06-28 09:42:50.000000000,100165,524,100142,724,100172,100,99956,100,100179,100,99945,200,100291,100,99939,100,100368,100,99919,100,100450,100,99918,100,100485,100,99876,200,100701,100,99875,100,100955,100,99871,100,101024,100,99870,100
2019-06-28 09:43:00.000000000,100165,524,100142,724,100172,100,99956,100,100179,100,99945,200,100291,100,99939,100,100368,100,99919,100,100450,100,99918,100,100485,100,99876,200,100701,100,99875,100,100955,100,99871,100,101024,100,99870,100
2019-06-28 09:43:10.000000000,100165,206,100142,406,100172,206,99956,206,100179,206,99945,306,100291,206,99939,206,100368,100,99919,100,100450,100,99918,100,100485,100,99876,200,100701,100,99875,100,100955,100,99871,100,101024,100,99870,100
2019-06-28 09:43:13.018627076,100165,206,100142,406,100172,206,99956,206,100179,206,99945,306,100291,206,99939,206,100368,100,99919,100,100450,100,99918,100,100485,100,99876,200,100590,100,99875,100,100701,100,99871,100,100955,100,99870,100
2019-06-28 09:43:13.580719502,100165,106,100142,406,100172,206,99956,206,100179,206,99945,306,100291,206,99939,206,100368,100,99919,100,100450,100,99918,100,100485,100,99876,200,100590,100,99875,100,100701,100,99870,100,100955,100,99866,100
2019-06-28 09:43:15.282386151,100165,106,100142,406,100172,206,99956,206,100179,206,99945,306,100291,106,99939,206,100368,100,99919,100,100370,100,99918,100,100450,100,99876,200,100485,100,99875,100,100590,100,99870,100,100701,100,99866,100
2019-06-28 09:43:20.000000000,100172,244,100142,444,100179,240,99956,240,100368,240,99945,340,100370,100,99939,100,100450,100,99919,100,100485,100,99918,100,100590,100,99876,200,100701,100,99875,100,100955,100,99870,100,101024,100,99866,100
2019-06-28 09:43:24.398007192,100172,144,100142,444,100179,240,99956,240,100368,240,99945,340,100370,100,99939,100,100450,100,99919,100,100485,100,99918,100,100590,100,99876,200,100701,100,99875,100,100955,100,99870,100,101024,100,99866,100
2019-06-28 09:43:26.120213132,100172,44,100142,444,100179,240,99956,240,100368,240,99945,340,100370,100,99939,100,100450,100,99919,100,100485,100,99918,100,100590,100,99876,200,100701,100,99875,100,100955,100,99870,100,101051,100,99866,100
2019-06-28 09:43:30.000000000,100179,206,100142,406,100368,206,99956,206,100370,206,99945,306,100450,206,99939,206,100485,100,99919,100,100590,100,99918,100,100701,100,99876,200,100955,100,99875,100,101051,100,99870,100,,,99866,100
2019-06-28 09:43:40.000000000,100179,312,100142,512,100368,312,99956,312,100370,100,99945,200,100450,100,99939,100,100485,100,99919,100,100590,100,99918,100,100701,100,99876,200,100955,100,99875,100,101051,100,99870,100,,,99866,100
2019-06-28 09:43:43.359355154,100179,212,100142,512,100368,312,99956,312,100370,100,99945,200,100450,100,99939,100,100485,100,99919,100,100590,100,99918,100,100701,100,99876,200,100955,100,99875,100,101051,100,99870,100,,,99866,100
2019-06-28 09:43:45.857592539,100179,212,100172,100,100368,312,100142,512,100370,100,99956,312,100450,100,99945,200,100485,100,99939,100,100590,100,99919,100,100701,100,99918,100,100955,100,99876,200,101051,100,99875,100,,,99870,100
2019-06-28 09:43:50.000000000,100368,312,100172,312,100370,312,100142,512,100450,100,99956,100,100485,100,99945,200,100590,100,99939,100,100701,100,99919,100,100955,100,99918,100,101051,100,99876,200,,,99875,100,,,99870,100
2019-06-28 09:43:59.932402113,100368,212,100172,312,100370,312,100142,512,100450,100,99956,100,100485,100,99945,200,100590,100,99939,100,100701,100,99919,100,100955,100,99918,100,101051,100,99876,200,,,99875,100,,,99866,100
2019-06-28 09:44:00.000000000,100370,312,100172,312,100450,312,100142,512,100485,100,99956,100,100590,100,99945,200,100701,100,99939,100,100955,100,99919,100,101051,100,99918,100,,,99876,200,,,99875,100,,,99866,100
2019-06-28 09:44:04.532654466,100370,312,100172,312,100450,312,100142,512,100485,100,99956,100,100590,100,99945,200,100701,100,99939,100,100721,100,99919,100,100955,100,99918,100,101051,100,99876,200,,,99875,100,,,99866,100
2019-06-28 09:44:10.000000000,100370,244,100172,244,100450,240,100142,440,100485,240,99956,240,100590,100,99945,200,100701,100,99939,100,100721,100,99919,100,100955,100,99918,100,101051,100,99876,200,,,99875,100,,,99866,100
2019-06-28 09:44:12.840715796,100370,144,100172,244,100450,240,100142,440,100485,240,99956,240,100590,100,99945,200,100701,100,99939,100,100721,100,99919,100,100955,100,99918,100,101051,100,99876,200,,,99875,100,,,99866,100
2019-06-28 09:44:15.961981397,100370,144,100368,100,100450,240,100172,244,100485,240,100142,340,100590,100,99956,240,100701,100,99945,200,100721,100,99939,100,100955,100,99919,100,101051,100,99918,100,,,99876,200,,,99875,100
2019-06-28 09:44:20.000000000,100450,185,100368,185,100485,185,100172,185,100590,185,100142,285,100701,185,99956,185,100721,185,99945,285,100955,100,99939,100,101051,100,99919,100,,,99918,100,,,99876,200,,,99875,100
2019-06-28 09:44:30.000000000,100450,185,100368,185,100485,185,100172,185,100590,185,100142,285,100701,185,99956,185,100721,185,99945,285,100955,100,99939,100,101051,100,99919,100,,,99918,100,,,99876,200,,,99875,100
2019-06-28 09:44:40.000000000,100450,185,100368,185,100485,185,100172,185,100590,185,100142,285,100701,185,99956,185,100721,185,99945,285,100955,100,99939,100,101051,100,99919,100,,,99918,100,,,99876,200,,,99875,100
2019-06-28 09:44:42.418932029,100450,185,100368,285,100485,185,100172,185,100590,185,100142,285,100701,185,99956,185,100721,185,99945,285,100955,100,99939,100,101051,100,99919,100,,,99918,100,,,99876,200,,,99875,100
2019-06-28 09:44:45.582206424,100450,185,100368,285,100485,185,100172,185,100590,185,100142,285,100609,100,99956,185,100701,185,99945,285,100721,185,99939,100,100955,100,99919,100,101051,100,99918,100,,,99876,200,,,99875,100
2019-06-28 09:44:50.000000000,100450,244,100368,344,100485,240,100172,240,100590,240,100142,340,100609,100,99956,100,100701,100,99945,200,100721,100,99939,100,100955,100,99919,100,101051,100,99918,100,,,99876,200,,,99875,100
2019-06-28 09:44:52.435226979,100450,244,100368,344,100485,240,100172,240,100590,240,100142,340,100602,100,99956,100,100609,100,99945,200,100701,100,99939,100,100721,100,99919,100,100955,100,99918,100,101051,100,99876,200,,,99875,100
2019-06-28 09:45:00.000000000,100450,524,100368,624,100485,100,100172,100,100590,100,100142,200,100602,100,99956,100,100609,100,99945,200,100701,100,99939,100,100721,100,99919,100,100955,100,99918,100,101051,100,99876,200,,,99875,100
2019-06-28 09:45:10.000000000,100450,244,100368,344,100485,240,100172,240,100590,240,100142,340,100602,100,99956,100,100609,100,99945,200,100701,100,99939,100,100721,100,99919,100,100955,100,99918,100,101051,100,99876,200,,,99875,100
2019-06-28 09:45:20.000000000,100450,206,100368,306,100485,206,100172,206,100590,206,100142,306,100602,206,99956,206,100609,100,99945,200,100701,100,99939,100,100721,100,99919,100,100955,100,99918,100,101051,100,99876,200,,,99875,100
2019-06-28 09:45:30.000000000,100450,244,100368,344,100485,240,100172,240,100590,240,100142,340,100602,100,99956,100,100609,100,99945,200,100701,100,99939,100,100721,100,99919,100,100955,100,99918,100,101051,100,99876,200,,,99875,100
2019-06-28 09:45:40.000000000,100450,185,100368,285,100485,185,100172,185,100590,185,100142,285,100602,185,99956,185,100609,185,99945,285,100701,100,99939,100,100721,100,99919,100,100955,100,99918,100,101051,100,99876,200,,,99875,100
2019-06-28 09:45:50.000000000,100450,185,100368,285,100485,185,100172,185,100590,185,100142,285,100602,185,99956,185,100609,185,99945,285,100701,100,99939,100,100721,100,99919,100,100955,100,99918,100,101051,100,99876,200,,,99875,100
2019-06-28 09:45:55.495164804,100450,185,100368,185,100485,185,100172,185,100590,185,100142,285,100602,185,99956,185,100609,185,99945,285,100701,100,99939,100,100721,100,99919,100,100955,100,99918,100,101051,100,99876,200,,,99875,100
2019-06-28 09:46:00.000000000,100450,524,100368,524,100485,100,100172,100,100590,100,100142,200,100602,100,99956,100,100609,100,99945,200,100701,100,99939,100,100721,100,99919,100,100955,100,99918,100,101051,100,99876,200,,,99875,100
2019-06-28 09:46:03.462875860,100450,524,100368,524,100485,100,100172,100,100590,100,100142,200,100602,100,99956,100,100609,100,99945,200,100701,100,99939,100,100721,100,99919,100,100955,100,99918,100,101051,100,99876,200,,,99875,100
2019-06-28 09:46:05.246043353,100450,524,100368,524,100485,100,100172,100,100590,100,100142,200,100602,100,99956,100,100609,100,99945,100,100701,100,99939,100,100721,100,99919,100,100955,100,99918,100,101051,100,99876,200,,,99875,100
2019-06-28 09:46:10.000000000,100450,206,100368,206,100485,206,100172,206,100590,206,100142,306,100602,206,99956,206,100609,100,99945,100,100701,100,99939,100,100721,100,99919,100,100955,100,99918,100,101051,100,99876,200,,,99875,100
2019-06-28 09:46:16.781375400,100450,206,100368,106,100485,206,100172,206,100590,206,100142,306,100602,206,99956,206,100609,100,99945,100,100701,100,99939,100,100721,100,99918,100,100955,100,99876,200,101051,100,99875,100,,,99866,100
2019-06-28 09:46:20.000000000,100450,206,100172,206,100485,206,100142,306,100590,206,99956,206,100602,206,99945,206,100609,100,99939,100,100701,100,99918,100,100721,100,99876,200,100955,100,99875,100,101051,100,99866,100,,,99865,100
2019-06-28 09:46:30.000000000,100450,524,100172,524,100485,100,100142,200,100590,100,99956,100,100602,100,99945,100,100609,100,99939,100,100701,100,99918,100,100721,100,99876,200,100955,100,99875,100,101051,100,99866,100,,,99865,100
2019-06-28 09:46:31.582616347,100450,524,100172,424,100485,100,100142,200,100590,100,99956,100,100602,100,99945,100,100609,100,99939,100,100701,100,99918,100,100721,100,99876,200,100955,100,99875,100,101051,100,99866,100,,,99865,100
2019-06-28 09:46:37.774276350,100368,100,100172,424,100450,524,100142,200,100485,100,99956,100,100590,100,99945,100,100602,100,99939,100,100609,100,99918,100,100701,100,99876,200,100721,100,99875,100,100955,100,99866,100,101051,100,99865,100
2019-06-28 09:46:40.000000000,100368,244,100142,344,100450,240,99956,240,100485,240,99945,240,100590,100,99939,100,100602,100,99918,100,100609,100,99876,200,100701,100,99875,100,100721,100,99866,100,100955,100,99865,100,101051,100,99851,100
2019-06-28 09:46:45.585644477,100368,244,100142,344,100450,240,99956,240,100485,240,99945,240,100590,100,99939,100,100602,100,99918,100,100609,100,99876,200,100701,100,99875,100,100721,100,99865,100,100955,100,99851,100,101051,100,99839,100
2019-06-28 09:46:48.217150047,100368,244,100142,244,100450,240,99956,240,100485,240,99945,240,100590,100,99939,100,100602,100,99918,100,100609,100,99876,200,100701,100,99875,100,100721,100,99865,100,100955,100,99851,100,101051,100,99839,100
2019-06-28 09:46:50.000000000,100368,206,100142,206,100450,206,99956,206,100485,206,99945,206,100590,206,99939,206,100602,100,99918,100,100609,100,99876,200,100701,100,99875,100,100721,100,99865,100,100955,100,99851,100,101051,100,99839,100
2019-06-28 09:47:00.000000000,100368,244,100142,244,100450,240,99956,240,100485,240,99945,240,100590,100,99939,100,100602,100,99918,100,100609,100,99876,200,100701,100,99875,100,100721,100,99865,100,100955,100,99851,100,101051,100,99839,100
2019-06-28 09:47:10.000000000,100368,185,100142,185,100450,185,99956,185,100485,185,99945,185,100590,185,99939,185,100602,185,99918,185,100609,100,99876,200,100701,100,99875,100,100721,100,99865,100,100955,100,99851,100,101051,100,99839,100
2019-06-28 09:47:13.411297775,100368,185,100142,85,100450,185,99956,185,100485,185,99945,185,100590,185,99939,185,100602,185,99918,185,100609,100,99876,200,100701,100,99875,100,100721,100,99865,100,100955,100,99851,100,101051,100,99839,100
2019-06-28 09:47:19.675322740,100142,15,99956,185,100368,185,99945,185,100450,185,99939,185,100485,185,99918,185,100590,185,99876,100,100602,185,99875,100,100609,100,99865,100,100701,100,99851,100,100721,100,99839,100,100955,100,99811,100
2019-06-28 09:47:20.000000000,100142,100,99956,185,100368,185,99945,185,100450,185,99939,185,100485,185,99918,185,100590,185,99876,185,100602,100,99875,100,100609,100,99865,100,100701,100,99851,100,100721,100,99839,100,100955,100,99811,100
2019-06-28 09:47:24.109886359,99967,100,99956,185,100142,100,99945,185,100368,185,99939,185,100450,185,99918,185,100485,185,99876,185,100590,185,99875,100,100602,100,99865,100,100609,100,99851,100,100701,100,99839,100,100721,100,99811,100
2019-06-28 09:47:30.000000000,99967,206,99956,206,100142,121,99945,206,100368,206,99939,206,100450,206,99918,206,100485,100,99876,100,100590,100,99875,100,100602,100,99865,100,100609,100,99851,100,100701,100,99839,100,100721,100,99811,100
2019-06-28 09:47:37.052347994,99967,206,99956,206,100142,221,99945,206,100368,206,99939,206,100450,206,99918,206,100485,100,99876,100,100590,100,99875,100,100602,100,99865,100,100609,100,99851,100,100701,100,99839,100,100721,100,99811,100
2019-06-28 09:47:40.000000000,99967,185,99956,185,100142,200,99945,185,100368,185,99939,185,100450,185,99918,185,100485,185,99876,185,100590,100,99875,100,100602,100,99865,100,100609,100,99851,100,100701,100,99839,100,100721,100,99811,100
2019-06-28 09:47:50.000000000,99967,206,99956,206,100142,221,99945,206,100368,206,99939,206,100450,206,99918,206,100485,100,99876,100,100590,100,99875,100,100602,100,99865,100,100609,100,99851,100,100701,100,99839,100,100721,100,99811,100
2019-06-28 09:48:00.000000000,99967,244,99956,244,100142,255,99945,240,100368,240,99939,240,100450,100,99918,100,100485,100,99876,100,100590,100,99875,100,100602,100,99865,100,100609,100,99851,100,100701,100,99839,100,100721,100,99811,100
2019-06-28 09:48:09.481825993,99967,244,99956,244,100142,255,99945,240,100368,240,99939,240,100450,100,99918,100,100485,100,99876,100,100590,100,99875,100,100602,100,99865,100,100609,100,99851,100,100701,100,99839,100,100721,100,99811,100
2019-06-28 09:48:10.000000000,99967,524,99956,524,100142,115,99945,100,100368,100,99939,100,100450,100,99918,100,100485,100,99876,100,100590,100,99875,100,100602,100,99865,100,100609,100,99851,100,100701,100,99839,100,100721,100,99811,100
2019-06-28 09:48:11.519183990,99967,524,99956,424,100142,115,99945,100,100368,100,99939,100,100450,100,99918,100,100485,100,99876,100,100590,100,99875,100,100602,100,99865,100,100609,100,99851,100,100701,100,99839,100,100721,100,99811,100
2019-06-28 09:48:20.000000000,99967,524,99945,524,100142,115,99939,100,100368,100,99918,100,100450,100,99876,100,100485,100,99875,100,100590,100,99865,100,100602,100,99851,100,100609,100,99839,100,100701,100,99811,100,100721,100,99797,100
2019-06-28 09:48:22.043935904,99967,524,99945,524,100142,115,99939,100,100368,100,99918,100,100450,100,99876,100,100485,100,99875,100,100590,100,99865,100,100602,100,99851,100,100609,100,99839,100,100701,100,99811,100,100721,100,99797,100
2019-06-28 09:48:29.618092693,99967,524,99945,424,100142,115,99939,100,100368,100,99918,100,100450,100,99876,100,100485,100,99875,100,100590,100,99865,100,100602,100,99851,100,100609,100,99839,100,100701,100,99811,100,100721,100,99797,100
2019-06-28 09:48:30.000000000,99967,206,99939,206,100142,221,99918,206,100368,206,99876,206,100450,206,99875,206,100485,100,99865,100,100590,100,99851,100,100602,100,99839,100,100609,100,99811,100,100701,100,99797,100,100721,100,99765,100
2019-06-28 09:48:40.000000000,99967,185,99939,185,100142,200,99918,185,100368,185,99876,185,100450,185,99875,185,100485,185,99865,185,100590,100,99851,100,100602,100,99839,100,100609,100,99811,100,100701,100,99797,100,100721,100,99765,100
2019-06-28 09:48:50.000000000,99967,206,99939,206,100142,221,99918,206,100368,206,99876,206,100450,206,99875,206,100485,100,99865,100,100590,100,99851,100,100602,100,99839,100,100609,100,99811,100,100701,100,99797,100,100721,100,99765,100
2019-06-28 09:49:00.000000000,99967,524,99939,524,100142,115,99918,100,100368,100,99876,100,100450,100,99875,100,100485,100,99865,100,100590,100,99851,100,100602,100,99839,100,100609,100,99811,100,100701,100,99797,100,100721,100,99765,100
2019-06-28 09:49:10.000000000,99967,206,99939,206,100142,221,99918,206,100368,206,99876,206,100450,206,99875,206,100485,100,99865,100,100590,100,99851,100,100602,100,99839,100,100609,100,99811,100,100701,100,99797,100,100721,100,99765,100
2019-06-28 09:49:11.435428712,99956,100,99939,206,99967,206,99918,206,100142,221,99876,206,100368,206,99875,206,100450,206,99865,100,100485,100,99851,100,100590,100,99839,100,100602,100,99811,100,100609,100,99797,100,100701,100,99765,100
2019-06-28 09:49:12.146748838,99956,200,99939,206,99967,206,99918,206,100142,221,99876,206,100368,206,99875,206,100450,206,99865,100,100485,100,99851,100,100590,100,99839,100,100602,100,99811,100,100609,100,99797,100,100701,100,99765,100
2019-06-28 09:49:12.542088725,99956,200,99939,206,99967,206,99918,206,100142,221,99876,206,100368,206,99875,206,100450,206,99865,100,100485,100,99839,100,100590,100,99811,100,100602,100,99797,100,100609,100,99765,100,100701,100,99231,100
2019-06-28 09:49:20.000000000,99956,624,99939,524,99967,100,99918,100,100142,115,99876,100,100368,100,99875,100,100450,100,99865,100,100485,100,99839,100,100590,100,99811,100,100602,100,99797,100,100609,100,99765,100,100701,100,99231,100
2019-06-28 09:49:30.000000000,99956,344,99939,244,99967,240,99918,240,100142,255,99876,240,100368,100,99875,100,100450,100,99865,100,100485,100,99839,100,100590,100,99811,100,100602,100,99797,100,100609,100,99765,100,100701,100,99231,100
2019-06-28 09:49:40.000000000,99956,285,99939,185,99967,185,99918,185,100142,200,99876,185,100368,185,99875,185,100450,185,99865,185,100485,100,99839,100,100590,100,99811,100,100602,100,99797,100,100609,100,99765,100,100701,100,99231,100
2019-06-28 09:49:44.902166560,99956,285,99939,185,99967,185,99918,185,100142,200,99876,185,100368,185,99875,185,100450,185,99865,185,100485,100,99839,100,100590,100,99811,100,100602,100,99797,100,100609,100,99765,100,100701,100,99231,100
2019-06-28 09:49:50.000000000,99956,344,99939,244,99967,240,99918,240,100142,255,99876,240,100368,100,99875,100,100450,100,99865,100,100485,100,99839,100,100590,100,99811,100,100602,100,99797,100,100609,100,99765,100,100701,100,99231,100
2019-06-28 09:49:50.625180719,99956,344,99939,244,99967,240,99918,240,100142,255,99876,240,100450,100,99875,100,100485,100,99865,100,100590,100,99839,100,100602,100,99811,100,100609,100,99797,100,100701,100,99765,100,100721,100,99231,100
2019-06-28 09:49:52.034585848,99956,344,99939,244,99967,240,99918,240,100142,255,99876,240,100450,100,99875,100,100485,100,99865,100,100590,100,99839,100,100602,100,99811,100,100609,100,99797,100,100701,100,99765,100,100721,100,99231,100
2019-06-28 09:50:00.000000000,99956,285,99939,185,99967,185,99918,185,100142,200,99876,185,100450,185,99875,185,100485,185,99865,185,100590,100,99839,100,100602,100,99811,100,100609,100,99797,100,100701,100,99765,100,100721,100,99231,100
2019-06-28 09:50:03.257055055,99956,385,99939,185,99967,185,99918,185,100142,200,99876,185,100450,185,99875,185,100485,185,99865,185,100590,100,99839,100,100602,100,99811,100,100609,100,99797,100,100701,100,99765,100,100721,100,99231,100
2019-06-28 09:50:07.324146732,99956,385,99939,185,99967,185,99918,185,100142,200,99876,185,100450,185,99875,185,100485,185,99865,185,100590,100,99839,100,100602,100,99811,100,100609,100,99797,100,100701,100,99765,100,100721,100,99231,100
2019-06-28 09:50:10.000000000,99956,385,99939,185,99967,185,99918,185,100142,200,99876,185,100450,185,99875,185,100485,185,99865,185,100590,100,99839,100,100602,100,99811,100,100609,100,99797,100,100701,100,99765,100,100721,100,99231,100
2019-06-28 09:50:13.813408150,99956,385,99939,85,99967,185,99918,185,100142,200,99876,185,100450,185,99875,185,100485,185,99865,185,100590,100,99839,100,100602,100,99811,100,100609,100,99797,100,100701,100,99765,100,100721,100,99231,100
2019-06-28 09:50:18.205632260,99956,385,99939,85,99967,185,99918,185,100142,100,99876,185,100450,185,99875,185,100485,185,99865,185,100590,100,99839,100,100602,100,99811,100,100609,100,99797,100,100701,100,99765,100,100721,100,99231,100
2019-06-28 09:50:20.000000000,99956,444,99918,244,99967,240,99876,240,100142,155,99875,240,100450,100,99865,100,100485,100,99839,100,100590,100,99811,100,100602,100,99797,100,100609,100,99765,100,100701,100,99231,100,100721,100,99160,100
2019-06-28 09:50:30.000000000,99956,444,99918,244,99967,240,99876,240,100142,155,99875,240,100450,100,99865,100,100485,100,99839,100,100590,100,99811,100,100602,100,99797,100,100609,100,99765,100,100701,100,99231,100,100721,100,99160,100
2019-06-28 09:50:36.506939366,99945,100,99918,244,99956,444,99876,240,99967,240,99875,240,100142,155,99865,100,100450,100,99839,100,100485,100,99811,100,100590,100,99797,100,100602,100,99765,100,100609,100,99231,100,100701,100,99160,100
2019-06-28 09:50:40.000000000,99945,312,99918,312,99956,512,99876,312,99967,100,99875,100,100142,15,99865,100,100450,100,99839,100,100485,100,99811,100,100590,100,99797,100,100602,100,99765,100,100609,100,99231,100,100701,100,99160,100
2019-06-28 09:50:45.250572113,99945,312,99918,212,99956,512,99876,312,99967,100,99875,100,100142,15,99865,100,100450,100,99839,100,100485,100,99811,100,100590,100,99797,100,100602,100,99765,100,100609,100,99231,100,100701,100,99160,100
2019-06-28 09:50:50.000000000,99945,206,99876,206,99956,406,99875,206,99967,206,99865,206,100142,121,99839,206,100450,100,99811,100,100485,100,99797,100,100590,100,99765,100,100602,100,99231,100,100609,100,99160,100,100701,100,98866,100
2019-06-28 09:50:53.507067303,99945,206,99876,106,99956,406,99875,206,99967,206,99865,206,100142,121,99839,206,100450,100,99811,100,100485,100,99797,100,100590,100,99765,100,100602,100,99231,100,100609,100,99160,100,100701,100,98866,100
2019-06-28 09:51:00.000000000,99945,206,99875,206,99956,406,99865,206,99967,206,99839,206,100142,121,99811,206,100450,100,99797,100,100485,100,99765,100,100590,100,99231,100,100602,100,99160,100,100609,100,98866,100,100701,100,98851,100
2019-06-28 09:51:04.524437715,99945,206,99875,106,99956,406,99865,206,99967,206,99839,206,100142,121,99811,206,100450,100,99797,100,100485,100,99765,100,100590,100,99231,100,100602,100,99160,100,100609,100,98851,100,100701,100,,
2019-06-28 09:51:10.000000000,99945,185,99865,185,99956,385,99839,185,99967,185,99811,185,100142,100,99797,185,100450,185,99765,185,100485,100,99231,100,100590,100,99160,100,100602,100,98851,100,100609,100,,,100701,100,,
2019-06-28 09:51:20.000000000,99945,312,99865,312,99956,512,99839,312,99967,100,99811,100,100142,15,99797,100,100450,100,99765,100,100485,100,99231,100,100590,100,99160,100,100602,100,98851,100,100609,100,,,100701,100,,
2019-06-28 09:51:29.602802823,99945,312,99865,212,99956,512,99839,312,99967,100,99811,100,100142,15,99797,100,100450,100,99765,100,100485,100,99231,100,100590,100,99160,100,100602,100,98851,100,100609,100,,,100701,100,,
2019-06-28 09:51:30.000000000,99945,206,99839,206,99956,406,99811,206,99967,206,99797,206,100142,121,99765,206,100450,100,99231,100,100485,100,99160,100,100590,100,98851,100,100602,100,,,100609,100,,,100701,100,,
2019-06-28 09:51:40.000000000,99945,244,99839,244,99956,440,99811,240,99967,240,99797,240,100142,15,99765,100,100450,100,99231,100,100485,100,99160,100,100590,100,98851,100,100602,100,,,100609,100,,,100701,100,,
2019-06-28 09:51:50.000000000,99945,206,99839,206,99956,406,99811,206,99967,206,99797,206,100142,121,99765,206,100450,100,99231,100,100485,100,99160,100,100590,100,98851,100,100602,100,,,100609,100,,,100701,100,,
2019-06-28 09:51:52.375032222,99945,206,99839,206,99956,406,99811,206,99967,206,99797,206,100142,121,99765,206,100450,100,99231,100,100485,100,99198,100,100590,100,99160,100,100602,100,98851,100,100609,100,,,100701,100,,
2019-06-28 09:51:59.764834636,99875,100,99839,206,99945,206,99811,206,99956,406,99797,206,99967,206,99765,206,100142,121,99231,100,100450,100,99198,100,100485,100,99160,100,100590,100,98851,100,100602,100,,,100609,100,,
2019-06-28 09:52:00.000000000,99875,244,99839,244,99945,240,99811,240,99956,440,99797,240,99967,100,99765,100,100142,15,99231,100,100450,100,99198,100,100485,100,99160,100,100590,100,98851,100,100602,100,,,100609,100,,
2019-06-28 09:52:10.000000000,99875,206,99839,206,99945,206,99811,206,99956,406,99797,206,99967,206,99765,206,100142,15,99231,100,100450,100,99198,100,100485,100,99160,100,100590,100,98851,100,100602,100,,,100609,100,,
2019-06-28 09:52:20.000000000,99875,524,99839,524,99945,100,99811,100,99956,300,99797,100,99967,100,99765,100,100142,15,99231,100,100450,100,99198,100,100485,100,99160,100,100590,100,98851,100,100602,100,,,100609,100,,
2019-06-28 09:52:21.230230436,99875,524,99839,524,99945,100,99811,100,99956,300,99797,100,99967,100,99765,100,100142,15,99231,100,100450,100,99198,100,100485,100,99164,100,100590,100,99160,100,100602,100,98851,100,100609,100,,
2019-06-28 09:52:30.000000000,99875,524,99839,524,99945,100,99811,100,99956,300,99797,100,99967,100,99765,100,100142,15,99231,100,100450,100,99198,100,100485,100,99164,100,100590,100,99160,100,100602,100,98851,100,100609,100,,
2019-06-28 09:52:31.680942586,99875,524,99839,524,99945,100,99811,100,99956,300,99797,100,99967,100,99765,100,100142,15,99440,100,100450,100,99231,100,100485,100,99198,100,100590,100,99164,100,100602,100,99160,100,100609,100,98851,100
2019-06-28 09:52:40.000000000,99875,206,99839,206,99945,206,99811,206,99956,406,99797,206,99967,206,99765,206,100142,15,99440,100,100450,100,99231,100,100485,100,99198,100,100590,100,99164,100,100602,100,99160,100,100609,100,98851,100
2019-06-28 09:52:44.726714894,99875,206,99839,206,99945,206,99811,206,99956,306,99797,206,99967,206,99765,206,100142,15,99440,100,100450,100,99231,100,100485,100,99198,100,100590,100,99164,100,100602,100,99160,100,100609,100,98851,100
2019-06-28 09:52:50.000000000,99875,206,99839,206,99945,206,99811,206,99956,306,99797,206,99967,206,99765,206,100142,15,99440,100,100450,100,99231,100,100485,100,99198,100,100590,100,99164,100,100602,100,99160,100,100609,100,98851,100
2019-06-28 09:52:54.007381717,99875,206,99839,206,99945,206,99811,206,99956,306,99797,206,99967,206,99765,206,100142,15,99519,100,100450,100,99440,100,100485,100,99231,100,100590,100,99198,100,100602,100,99164,100,100609,100,99160,100
2019-06-28 09:52:59.324716004,99875,106,99839,206,99945,206,99811,206,99956,306,99797,206,99967,206,99765,206,100142,15,99519,100,100450,100,99440,100,100485,100,99231,100,100590,100,99198,100,100602,100,99164,100,100609,100,99160,100
2019-06-28 09:53:00.000000000,99945,185,99839,185,99956,285,99811,185,99967,185,99797,185,100142,100,99765,185,100450,185,99519,185,100485,100,99440,100,100590,100,99231,100,100602,100,99198,100,100609,100,99164,100,100701,100,99160,100
2019-06-28 09:53:10.000000000,99945,185,99839,185,99956,285,99811,185,99967,185,99797,185,100142,100,99765,185,100450,185,99519,185,100485,100,99440,100,100590,100,99231,100,100602,100,99198,100,100609,100,99164,100,100701,100,99160,100
2019-06-28 09:53:20.000000000,99945,312,99839,312,99956,412,99811,312,99967,100,99797,100,100142,15,99765,100,100450,100,99519,100,100485,100,99440,100,100590,100,99231,100,100602,100,99198,100,100609,100,99164,100,100701,100,99160,100
2019-06-28 09:53:24.088126148,99945,312,99839,312,99956,412,99811,312,99967,100,99797,100,100142,15,99765,100,100450,100,99519,100,100485,100,99440,100,100590,100,99231,100,100602,100,99198,100,100609,100,99164,100,100701,100,99160,100
2019-06-28 09:53:30.000000000,99945,244,99839,244,99956,340,99811,240,99967,240,99797,240,100142,15,99765,100,100450,100,99519,100,100485,100,99440,100,100590,100,99231,100,100602,100,99198,100,100609,100,99164,100,100701,100,99160,100
2019-06-28 09:53:35.656618101,99945,244,99839,244,99956,340,99811,240,99967,240,99797,240,100142,15,99765,100,100450,100,99519,100,100485,100,99440,100,100590,100,99395,100,100602,100,99231,100,100609,100,99198,100,100701,100,99164,100
2019-06-28 09:53:40.000000000,99945,312,99839,312,99956,412,99811,312,99967,100,99797,100,100142,15,99765,100,100450,100,99519,100,100485,100,99440,100,100590,100,99395,100,100602,100,99231,100,100609,100,99198,100,100701,100,99164,100
2019-06-28 09:53:50.000000000,99945,185,99839,185,99956,285,99811,185,99967,185,99797,185,100142,100,99765,185,100450,185,99519,185,100485,100,99440,100,100590,100,99395,100,100602,100,99231,100,100609,100,99198,100,100701,100,99164,100
2019-06-28 09:53:53.883363941,99945,185,99839,185,99956,285,99811,185,99967,185,99797,185,100142,100,99765,185,100450,185,99519,185,100485,100,99440,100,100590,100,99395,100,100602,100,99231,100,100609,100,99198,100,100701,100,99164,100
2019-06-28 09:54:00.000000000,99945,185,99839,185,99956,285,99811,185,99967,185,99797,185,100142,100,99765,185,100450,185,99519,185,100485,100,99440,100,100590,100,99395,100,100602,100,99231,100,100609,100,99198,100,100701,100,99164,100
2019-06-28 09:54:10.000000000,99945,524,99839,524,99956,200,99811,100,99967,100,99797,100,100142,15,99765,100,100450,100,99519,100,100485,100,99440,100,100590,100,99395,100,100602,100,99231,100,100609,100,99198,100,100701,100,99164,100
2019-06-28 09:54:20.000000000,99945,524,99839,524,99956,200,99811,100,99967,100,99797,100,100142,15,99765,100,100450,100,99519,100,100485,100,99440,100,100590,100,99395,100,100602,100,99231,100,100609,100,99198,100,100701,100,99164,100
2019-06-28 09:54:23.874841157,99945,524,99839,424,99956,200,99811,100,99967,100,99797,100,100142,15,99765,100,100450,100,99519,100,100485,100,99440,100,100590,100,99395,100,100609,100,99231,100,100701,100,99198,100,100721,100,99164,100
2019-06-28 09:54:26.650058235,99945,524,99839,424,99956,200,99811,100,99967,100,99797,100,100450,100,99765,100,100485,100,99519,100,100590,100,99440,100,100609,100,99395,100,100701,100,99231,100,100721,100,99198,100,101051,100,99164,100
2019-06-28 09:54:30.000000000,99945,206,99811,206,99956,306,99797,206,99967,206,99765,206,100450,206,99519,206,100485,100,99440,100,100590,100,99395,100,100609,100,99231,100,100701,100,99198,100,100721,100,99164,100,101051,100,99160,100
2019-06-28 09:54:40.000000000,99945,524,99811,524,99956,200,99797,100,99967,100,99765,100,100450,100,99519,100,100485,100,99440,100,100590,100,99395,100,100609,100,99231,100,100701,100,99198,100,100721,100,99164,100,101051,100,99160,100
2019-06-28 09:54:41.949690757,99945,524,99811,524,99956,200,99797,100,99967,100,99765,100,100450,100,99519,100,100485,100,99440,100,100590,100,99395,100,100609,100,99231,100,100701,100,99198,100,100721,100,99164,100,101051,100,99160,100
2019-06-28 09:54:45.638340578,99945,524,99811,424,99956,200,99797,100,99967,100,99765,100,100450,100,99519,100,100485,100,99440,100,100590,100,99395,100,100609,100,99231,100,100701,100,99198,100,100721,100,99164,100,101051,100,99160,100
2019-06-28 09:54:50.000000000,99945,244,99797,244,99956,340,99765,240,99967,240,99519,240,100450,100,99440,100,100485,100,99395,100,100590,100,99231,100,100609,100,99198,100,100701,100,99164,100,100721,100,99160,100,101051,100,99015,100
2019-06-28 09:54:51.910154992,99945,244,99797,244,99956,340,99765,240,99967,240,99519,240,100450,100,99440,100,100590,100,99395,100,100609,100,99231,100,100701,100,99198,100,100721,100,99164,100,101051,100,99160,100,,,99015,100
2019-06-28 09:55:00.000000000,99945,206,99797,206,99956,306,99765,206,99967,206,99519,206,100450,206,99440,206,100590,100,99395,100,100609,100,99231,100,100701,100,99198,100,100721,100,99164,100,101051,100,99160,100,,,99015,100
2019-06-28 09:55:04.719200091,99945,206,99797,106,99956,306,99765,206,99967,206,99519,206,100450,206,99440,206,100590,100,99395,100,100609,100,99231,100,100701,100,99198,100,100721,100,99164,100,101051,100,99160,100,,,99015,100
2019-06-28 09:55:06.755081365,99811,100,99797,106,99945,106,99765,206,99956,306,99519,206,99967,206,99440,206,100450,206,99395,100,100590,100,99231,100,100609,100,99198,100,100701,100,99164,100,100721,100,99160,100,101051,100,99015,100
2019-06-28 09:55:10.000000000,99811,524,99765,524,99956,200,99519,100,99967,100,99440,100,100450,100,99395,100,100590,100,99231,100,100609,100,99198,100,100701,100,99164,100,100721,100,99160,100,101051,100,99015,100,,,98851,100
2019-06-28 09:55:20.000000000,99811,312,99765,312,99956,412,99519,312,99967,100,99440,100,100450,100,99395,100,100590,100,99231,100,100609,100,99198,100,100701,100,99164,100,100721,100,99160,100,101051,100,99015,100,,,98851,100
2019-06-28 09:55:30.000000000,99811,524,99765,524,99956,200,99519,100,99967,100,99440,100,100450,100,99395,100,100590,100,99231,100,100609,100,99198,100,100701,100,99164,100,100721,100,99160,100,101051,100,99015,100,,,98851,100
2019-06-28 09:55:30.857112425,99811,524,99765,424,99956,200,99519,100,99967,100,99440,100,100450,100,99395,100,100590,100,99231,100,100609,100,99198,100,100701,100,99164,100,100721,100,99160,100,101051,100,99015,100,,,98851,100
2019-06-28 09:55:40.000000000,99811,185,99519,185,99956,285,99440,185,99967,185,99395,185,100450,185,99231,185,100590,185,99198,185,100609,100,99164,100,100701,100,99160,100,100721,100,99015,100,101051,100,98851,100,,,98829,100
2019-06-28 09:55:50.000000000,99811,206,99519,206,99956,306,99440,206,99967,206,99395,206,100450,206,99231,206,100590,100,99198,100,100609,100,99164,100,100701,100,99160,100,100721,100,99015,100,101051,100,98851,100,,,98829,100
2019-06-28 09:55:53.292517785,99797,100,99519,206,99811,206,99440,206,99956,306,99395,206,99967,206,99231,206,100450,206,99198,100,100590,100,99164,100,100609,100,99160,100,100701,100,99015,100,100721,100,98851,100,101051,100,98829,100
2019-06-28 09:56:00.000000000,99797,312,99519,312,99811,312,99440,312,99956,200,99395,100,99967,100,99231,100,100450,100,99198,100,100590,100,99164,100,100609,100,99160,100,100701,100,99015,100,100721,100,98851,100,101051,100,98829,100
2019-06-28 09:56:03.105975638,99703,100,99519,312,99797,312,99440,312,99811,312,99395,100,99956,200,99231,100,99967,100,99198,100,100450,100,99164,100,100590,100,99160,100,100609,100,99015,100,100701,100,98851,100,100721,100,98829,100
2019-06-28 09:56:07.903620970,99703,100,99519,212,99797,312,99440,312,99811,312,99395,100,99956,200,99231,100,99967,100,99198,100,100590,100,99164,100,100609,100,99160,100,100701,100,99015,100,100721,100,98851,100,101051,100,98829,100
2019-06-28 09:56:10.000000000,99703,312,99440,312,99797,312,99395,312,99811,100,99231,100,99956,200,99198,100,99967,100,99164,100,100590,100,99160,100,100609,100,99015,100,100701,100,98851,100,100721,100,98829,100,101051,100,98413,100
2019-06-28 09:56:11.925887498,99703,312,99440,312,99797,312,99395,312,99811,100,99316,100,99956,200,99231,100,99967,100,99198,100,100590,100,99164,100,100609,100,99160,100,100701,100,99015,100,101051,100,98851,100,,,98829,100
2019-06-28 09:56:20.000000000,99703,244,99440,244,99797,240,99395,240,99811,240,99316,240,99956,200,99231,100,99967,100,99198,100,100590,100,99164,100,100609,100,99160,100,100701,100,99015,100,101051,100,98851,100,,,98829,100
2019-06-28 09:56:29.756961452,99540,100,99440,244,99703,244,99395,240,99797,240,99316,240,99811,240,99231,100,99956,200,99198,100,99967,100,99164,100,100590,100,99160,100,100609,100,99015,100,100701,100,98851,100,101051,100,98829,100
2019-06-28 09:56:30.000000000,99540,185,99440,185,99703,185,99395,185,99797,185,99316,185,99811,185,99231,185,99956,285,99198,185,99967,100,99164,100,100590,100,99160,100,100609,100,99015,100,100701,100,98851,100,101051,100,98829,100
2019-06-28 09:56:40.000000000,99540,524,99440,524,99703,100,99395,100,99797,100,99316,100,99811,100,99231,100,99956,200,99198,100,99967,100,99164,100,100590,100,99160,100,100609,100,99015,100,100701,100,98851,100,101051,100,98829,100
2019-06-28 09:56:50.000000000,99540,312,99440,312,99703,312,99395,312,99797,100,99316,100,99811,100,99231,100,99956,200,99198,100,99967,100,99164,100,100590,100,99160,100,100609,100,99015,100,100701,100,98851,100,101051,100,98829,100
2019-06-28 09:57:00.000000000,99540,244,99440,244,99703,240,99395,240,99797,240,99316,240,99811,100,99231,100,99956,200,99198,100,99967,100,99164,100,100590,100,99160,100,100609,100,99015,100,100701,100,98851,100,101051,100,98829,100
2019-06-28 09:57:00.010391870,99540,244,99440,144,99703,240,99395,240,99797,240,99316,240,99811,100,99231,100,99956,200,99198,100,99967,100,99164,100,100590,100,99160,100,100609,100,99015,100,100701,100,98851,100,101051,100,98829,100
2019-06-28 09:57:07.321006995,99519,100,99440,144,99540,244,99395,240,99703,240,99316,240,99797,240,99231,100,99811,100,99198,100,99956,200,99164,100,99967,100,99160,100,100590,100,99015,100,100609,100,98851,100,100701,100,98829,100
2019-06-28 09:57:10.000000000,99519,185,99395,185,99540,185,99316,185,99703,185,99231,185,99797,185,99198,185,99811,185,99164,185,99956,200,99160,100,99967,100,99015,100,100590,100,98851,100,100609,100,98829,100,100701,100,98413,100
2019-06-28 09:57:20.000000000,99519,185,99395,185,99540,185,99316,185,99703,185,99231,185,99797,185,99198,185,99811,185,99164,185,99956,200,99160,100,99967,100,99015,100,100590,100,98851,100,100609,100,98829,100,100701,100,98413,100
2019-06-28 09:57:30.000000000,99519,244,99395,244,99540,240,99316,240,99703,240,99231,240,99797,100,99198,100,99811,100,99164,100,99956,200,99160,100,99967,100,99015,100,100590,100,98851,100,100609,100,98829,100,100701,100,98413,100
2019-06-28 09:57:30.119924569,99508,100,99395,244,99519,244,99316,240,99540,240,99231,240,99703,240,99164,100,99797,100,99160,100,99811,100,99015,100,99956,200,98851,100,99967,100,98829,100,100590,100,98413,100,100609,100,98276,100
2019-06-28 09:57:32.704074752,99508,100,99395,244,99519,244,99392,100,99540,240,99316,240,99703,140,99231,240,99797,100,99164,100,99811,100,99160,100,99956,200,99015,100,99967,100,98851,100,100590,100,98829,100,100609,100,98413,100
2019-06-28 09:57:37.332987405,99508,100,99395,244,99519,244,99392,100,99540,240,99343,100,99703,140,99316,240,99797,100,99231,240,99811,100,99164,100,99956,200,99160,100,99967,100,99015,100,100590,100,98851,100,100609,100,98829,100
2019-06-28 09:57:40.000000000,99508,206,99395,206,99519,206,99392,206,99540,206,99343,206,99797,206,99316,206,99811,100,99231,100,99956,200,99164,100,99967,100,99160,100,100590,100,99015,100,100609,100,98851,100,100701,100,98829,100
2019-06-28 09:57:50.000000000,99508,244,99395,244,99519,240,99392,240,99540,240,99343,240,99797,100,99316,100,99811,100,99231,100,99956,200,99164,100,99967,100,99160,100,100590,100,99015,100,100609,100,98851,100,100701,100,98829,100
2019-06-28 09:58:00.000000000,99508,524,99395,524,99519,100,99392,100,99540,100,99343,100,99797,100,99316,100,99811,100,99231,100,99956,200,99164,100,99967,100,99160,100,100590,100,99015,100,100609,100,98851,100,100701,100,98829,100
2019-06-28 09:58:03.438425237,99508,524,99395,524,99519,100,99392,100,99540,100,99361,100,99797,100,99343,100,99811,100,99316,100,99956,200,99231,100,99967,100,99164,100,100590,100,99160,100,100701,100,99015,100,101051,100,98851,100
2019-06-28 09:58:10.000000000,99508,244,99395,244,99519,240,99392,240,99540,240,99361,240,99797,100,99343,100,99811,100,99316,100,99956,200,99231,100,99967,100,99164,100,100590,100,99160,100,100701,100,99015,100,101051,100,98851,100
2019-06-28 09:58:20.000000000,99508,524,99395,524,99519,100,99392,100,99540,100,99361,100,99797,100,99343,100,99811,100,99316,100,99956,200,99231,100,99967,100,99164,100,100590,100,99160,100,100701,100,99015,100,101051,100,98851,100
2019-06-28 09:58:20.450361932,99508,524,99395,524,99519,200,99392,100,99540,100,99361,100,99797,100,99343,100,99811,100,99316,100,99956,200,99231,100,99967,100,99164,100,100590,100,99160,100,100701,100,99015,100,101051,100,98851,100
2019-06-28 09:58:26.013016124,99508,524,99395,524,99519,200,99392,100,99540,100,99361,100,99797,100,99343,100,99811,100,99316,100,99956,200,99231,100,99967,100,99177,100,100590,100,99164,100,100701,100,99160,100,101051,100,99015,100
2019-06-28 09:58:30.000000000,99508,524,99395,524,99519,200,99392,100,99540,100,99361,100,99797,100,99343,100,99811,100,99316,100,99956,200,99231,100,99967,100,99177,100,100590,100,99164,100,100701,100,99160,100,101051,100,99015,100
2019-06-28 09:58:39.658853353,99508,524,99395,524,99519,200,99392,100,99540,100,99361,100,99797,100,99343,100,99811,100,99316,100,99956,200,99231,100,99967,100,99196,100,100590,100,99177,100,100701,100,99164,100,101051,100,99160,100
2019-06-28 09:58:40.000000000,99508,244,99395,244,99519,340,99392,240,99540,240,99361,240,99797,100,99343,100,99811,100,99316,100,99956,200,99231,100,99967,100,99196,100,100590,100,99177,100,100701,100,99164,100,101051,100,99160,100
2019-06-28 09:58:50.000000000,99508,524,99395,524,99519,200,99392,100,99540,100,99361,100,99797,100,99343,100,99811,100,99316,100,99956,200,99231,100,99967,100,99196,100,100590,100,99177,100,100701,100,99164,100,101051,100,99160,100
2019-06-28 09:58:58.735707714,99508,524,99395,424,99519,200,99392,100,99797,100,99361,100,99811,100,99343,100,99956,200,99316,100,99967,100,99231,100,100590,100,99196,100,100701,100,99177,100,101051,100,99164,100,,,99160,100
2019-06-28 09:59:00.000000000,99508,524,99392,524,99519,200,99361,100,99797,100,99343,100,99811,100,99316,100,99956,200,99231,100,99967,100,99196,100,100590,100,99177,100,100701,100,99164,100,101051,100,99160,100,,,99015,100
2019-06-28 09:59:10.000000000,99508,185,99392,185,99519,285,99361,185,99797,185,99343,185,99811,185,99316,185,99956,285,99231,185,99967,100,99196,100,100590,100,99177,100,100701,100,99164,100,101051,100,99160,100,,,99015,100
2019-06-28 09:59:20.000000000,99508,185,99392,185,99519,285,99361,185,99797,185,99343,185,99811,185,99316,185,99956,285,99231,185,99967,100,99196,100,100590,100,99177,100,100701,100,99164,100,101051,100,99160,100,,,99015,100
2019-06-28 09:59:29.255439870,99508,185,99392,85,99519,285,99361,185,99797,185,99343,185,99811,185,99316,185,99956,285,99231,185,99967,100,99196,100,100590,100,99177,100,100701,100,99164,100,101051,100,99160,100,,,99015,100
2019-06-28 09:59:30.000000000,99508,185,99361,185,99519,285,99343,185,99797,185,99316,185,99811,185,99231,185,99956,285,99196,185,99967,100,99177,100,100590,100,99164,100,100701,100,99160,100,101051,100,99015,100,,,98829,100
2019-06-28 09:59:40.000000000,99508,312,99361,312,99519,412,99343,312,99797,100,99316,100,99811,100,99231,100,99956,200,99196,100,99967,100,99177,100,100590,100,99164,100,100701,100,99160,100,101051,100,99015,100,,,98829,100
2019-06-28 09:59:48.670639757,99395,100,99361,312,99508,312,99343,312,99519,312,99316,100,99797,100,99231,100,99811,100,99196,100,99956,200,99177,100,99967,100,99164,100,100590,100,99160,100,100701,100,99015,100,101051,100,98829,100
2019-06-28 09:59:50.000000000,99395,206,99361,206,99508,206,99343,206,99519,206,99316,206,99797,206,99231,206,99811,100,99196,100,99956,200,99177,100,99967,100,99164,100,100590,100,99160,100,100701,100,99015,100,101051,100,98829,100
2019-06-28 10:00:00.000000000,99395,206,99361,206,99508,206,99343,206,99519,206,99316,206,99797,206,99231,206,99811,100,99196,100,99956,200,99177,100,99967,100,99164,100,100590,100,99160,100,100701,100,99015,100,101051,100,98829,100
2019-06-28 10:00:10.000000000,99395,185,99361,185,99508,185,99343,185,99519,185,99316,185,99797,185,99231,185,99811,185,99196,185,99956,200,99177,100,99967,100,99164,100,100590,100,99160,100,100701,100,99015,100,101051,100,98829,100
2019-06-28 10:00:20.000000000,99395,524,99361,524,99508,100,99343,100,99519,100,99316,100,99797,100,99231,100,99811,100,99196,100,99956,200,99177,100,99967,100,99164,100,100590,100,99160,100,100701,100,99015,100,101051,100,98829,100
2019-06-28 10:00:30.000000000,99395,185,99361,185,99508,185,99343,185,99519,185,99316,185,99797,185,99231,185,99811,185,99196,185,99956,200,99177,100,99967,100,99164,100,100590,100,99160,100,100701,100,99015,100,101051,100,98829,100
2019-06-28 10:00:33.448395428,99395,185,99361,185,99508,185,99343,185,99519,185,99316,185,99602,100,99231,185,99797,185,99196,185,99811,185,99177,100,99956,200,99164,100,99967,100,99160,100,100590,100,99015,100,100701,100,98829,100
2019-06-28 10:00:40.000000000,99395,206,99361,206,99508,206,99343,206,99519,206,99316,206,99602,206,99231,206,99797,100,99196,100,99811,100,99177,100,99956,200,99164,100,99967,100,99160,100,100590,100,99015,100,100701,100,98829,100
2019-06-28 10:00:50.000000000,99395,185,99361,185,99508,185,99343,185,99519,185,99316,185,99602,185,99231,185,99797,185,99196,185,99811,100,99177,100,99956,200,99164,100,99967,100,99160,100,100590,100,99015,100,100701,100,98829,100
2019-06-28 10:00:58.756786658,99395,185,99361,185,99508,185,99343,185,99519,185,99316,185,99602,185,99231,185,99797,185,99196,185,99811,100,99177,100,99858,100,99164,100,99956,200,99160,100,99967,100,99015,100,100590,100,98829,100
2019-06-28 10:01:00.000000000,99395,185,99361,185,99508,185,99343,185,99519,185,99316,185,99602,185,99231,185,99797,185,99196,185,99811,100,99177,100,99858,100,99164,100,99956,200,99160,100,99967,100,99015,100,100590,100,98829,100
2019-06-28 10:01:10.000000000,99395,185,99361,185,99508,185,99343,185,99519,185,99316,185,99602,185,99231,185,99797,185,99196,185,99811,100,99177,100,99858,100,99164,100,99956,200,99160,100,99967,100,99015,100,100590,100,98829,100
2019-06-28 10:01:20.000000000,99395,312,99361,312,99508,312,99343,312,99519,100,99316,100,99602,100,99231,100,99797,100,99196,100,99811,100,99177,100,99858,100,99164,100,99956,200,99160,100,99967,100,99015,100,100590,100,98829,100
2019-06-28 10:01:21.537488579,99395,212,99361,312,99508,312,99343,312,99519,100,99316,100,99602,100,99231,100,99797,100,99196,100,99811,100,99177,100,99858,100,99164,100,99956,200,99160,100,99967,100,99015,100,100590,100,98829,100
2019-06-28 10:01:26.739727459,99395,212,99361,312,99508,312,99343,312,99519,100,99316,100,99602,100,99231,100,99797,100,99196,100,99811,100,99177,100,99858,100,99164,100,99894,100,99160,100,99956,200,99015,100,99967,100,98829,100
2019-06-28 10:01:27.390439949,99395,112,99361,312,99508,312,99343,312,99519,100,99316,100,99602,100,99231,100,99797,100,99177,100,99811,100,99164,100,99858,100,99160,100,99894,100,99015,100,99956,200,98829,100,99967,100,98413,100
2019-06-28 10:01:30.000000000,99508,312,99361,312,99519,312,99343,312,99602,100,99316,100,99797,100,99231,100,99811,100,99177,100,99858,100,99164,100,99894,100,99160,100,99956,200,99015,100,99967,100,98829,100,100590,100,98413,100
2019-06-28 10:01:30.252750339,99508,312,99361,312,99519,212,99343,312,99602,100,99316,100,99797,100,99231,100,99811,100,99177,100,99858,100,99164,100,99894,100,99160,100,99956,200,99015,100,99967,100,98829,100,100590,100,98413,100
2019-06-28 10:01:40.000000000,99508,206,99361,206,99602,206,99343,206,99797,206,99316,206,99811,206,99231,206,99858,100,99177,100,99894,100,99164,100,99956,200,99160,100,99967,100,99015,100,100590,100,98829,100,100701,100,98413,100
2019-06-28 10:01:45.387708505,99508,106,99361,206,99602,206,99343,206,99797,206,99316,206,99811,206,99231,206,99894,100,99177,100,99956,200,99164,100,99967,100,99160,100,100590,100,99015,100,100701,100,98829,100,,,98413,100
2019-06-28 10:01:50.000000000,99602,206,99361,206,99797,206,99343,206,99811,206,99316,206,99894,206,99231,206,99956,200,99177,100,99967,100,99164,100,100590,100,99160,100,100701,100,99015,100,,,98829,100,,,98413,100
2019-06-28 10:01:54.210966281,99602,106,99361,206,99797,206,99343,206,99811,206,99316,206,99894,206,99231,206,99956,200,99177,100,99967,100,99164,100,100590,100,99160,100,100701,100,99015,100,,,98829,100,,,98413,100
2019-06-28 10:02:00.000000000,99797,206,99361,206,99811,206,99343,206,99894,206,99316,206,99956,306,99231,206,99967,100,99177,100,100590,100,99164,100,100701,100,99160,100,,,99015,100,,,98829,100,,,98413,100
2019-06-28 10:02:10.000000000,99797,524,99361,524,99811,100,99343,100,99894,100,99316,100,99956,200,99231,100,99967,100,99177,100,100590,100,99164,100,100701,100,99160,100,,,99015,100,,,98829,100,,,98413,100
2019-06-28 10:02:15.624244272,99797,424,99508,100,99811,100,99361,524,99894,100,99343,100,99956,200,99316,100,99967,100,99231,100,100590,100,99177,100,100701,100,99164,100,,,99160,100,,,99015,100,,,98829,100
2019-06-28 10:02:20.000000000,99811,244,99508,244,99894,240,99361,240,99956,340,99343,240,99967,100,99316,100,100590,100,99231,100,100701,100,99177,100,,,99164,100,,,99160,100,,,99015,100,,,98829,100
2019-06-28 10:02:30.000000000,99811,524,99508,524,99894,100,99361,100,99956,200,99343,100,99967,100,99316,100,100590,100,99231,100,100701,100,99177,100,,,99164,100,,,99160,100,,,99015,100,,,98829,100
2019-06-28 10:02:40.000000000,99811,185,99508,185,99894,185,99361,185,99956,285,99343,185,99967,185,99316,185,100590,185,99231,185,100701,100,99177,100,,,99164,100,,,99160,100,,,99015,100,,,98829,100
2019-06-28 10:02:47.001349442,99811,85,99508,185,99894,185,99361,185,99956,285,99343,185,99967,185,99316,185,100590,185,99231,185,100701,100,99177,100,,,99164,100,,,99160,100,,,99015,100,,,98829,100
2019-06-28 10:02:48.768196594,99894,185,99811,15,99956,285,99508,185,99967,185,99361,185,100590,185,99343,185,100701,100,99316,185,,,99231,185,,,99177,100,,,99164,100,,,99160,100,,,99015,100
2019-06-28 10:02:50.000000000,99894,185,99811,100,99956,285,99508,185,99967,185,99361,185,100590,185,99343,185,100701,185,99316,185,,,99231,100,,,99177,100,,,99164,100,,,99160,100,,,99015,100
2019-06-28 10:03:00.000000000,99894,312,99811,227,99956,412,99508,312,99967,100,99361,100,100590,100,99343,100,100701,100,99316,100,,,99231,100,,,99177,100,,,99164,100,,,99160,100,,,99015,100
2019-06-28 10:03:10.000000000,99894,244,99811,159,99956,340,99508,240,99967,240,99361,240,100590,100,99343,100,100701,100,99316,100,,,99231,100,,,99177,100,,,99164,100,,,99160,100,,,99015,100
2019-06-28 10:03:20.000000000,99894,524,99811,439,99956,200,99508,100,99967,100,99361,100,100590,100,99343,100,100701,100,99316,100,,,99231,100,,,99177,100,,,99164,100,,,99160,100,,,99015,100
2019-06-28 10:03:23.668818732,99894,524,99811,439,99956,200,99508,100,99967,100,99361,100,100590,100,99343,100,100701,100,99316,100,100804,100,99231,100,,,99177,100,,,99164,100,,,99160,100,,,99015,100
2019-06-28 10:03:30.000000000,99894,244,99811,159,99956,340,99508,240,99967,240,99361,240,100590,100,99343,100,100701,100,99316,100,100804,100,99231,100,,,99177,100,,,99164,100,,,99160,100,,,99015,100
2019-06-28 10:03:40.000000000,99894,185,99811,100,99956,285,99508,185,99967,185,99361,185,100590,185,99343,185,100701,185,99316,185,100804,100,99231,100,,,99177,100,,,99164,100,,,99160,100,,,99015,100
2019-06-28 10:03:40.210146616,99894,185,99811,100,99956,285,99508,185,99967,185,99361,185,100590,185,99343,185,100610,100,99316,185,100701,185,99231,100,100804,100,99177,100,,,99164,100,,,99160,100,,,99015,100
2019-06-28 10:03:50.000000000,99894,524,99811,439,99956,200,99508,100,99967,100,99361,100,100590,100,99343,100,100610,100,99316,100,100701,100,99231,100,100804,100,99177,100,,,99164,100,,,99160,100,,,99015,100
2019-06-28 10:04:00.000000000,99894,244,99811,159,99956,340,99508,240,99967,240,99361,240,100590,100,99343,100,100610,100,99316,100,100701,100,99231,100,100804,100,99177,100,,,99164,100,,,99160,100,,,99015,100
2019-06-28 10:04:00.805873859,99894,144,99811,159,99956,340,99508,240,99967,240,99361,240,100590,100,99343,100,100610,100,99316,100,100701,100,99231,100,100804,100,99177,100,,,99164,100,,,99160,100,,,99015,100
2019-06-28 10:04:08.832722805,99894,144,99812,100,99956,340,99811,159,99967,240,99508,240,100590,100,99361,240,100610,100,99343,100,100701,100,99316,100,100804,100,99231,100,,,99177,100,,,99164,100,,,99160,100
2019-06-28 10:04:10.000000000,99956,344,99812,244,99967,240,99811,155,100590,240,99508,240,100610,100,99361,100,100701,100,99343,100,100804,100,99316,100,,,99231,100,,,99177,100,,,99164,100,,,99160,100
2019-06-28 10:04:11.551733352,99956,344,99812,244,99967,240,99811,155,100590,240,99508,240,100610,100,99361,100,100701,100,99343,100,100804,100,99316,100,101014,100,99231,100,,,99177,100,,,99160,100,,,99015,100
2019-06-28 10:04:20.000000000,99956,412,99812,312,99967,312,99811,227,100590,100,99508,100,100610,100,99361,100,100701,100,99343,100,100804,100,99316,100,101014,100,99231,100,,,99177,100,,,99160,100,,,99015,100
2019-06-28 10:04:21.557294118,99956,412,99812,312,99967,312,99811,227,100590,100,99508,100,100610,100,99361,100,100701,100,99343,100,100804,100,99316,100,100976,100,99231,100,101014,100,99177,100,,,99160,100,,,99015,100
2019-06-28 10:04:30.000000000,99956,306,99812,206,99967,206,99811,121,100590,206,99508,206,100610,206,99361,206,100701,100,99343,100,100804,100,99316,100,100976,100,99231,100,101014,100,99177,100,,,99160,100,,,99015,100
2019-06-28 10:04:38.492706356,99956,306,99812,306,99967,206,99811,121,100590,206,99508,206,100610,206,99361,206,100701,100,99343,100,100804,100,99316,100,100976,100,99231,100,101014,100,99177,100,,,99160,100,,,99015,100
2019-06-28 10:04:40.000000000,99956,306,99812,306,99967,206,99811,121,100590,206,99508,206,100610,206,99361,206,100701,100,99343,100,100804,100,99316,100,100976,100,99231,100,101014,100,99177,100,,,99160,100,,,99015,100
2019-06-28 10:04:50.000000000,99956,412,99812,412,99967,312,99811,227,100590,100,99508,100,100610,100,99361,100,100701,100,99343,100,100804,100,99316,100,100976,100,99231,100,101014,100,99177,100,,,99160,100,,,99015,100
2019-06-28 10:05:00.000000000,99956,412,99812,412,99967,312,99811,227,100590,100,99508,100,100610,100,99361,100,100701,100,99343,100,100804,100,99316,100,100976,100,99231,100,101014,100,99177,100,,,99160,100,,,99015,100
2019-06-28 10:05:10.000000000,99956,306,99812,306,99967,206,99811,121,100590,206,99508,206,100610,206,99361,206,100701,100,99343,100,100804,100,99316,100,100976,100,99231,100,101014,100,99177,100,,,99160,100,,,99015,100
2019-06-28 10:05:16.500464681,99956,306,99812,306,99967,206,99811,121,100347,100,99508,206,100590,206,99361,206,100610,206,99343,100,100701,100,99316,100,100804,100,99177,100,100976,100,99160,100,101014,100,99015,100,,,98829,100
2019-06-28 10:05:20.000000000,99956,285,99812,285,99967,185,99811,100,100347,185,99508,185,100590,185,99361,185,100610,185,99343,185,100701,100,99316,100,100804,100,99177,100,100976,100,99160,100,101014,100,99015,100,,,98829,100
2019-06-28 10:05:30.000000000,99956,285,99812,285,99967,185,99811,100,100347,185,99508,185,100590,185,99361,185,100610,185,99343,185,100701,100,99316,100,100804,100,99177,100,100976,100,99160,100,101014,100,99015,100,,,98829,100
2019-06-28 10:05:38.436777036,99956,285,99812,385,99967,185,99811,100,100347,185,99508,185,100590,185,99361,185,100610,185,99343,185,100701,100,99316,100,100804,100,99177,100,100976,100,99160,100,101014,100,99015,100,,,98829,100
2019-06-28 10:05:40.000000000,99956,624,99812,724,99967,100,99811,15,100347,100,99508,100,100590,100,99361,100,100610,100,99343,100,100701,100,99316,100,100804,100,99177,100,100976,100,99160,100,101014,100,99015,100,,,98829,100
2019-06-28 10:05:50.000000000,99956,412,99812,512,99967,312,99811,227,100347,100,99508,100,100590,100,99361,100,100610,100,99343,100,100701,100,99316,100,100804,100,99177,100,100976,100,99160,100,101014,100,99015,100,,,98829,100
2019-06-28 10:05:54.467374191,99956,412,99812,612,99967,312,99811,227,100347,100,99508,100,100590,100,99361,100,100610,100,99343,100,100701,100,99316,100,100804,100,99177,100,100976,100,99160,100,101014,100,99015,100,,,98829,100
2019-06-28 10:06:00.000000000,99956,285,99812,485,99967,185,99811,100,100347,185,99508,185,100590,185,99361,185,100610,185,99343,185,100701,100,99316,100,100804,100,99177,100,100976,100,99160,100,101014,100,99015,100,,,98829,100
2019-06-28 10:06:10.000000000,99956,344,99812,544,99967,240,99811,155,100347,240,99508,240,100590,100,99361,100,100610,100,99343,100,100701,100,99316,100,100804,100,99177,100,100976,100,99160,100,101014,100,99015,100,,,98829,100
2019-06-28 10:06:19.562660296,99956,344,99812,544,99967,240,99811,155,100347,240,99508,240,100590,100,99361,100,100610,100,99343,100,100701,100,99316,100,100804,100,99177,100,100941,100,99160,100,100976,100,99015,100,101014,100,98829,100
2019-06-28 10:06:20.000000000,99956,306,99812,506,99967,206,99811,121,100347,206,99508,206,100590,206,99361,206,100610,100,99343,100,100701,100,99316,100,100804,100,99177,100,100941,100,99160,100,100976,100,99015,100,101014,100,98829,100
2019-06-28 10:06:21.492731346,99956,206,99812,506,99967,206,99811,121,100347,206,99508,206,100590,206,99361,206,100610,100,99343,100,100701,100,99316,100,100804,100,99177,100,100941,100,99160,100,100976,100,99015,100,101014,100,98829,100
2019-06-28 10:06:30.000000000,99956,185,99812,485,99967,185,99811,100,100347,185,99508,185,100590,185,99361,185,100610,185,99343,185,100701,100,99316,100,100804,100,99177,100,100941,100,99160,100,100976,100,99015,100,101014,100,98829,100
2019-06-28 10:06:32.310586478,99956,185,99812,485,99967,185,99811,100,100347,185,99508,185,100580,100,99361,185,100590,185,99343,185,100610,185,99316,100,100701,100,99177,100,100804,100,99160,100,100941,100,99015,100,100976,100,98829,100
