,ask_price_1,ask_size_1,bid_price_1,bid_size_1,ask_price_2,ask_size_2,bid_price_2,bid_size_2,ask_price_3,ask_size_3,bid_price_3,bid_size_3,ask_price_4,ask_size_4,bid_price_4,bid_size_4,ask_price_5,ask_size_5,bid_price_5,bid_size_5,ask_price_6,ask_size_6,bid_price_6,bid_size_6,ask_price_7,ask_size_7,bid_price_7,bid_size_7,ask_price_8,ask_size_8,bid_price_8,bid_size_8,ask_price_9,ask_size_9,bid_price_9,bid_size_9,ask_price_10,ask_size_10,bid_price_10,bid_size_10
2019-06-28 09:30:00.000000001,100029,100,,,,,,,,,,,,,,,,,,,,,,,,,,,,,,,,,,,,,,
2019-06-28 09:30:00.000000004,100013,100,,,100029,100,,,,,,,,,,,,,,,,,,,,,,,,,,,,,,,,,,
2019-06-28 09:30:00.000000005,99964,100,,,100013,100,,,100029,100,,,,,,,,,,,,,,,,,,,,,,,,,,,,,,
2019-06-28 09:30:00.000000006,99964,100,99899,100,100013,100,,,100029,100,,,,,,,,,,,,,,,,,,,,,,,,,,,,,,
2019-06-28 09:30:00.000000008,100013,100,99899,100,100029,100,,,100144,100,,,,,,,,,,,,,,,,,,,,,,,,,,,,,,
2019-06-28 09:30:00.000000012,100013,100,99927,100,100029,100,99899,100,100144,100,,,,,,,,,,,,,,,,,,,,,,,,,,,,,,
2019-06-28 09:30:00.000000013,99967,100,99927,100,100013,100,99899,100,100029,100,99877,100,100144,100,,,,,,,,,,,,,,,,,,,,,,,,,,
2019-06-28 09:30:00.000000014,99967,100,99927,100,99989,100,99899,100,100013,100,99877,100,100029,100,,,100064,100,,,100144,100,,,,,,,,,,,,,,,,,,
2019-06-28 09:30:00.000000016,99967,100,99949,100,99989,100,99927,100,100013,100,99899,100,100029,100,99877,100,100064,100,,,100144,100,,,,,,,,,,,,,,,,,,
2019-06-28 09:30:00.000000017,99989,100,99949,100,100013,100,99927,100,100029,100,99899,100,100064,100,99877,100,100144,100,,,,,,,,,,,,,,,,,,,,,,
2019-06-28 09:30:00.000000020,99989,100,99980,100,100013,100,99949,100,100029,100,99927,100,100064,100,99899,100,100093,100,99877,100,100144,100,,,,,,,,,,,,,,,,,,
2019-06-28 09:30:00.000000023,99989,100,99980,100,100013,100,99949,100,100029,100,99927,100,100064,100,99922,100,100093,100,99899,100,100144,100,99877,100,,,,,,,,,,,,,,,,
2019-06-28 09:30:00.000000025,99989,100,99980,100,100013,100,99949,100,100029,100,99927,100,100064,100,99922,100,100093,100,99901,100,100144,100,99899,100,,,99877,100,,,,,,,,,,,,
2019-06-28 09:30:00.000000026,99989,100,99980,100,100013,100,99949,100,100029,100,99927,100,100030,100,99923,100,100064,100,99922,100,100093,100,99901,100,100144,100,99899,100,,,99877,100,,,,,,,,
2019-06-28 09:30:00.000000027,100013,100,99981,100,100029,100,99980,100,100030,100,99949,100,100064,100,99927,100,100093,100,99923,100,100144,100,99922,100,,,99901,100,,,99899,100,,,99877,100,,,,
2019-06-28 09:30:00.000000028,100013,100,99981,100,100029,100,99980,100,100030,100,99954,100,100064,100,99949,100,100093,100,99927,100,100144,100,99923,100,,,99922,100,,,99901,100,,,99899,100,,,99877,100
2019-06-28 09:30:00.000000029,100001,100,99981,100,100013,100,99980,100,100029,100,99954,100,100030,100,99949,100,100064,100,99927,100,100093,100,99923,100,100144,100,99922,100,,,99901,100,,,99899,100,,,99877,100
2019-06-28 09:30:00.000000031,100001,200,99981,100,100013,100,99980,100,100029,100,99954,100,100030,100,99949,100,100064,100,99927,100,100093,100,99923,100,100144,100,99922,100,,,99901,100,,,99899,100,,,99877,100
2019-06-28 09:30:00.000000032,100001,200,99981,100,100013,100,99980,100,100029,100,99954,100,100030,100,99949,100,100064,100,99927,100,100093,100,99923,100,100144,100,99922,100,,,99901,100,,,99899,100,,,99877,100
2019-06-28 09:30:00.000000033,100001,200,99981,100,100013,100,99980,100,100029,100,99954,100,100030,100,99949,100,100064,100,99927,100,100093,100,99923,100,100144,100,99922,100,,,99907,100,,,99901,100,,,99899,100
2019-06-28 09:30:00.000000035,100001,200,99980,100,100013,100,99954,100,100029,100,99949,100,100030,100,99927,100,100064,100,99923,100,100093,100,99922,100,100144,100,99907,100,,,99901,100,,,99899,100,,,99877,100
2019-06-28 09:30:00.000000037,100001,200,99980,100,100013,100,99954,100,100029,100,99949,100,100030,100,99927,100,100049,100,99923,100,100064,100,99922,100,100093,100,99907,100,100144,100,99901,100,,,99899,100,,,99877,100
2019-06-28 09:30:00.000000039,100001,200,99981,100,100013,100,99980,100,100029,100,99954,100,100030,100,99949,100,100049,100,99927,100,100054,100,99923,100,100064,100,99922,100,100093,100,99907,100,100144,100,99901,100,,,99899,100
2019-06-28 09:30:00.000000040,99989,100,99981,100,100001,200,99980,100,100013,100,99954,100,100029,100,99949,100,100030,100,99932,100,100049,100,99927,100,100054,100,99923,100,100064,100,99922,100,100080,100,99907,100,100093,100,99901,100
2019-06-28 09:30:00.000000041,99989,100,99980,100,100001,200,99954,100,100013,100,99949,100,100029,100,99932,100,100030,100,99927,100,100049,100,99923,100,100054,100,99922,100,100064,100,99907,100,100080,100,99901,100,100093,100,99899,100
2019-06-28 09:30:00.000000043,99989,100,99980,100,100001,200,99964,100,100013,100,99954,100,100029,100,99949,100,100030,100,99932,100,100049,100,99927,100,100054,100,99923,100,100064,100,99922,100,100080,100,99907,100,100093,100,99901,100
2019-06-28 09:30:00.000000044,99989,100,99980,100,100001,200,99964,100,100013,100,99954,100,100029,100,99949,100,100030,100,99932,100,100049,100,99927,100,100054,100,99923,100,100064,100,99922,100,100080,100,99907,100,100093,100,99901,100
2019-06-28 09:30:00.000000045,99989,100,99980,100,100001,200,99974,100,100013,100,99964,100,100029,100,99954,100,100030,100,99949,100,100037,100,99932,100,100049,100,99927,100,100054,100,99923,100,100064,100,99922,100,100080,100,99907,100
2019-06-28 09:30:00.000000050,99989,100,99980,100,100001,200,99974,100,100013,100,99964,100,100029,100,99954,100,100030,100,99949,100,100037,100,99945,100,100049,100,99932,100,100054,100,99927,100,100064,100,99923,100,100080,100,99922,100
2019-06-28 09:30:00.000000054,99981,100,99980,100,99989,100,99974,100,100001,200,99964,100,100013,100,99954,100,100029,100,99949,100,100030,100,99945,100,100037,100,99932,100,100049,100,99927,100,100054,100,99923,100,100064,100,99922,100
2019-06-28 09:30:00.000000055,99981,100,99980,100,99989,100,99974,100,100001,200,99964,100,100013,100,99954,100,100029,100,99949,100,100030,100,99945,100,100037,100,99932,100,100049,100,99927,100,100054,100,99923,100,100064,100,99922,100
2019-06-28 09:30:00.000000056,99981,100,99980,100,99989,100,99974,100,100001,200,99964,100,100013,100,99954,100,100029,100,99949,100,100030,100,99945,100,100037,100,99932,100,100049,100,99927,100,100054,100,99923,100,100064,100,99922,100
2019-06-28 09:30:00.000000059,99989,100,99980,100,100001,200,99974,100,100013,100,99964,100,100029,100,99954,100,100030,100,99949,100,100037,100,99945,100,100049,100,99934,100,100054,100,99932,100,100064,100,99927,100,100080,100,99923,100
2019-06-28 09:30:00.000000062,99989,100,99980,100,100001,200,99976,100,100013,100,99974,100,100029,100,99964,100,100030,100,99954,100,100037,100,99949,100,100049,100,99945,100,100054,100,99934,100,100064,100,99932,100,100080,100,99927,100
2019-06-28 09:30:00.000000064,99989,100,99980,100,100001,200,99976,100,100013,100,99974,100,100015,100,99964,100,100029,100,99954,100,100030,100,99949,100,100037,100,99945,100,100049,100,99934,100,100054,100,99932,100,100064,100,99927,100
2019-06-28 09:30:00.000000065,100001,200,99980,100,100013,100,99976,100,100015,100,99974,100,100029,100,99964,100,100030,100,99954,100,100037,100,99949,100,100049,100,99945,100,100054,100,99934,100,100064,100,99932,100,100080,100,99927,100
2019-06-28 09:30:00.000000073,99989,100,99980,100,100001,200,99976,100,100013,100,99974,100,100015,100,99964,100,100029,100,99954,100,100030,100,99949,100,100037,100,99945,100,100049,100,99934,100,100054,100,99932,100,100064,100,99927,100
2019-06-28 09:30:00.000000075,99989,100,99980,100,100001,200,99976,100,100013,100,99974,100,100015,100,99964,100,100029,100,99954,100,100030,100,99949,100,100037,100,99945,100,100049,100,99934,100,100054,100,99932,100,100064,100,99927,100
2019-06-28 09:30:00.000000076,100001,200,99980,100,100013,100,99976,100,100015,100,99974,100,100029,100,99964,100,100030,100,99954,100,100037,100,99949,100,100049,100,99945,100,100054,100,99934,100,100064,100,99932,100,100080,100,99927,100
2019-06-28 09:30:00.000000077,100001,200,99989,100,100013,100,99980,100,100015,100,99976,100,100029,100,99974,100,100030,100,99964,100,100037,100,99954,100,100049,100,99949,100,100054,100,99945,100,100064,100,99934,100,100080,100,99932,100
2019-06-28 09:30:00.000000078,100001,200,99997,100,100013,100,99989,100,100015,100,99980,100,100029,100,99976,100,100030,100,99974,100,100037,100,99964,100,100049,100,99954,100,100054,100,99949,100,100064,100,99945,100,100080,100,99934,100
2019-06-28 09:30:00.000000079,100001,200,99989,100,100013,100,99980,100,100015,100,99976,100,100029,100,99974,100,100030,100,99964,100,100037,100,99954,100,100049,100,99949,100,100054,100,99945,100,100060,100,99934,100,100064,100,99932,100
2019-06-28 09:30:00.000000083,100001,200,99990,100,100013,100,99989,100,100015,100,99980,100,100029,100,99976,100,100030,100,99975,100,100037,100,99974,100,100049,100,99964,100,100054,100,99954,100,100060,100,99949,100,100064,100,99945,100
2019-06-28 09:30:00.000000084,100001,200,99990,200,100013,100,99989,100,100015,100,99982,100,100029,100,99980,100,100030,100,99976,100,100037,100,99975,100,100049,100,99974,100,100054,100,99964,100,100060,100,99954,100,100064,100,99949,100
2019-06-28 09:30:00.000000087,100001,200,99990,200,100013,100,99989,100,100015,100,99982,100,100029,100,99980,100,100030,100,99976,100,100037,100,99975,100,100049,100,99974,100,100054,100,99964,100,100060,100,99954,100,100064,100,99949,100
2019-06-28 09:30:00.000000093,100001,200,99990,200,100013,100,99989,100,100015,100,99982,100,100029,100,99980,100,100030,100,99976,100,100037,100,99975,100,100049,100,99974,100,100054,100,99964,100,100060,100,99954,100,100064,100,99949,100
2019-06-28 09:30:00.000000094,100001,100,99990,200,100013,100,99989,100,100015,100,99982,100,100029,100,99980,100,100030,100,99976,100,100037,100,99975,100,100049,100,99974,100,100054,100,99964,100,100060,100,99954,100,100064,100,99949,100
2019-06-28 09:30:00.000000096,100001,100,99990,200,100013,100,99989,100,100015,100,99982,100,100029,100,99980,100,100030,100,99976,100,100037,100,99975,100,100049,100,99974,100,100054,100,99964,100,100060,100,99954,100,100064,100,99949,100
2019-06-28 09:30:02.123484767,100013,100,99990,200,100015,100,99989,100,100029,100,99982,100,100030,100,99980,100,100037,100,99976,100,100049,100,99975,100,100054,100,99974,100,100060,100,99964,100,100064,100,99954,100,100065,100,99949,100
2019-06-28 09:30:10.000000000,100013,150,99990,250,100015,150,99989,150,100029,150,99982,150,100030,150,99980,150,100037,150,99976,150,100049,100,99975,100,100054,100,99974,100,100060,100,99964,100,100064,100,99954,100,100065,100,99949,100
2019-06-28 09:30:14.379691686,100013,50,99990,250,100015,150,99989,150,100029,150,99982,150,100030,150,99980,150,100037,150,99976,150,100049,100,99975,100,100054,100,99974,100,100060,100,99964,100,100064,100,99954,100,100065,100,99949,100
2019-06-28 09:30:20.000000000,100015,163,99990,263,100029,163,99989,163,100030,163,99982,163,100037,163,99980,163,100049,100,99976,100,100054,100,99975,100,100060,100,99974,100,100064,100,99964,100,100065,100,99954,100,100080,100,99949,100
2019-06-28 09:30:30.000000000,100015,186,99990,286,100029,183,99989,183,100030,183,99982,183,100037,100,99980,100,100049,100,99976,100,100054,100,99975,100,100060,100,99974,100,100064,100,99964,100,100065,100,99954,100,100080,100,99949,100
2019-06-28 09:30:30.348416982,100015,186,99990,286,100029,183,99989,183,100030,183,99982,183,100037,100,99980,100,100049,100,99976,100,100054,100,99975,100,100060,100,99974,100,100064,100,99964,100,100065,100,99954,100,100080,100,99949,100
2019-06-28 09:30:33.682895599,100015,186,99990,286,100029,183,99989,83,100030,183,99982,183,100037,100,99980,100,100049,100,99976,100,100054,100,99975,100,100060,100,99974,100,100064,100,99964,100,100065,100,99954,100,100080,100,99949,100
2019-06-28 09:30:35.211499999,100015,186,99990,286,100029,183,99989,83,100030,183,99982,183,100037,100,99980,100,100049,100,99976,100,100054,100,99975,100,100060,100,99974,100,100064,100,99964,100,100065,100,99961,100,100080,100,99954,100
2019-06-28 09:30:40.000000000,100015,226,99990,326,100029,226,99982,226,100030,100,99980,100,100037,100,99976,100,100049,100,99975,100,100054,100,99974,100,100060,100,99964,100,100064,100,99961,100,100065,100,99954,100,100080,100,99949,100
2019-06-28 09:30:43.056805405,100015,226,99990,326,100029,226,99982,226,100030,100,99980,100,100037,100,99976,100,100049,100,99975,100,100054,100,99974,100,100060,100,99964,100,100064,100,99961,100,100065,100,99954,100,100080,100,99949,100
2019-06-28 09:30:43.905519777,100015,226,99990,326,100029,226,99982,226,100030,100,99980,100,100037,100,99976,100,100049,100,99975,100,100054,100,99974,100,100060,100,99964,100,100064,100,99961,100,100065,100,99954,100,100080,100,99949,100
2019-06-28 09:30:45.474217024,100015,126,99990,326,100029,226,99982,226,100030,100,99980,100,100037,100,99976,100,100049,100,99975,100,100054,100,99974,100,100060,100,99964,100,100064,100,99961,100,100065,100,99954,100,100080,100,99949,100
2019-06-28 09:30:50.000000000,100029,226,99990,326,100030,226,99982,226,100037,100,99980,100,100049,100,99976,100,100054,100,99975,100,100060,100,99974,100,100064,100,99964,100,100065,100,99961,100,100080,100,99954,100,100105,100,99949,100
2019-06-28 09:30:50.456200299,100029,226,100013,100,100030,226,99990,326,100037,100,99982,226,100049,100,99980,100,100054,100,99976,100,100060,100,99975,100,100064,100,99974,100,100065,100,99964,100,100080,100,99961,100,100105,100,99954,100
2019-06-28 09:31:00.000000000,100029,163,100013,163,100030,163,99990,263,100037,163,99982,163,100049,163,99980,163,100054,100,99976,100,100060,100,99975,100,100064,100,99974,100,100065,100,99964,100,100080,100,99961,100,100105,100,99954,100
2019-06-28 09:31:10.000000000,100029,163,100013,163,100030,163,99990,263,100037,163,99982,163,100049,163,99980,163,100054,100,99976,100,100060,100,99975,100,100064,100,99974,100,100065,100,99964,100,100080,100,99961,100,100105,100,99954,100
2019-06-28 09:31:12.266910257,100029,163,100013,63,100030,163,99990,263,100037,163,99982,163,100049,163,99980,163,100054,100,99976,100,100060,100,99975,100,100064,100,99974,100,100065,100,99964,100,100080,100,99961,100,100105,100,99954,100
2019-06-28 09:31:14.038651242,100014,100,100013,63,100029,163,99990,263,100030,163,99982,163,100037,163,99980,163,100049,163,99976,100,100054,100,99975,100,100060,100,99974,100,100064,100,99964,100,100065,100,99961,100,100080,100,99954,100
2019-06-28 09:31:20.000000000,100014,226,99990,326,100029,226,99982,226,100030,100,99980,100,100037,100,99976,100,100049,100,99975,100,100054,100,99974,100,100060,100,99964,100,100064,100,99961,100,100065,100,99954,100,100080,100,99949,100
2019-06-28 09:31:30.000000000,100014,163,99990,263,100029,163,99982,163,100030,163,99980,163,100037,163,99976,163,100049,100,99975,100,100054,100,99974,100,100060,100,99964,100,100064,100,99961,100,100065,100,99954,100,100080,100,99949,100
2019-06-28 09:31:40.000000000,100014,226,99990,326,100029,226,99982,226,100030,100,99980,100,100037,100,99976,100,100049,100,99975,100,100054,100,99974,100,100060,100,99964,100,100064,100,99961,100,100065,100,99954,100,100080,100,99949,100
2019-06-28 09:31:47.790733097,100014,126,99990,226,100029,226,99982,226,100030,100,99980,100,100037,100,99976,100,100049,100,99975,100,100054,100,99974,100,100060,100,99964,100,100064,100,99961,100,100065,100,99954,100,100080,100,99949,100
2019-06-28 09:31:49.688459659,100014,26,99990,226,100029,226,99982,226,100030,100,99980,100,100037,100,99976,100,100049,100,99975,100,100054,100,99974,100,100060,100,99964,100,100064,100,99961,100,100080,100,99954,100,100105,100,99949,100
2019-06-28 09:31:50.000000000,100029,226,99990,226,100030,226,99982,226,100037,100,99980,100,100049,100,99976,100,100054,100,99975,100,100060,100,99974,100,100064,100,99964,100,100080,100,99961,100,100105,100,99954,100,100113,100,99949,100
2019-06-28 09:32:00.000000000,100029,163,99990,163,100030,163,99982,163,100037,163,99980,163,100049,163,99976,163,100054,100,99975,100,100060,100,99974,100,100064,100,99964,100,100080,100,99961,100,100105,100,99954,100,100113,100,99949,100
2019-06-28 09:32:06.065420945,100029,63,99990,163,100030,163,99982,163,100037,163,99980,163,100049,163,99976,163,100054,100,99975,100,100060,100,99974,100,100064,100,99964,100,100080,100,99961,100,100105,100,99954,100,100113,100,99949,100
2019-06-28 09:32:10.000000000,100030,163,99990,163,100037,163,99982,163,100049,163,99980,163,100054,163,99976,163,100060,100,99975,100,100064,100,99974,100,100080,100,99964,100,100105,100,99961,100,100113,100,99954,100,100117,200,99949,100
2019-06-28 09:32:20.000000000,100030,150,99990,150,100037,150,99982,150,100049,150,99980,150,100054,150,99976,150,100060,150,99975,150,100064,100,99974,100,100080,100,99964,100,100105,100,99961,100,100113,100,99954,100,100117,200,99949,100
2019-06-28 09:32:30.000000000,100030,186,99990,186,100037,183,99982,183,100049,183,99980,183,100054,100,99976,100,100060,100,99975,100,100064,100,99974,100,100080,100,99964,100,100105,100,99961,100,100113,100,99954,100,100117,200,99949,100
2019-06-28 09:32:40.000000000,100030,352,99990,352,100037,100,99982,100,100049,100,99980,100,100054,100,99976,100,100060,100,99975,100,100064,100,99974,100,100080,100,99964,100,100105,100,99961,100,100113,100,99954,100,100117,200,99949,100
2019-06-28 09:32:49.992055806,100030,252,99990,352,100037,100,99982,100,100049,100,99980,100,100054,100,99976,100,100060,100,99975,100,100064,100,99974,100,100080,100,99964,100,100105,100,99961,100,100113,100,99954,100,100117,200,99949,100
2019-06-28 09:32:50.000000000,100037,163,99990,163,100049,163,99982,163,100054,163,99980,163,100060,163,99976,163,100064,100,99975,100,100080,100,99974,100,100105,100,99964,100,100113,100,99961,100,100117,200,99954,100,100144,100,99949,100
2019-06-28 09:32:59.572260937,100037,63,99990,163,100049,163,99982,163,100054,163,99980,163,100060,163,99976,163,100064,100,99975,100,100080,100,99964,100,100105,100,99961,100,100113,100,99954,100,100117,200,99949,100,100144,100,99945,100
2019-06-28 09:33:00.000000000,100049,186,99990,186,100054,183,99982,183,100060,183,99980,183,100064,100,99976,100,100080,100,99975,100,100105,100,99964,100,100113,100,99961,100,100117,200,99954,100,100144,100,99949,100,100149,100,99945,100
2019-06-28 09:33:00.838378108,100049,86,99990,186,100054,183,99982,183,100060,183,99980,183,100064,100,99976,100,100080,100,99975,100,100105,100,99961,100,100113,100,99954,100,100117,200,99949,100,100144,100,99945,100,100149,100,99934,100
2019-06-28 09:33:04.667681791,100054,183,100049,14,100060,183,99990,186,100064,100,99982,183,100080,100,99980,183,100105,100,99976,100,100113,100,99975,100,100117,200,99961,100,100144,100,99954,100,100149,100,99949,100,100166,100,99945,100
2019-06-28 09:33:05.016018861,100054,183,100049,14,100060,183,99990,186,100064,100,99982,183,100080,100,99980,183,100105,100,99976,100,100113,100,99975,100,100117,200,99961,100,100144,100,99954,100,100149,100,99949,100,100166,100,99945,100
2019-06-28 09:33:10.000000000,100054,186,100049,100,100060,183,99990,183,100064,183,99982,183,100080,100,99980,100,100105,100,99976,100,100113,100,99975,100,100117,200,99961,100,100144,100,99954,100,100149,100,99949,100,100166,100,99945,100
2019-06-28 09:33:20.000000000,100054,150,100049,64,100060,150,99990,150,100064,150,99982,150,100080,150,99980,150,100105,150,99976,150,100113,100,99975,100,100117,200,99961,100,100144,100,99954,100,100149,100,99949,100,100166,100,99945,100
2019-06-28 09:33:23.223205700,100054,150,100049,64,100060,150,99990,150,100064,150,99982,150,100080,150,99980,150,100105,150,99976,150,100113,100,99975,100,100117,200,99961,100,100144,100,99954,100,100149,100,99949,100,100166,100,99945,100
2019-06-28 09:33:30.000000000,100054,226,100049,140,100060,226,99990,226,100064,100,99982,100,100080,100,99980,100,100105,100,99976,100,100113,100,99975,100,100117,200,99961,100,100144,100,99954,100,100149,100,99949,100,100166,100,99945,100
2019-06-28 09:33:31.999152552,100054,126,100049,140,100060,226,99990,226,100064,100,99982,100,100080,100,99980,100,100105,100,99976,100,100113,100,99975,100,100117,200,99961,100,100144,100,99954,100,100149,100,99949,100,100166,100,99945,100
2019-06-28 09:33:37.718224402,100054,126,100049,140,100060,226,99990,226,100080,100,99982,100,100105,100,99980,100,100113,100,99976,100,100117,200,99975,100,100144,100,99961,100,100149,100,99954,100,100166,100,99949,100,100238,100,99945,100
2019-06-28 09:33:37.735135194,100054,26,100049,140,100060,226,99990,226,100080,100,99982,100,100105,100,99980,100,100113,100,99976,100,100117,200,99975,100,100144,100,99961,100,100149,100,99954,100,100166,100,99949,100,100238,100,99945,100
2019-06-28 09:33:40.000000000,100060,352,100049,266,100080,100,99990,100,100105,100,99982,100,100113,100,99980,100,100117,200,99976,100,100144,100,99975,100,100149,100,99961,100,100166,100,99954,100,100238,100,99949,100,100327,100,99945,100
2019-06-28 09:33:40.719579585,100060,252,100049,266,100080,100,99990,100,100105,100,99982,100,100113,100,99980,100,100117,200,99976,100,100144,100,99975,100,100149,100,99961,100,100166,100,99954,100,100238,100,99949,100,100327,100,99945,100
2019-06-28 09:33:48.849618826,100060,252,100054,100,100080,100,100049,266,100105,100,99990,100,100113,100,99982,100,100117,200,99980,100,100144,100,99976,100,100149,100,99975,100,100166,100,99961,100,100238,100,99954,100,100327,100,99949,100
2019-06-28 09:33:50.000000000,100080,150,100054,150,100105,150,100049,64,100113,150,99990,150,100117,250,99982,150,100144,150,99980,150,100149,100,99976,100,100166,100,99975,100,100238,100,99961,100,100327,100,99954,100,100608,100,99949,100
2019-06-28 09:33:58.579915358,100080,150,100054,150,100105,150,100049,64,100113,150,99990,150,100117,250,99982,150,100144,150,99980,150,100149,100,99976,100,100166,100,99975,100,100238,100,99961,100,100327,100,99954,100,100608,100,99949,100
2019-06-28 09:33:59.660567154,100080,50,100054,150,100105,150,100049,64,100113,150,99990,150,100117,250,99982,150,100144,150,99980,150,100149,100,99976,100,100166,100,99975,100,100238,100,99961,100,100327,100,99954,100,100608,100,99949,100
2019-06-28 09:34:00.000000000,100105,352,100054,352,100113,100,100049,14,100117,200,99990,100,100144,100,99982,100,100149,100,99980,100,100166,100,99976,100,100238,100,99975,100,100327,100,99961,100,100608,100,99954,100,100839,100,99949,100
2019-06-28 09:34:04.533466329,100105,352,100054,352,100113,100,100049,14,100117,200,99990,100,100144,100,99982,100,100149,100,99980,100,100166,100,99976,100,100238,100,99975,100,100327,100,99961,100,100608,100,99954,100,100839,100,99949,100
2019-06-28 09:34:10.000000000,100105,163,100054,163,100113,163,100049,77,100117,263,99990,163,100144,163,99982,163,100149,100,99980,100,100166,100,99976,100,100238,100,99975,100,100327,100,99961,100,100608,100,99954,100,100839,100,99949,100
2019-06-28 09:34:18.817085624,100113,163,100105,37,100117,263,100054,163,100144,163,100049,77,100149,100,99990,163,100166,100,99982,163,100238,100,99980,100,100327,100,99976,100,100608,100,99975,100,100839,100,99961,100,100854,100,99954,100
2019-06-28 09:34:20.000000000,100113,150,100105,87,100117,250,100054,150,100144,150,100049,64,100149,150,99990,150,100166,150,99982,150,100238,100,99980,100,100327,100,99976,100,100608,100,99975,100,100839,100,99961,100,100854,100,99954,100
2019-06-28 09:34:30.000000000,100113,186,100105,123,100117,283,100054,183,100144,183,100049,97,100149,100,99990,100,100166,100,99982,100,100238,100,99980,100,100327,100,99976,100,100608,100,99975,100,100839,100,99961,100,100854,100,99954,100
2019-06-28 09:34:40.000000000,100113,163,100105,100,100117,263,100054,163,100144,163,100049,77,100149,163,99990,163,100166,100,99982,100,100238,100,99980,100,100327,100,99976,100,100608,100,99975,100,100839,100,99961,100,100854,100,99954,100
2019-06-28 09:34:50.000000000,100113,163,100105,100,100117,263,100054,163,100144,163,100049,77,100149,163,99990,163,100166,100,99982,100,100238,100,99980,100,100327,100,99976,100,100608,100,99975,100,100839,100,99961,100,100854,100,99954,100
2019-06-28 09:35:00.000000000,100113,163,100105,100,100117,263,100054,163,100144,163,100049,77,100149,163,99990,163,100166,100,99982,100,100238,100,99980,100,100327,100,99976,100,100608,100,99975,100,100839,100,99961,100,100854,100,99954,100
2019-06-28 09:35:05.044230087,100113,63,100105,100,100117,263,100054,163,100144,163,100049,77,100149,163,99990,163,100166,100,99982,100,100238,100,99980,100,100327,100,99976,100,100608,100,99975,100,100839,100,99954,100,100854,100,99949,100
2019-06-28 09:35:10.000000000,100117,286,100105,123,100144,183,100054,183,100149,183,100049,97,100166,100,99990,100,100238,100,99982,100,100327,100,99980,100,100608,100,99976,100,100839,100,99975,100,100854,100,99954,100,100903,100,99949,100
2019-06-28 09:35:20.000000000,100117,263,100105,100,100144,163,100054,163,100149,163,100049,77,100166,163,99990,163,100238,100,99982,100,100327,100,99980,100,100608,100,99976,100,100839,100,99975,100,100854,100,99954,100,100903,100,99949,100
2019-06-28 09:35:20.397610929,100117,263,100105,100,100144,163,100054,163,100149,163,100049,77,100166,163,99990,163,100238,100,99982,100,100327,100,99980,100,100608,100,99976,100,100839,100,99975,100,100854,100,99954,100,100903,100,99949,100
2019-06-28 09:35:30.000000000,100117,250,100105,87,100144,150,100054,150,100149,150,100049,64,100166,150,99990,150,100238,150,99982,150,100327,100,99980,100,100608,100,99976,100,100839,100,99975,100,100854,100,99954,100,100903,100,99949,100
2019-06-28 09:35:40.000000000,100117,326,100105,163,100144,226,100054,226,100149,100,100049,14,100166,100,99990,100,100238,100,99982,100,100327,100,99980,100,100608,100,99976,100,100839,100,99975,100,100854,100,99954,100,100903,100,99949,100
2019-06-28 09:35:50.000000000,100117,250,100105,87,100144,150,100054,150,100149,150,100049,64,100166,150,99990,150,100238,150,99982,150,100327,100,99980,100,100608,100,99976,100,100839,100,99975,100,100854,100,99954,100,100903,100,99949,100
2019-06-28 09:36:00.000000000,100117,326,100105,163,100144,226,100054,226,100149,100,100049,14,100166,100,99990,100,100238,100,99982,100,100327,100,99980,100,100608,100,99976,100,100839,100,99975,100,100854,100,99954,100,100903,100,99949,100
2019-06-28 09:36:07.923929317,100117,226,100105,163,100144,226,100054,226,100149,100,99990,100,100166,100,99982,100,100238,100,99980,100,100327,100,99976,100,100608,100,99975,100,100839,100,99954,100,100854,100,99949,100,100903,100,99945,100
2019-06-28 09:36:10.000000000,100117,163,100105,100,100144,163,100054,163,100149,163,99990,163,100166,163,99982,163,100238,100,99980,100,100327,100,99976,100,100608,100,99975,100,100839,100,99954,100,100854,100,99949,100,100903,100,99945,100
2019-06-28 09:36:14.425802978,100117,63,100105,100,100144,163,100054,163,100149,163,99990,163,100166,163,99982,163,100327,100,99980,100,100608,100,99976,100,100839,100,99975,100,100854,100,99954,100,100903,100,99949,100,101087,100,99945,100
2019-06-28 09:36:18.237737564,100117,63,100105,100,100144,163,100054,163,100149,163,99990,163,100166,163,99982,163,100327,100,99976,100,100608,100,99975,100,100839,100,99954,100,100854,100,99949,100,100903,100,99945,100,101087,100,99934,100
2019-06-28 09:36:20.000000000,100144,226,100105,163,100149,226,100054,226,100166,100,99990,100,100327,100,99982,100,100608,100,99976,100,100839,100,99975,100,100854,100,99954,100,100903,100,99949,100,101087,100,99945,100,102240,100,99934,100
2019-06-28 09:36:28.975106640,100144,26,100105,163,100149,226,100054,226,100166,100,99990,100,100327,100,99982,100,100608,100,99976,100,100839,100,99975,100,100854,100,99954,100,100903,100,99949,100,101087,100,99945,100,102240,100,99934,100
2019-06-28 09:36:30.000000000,100149,186,100105,123,100166,183,100054,183,100327,183,99990,183,100608,100,99982,100,100839,100,99976,100,100854,100,99975,100,100903,100,99954,100,101087,100,99949,100,102240,100,99945,100,,,99934,100
2019-06-28 09:36:40.000000000,100149,186,100105,123,100166,183,100054,183,100327,183,99990,183,100608,100,99982,100,100839,100,99976,100,100854,100,99975,100,100903,100,99954,100,101087,100,99949,100,102240,100,99945,100,,,99934,100
2019-06-28 09:36:41.081402598,100149,186,100117,100,100166,183,100105,123,100327,183,100054,183,100608,100,99990,183,100839,100,99982,100,100854,100,99976,100,100903,100,99975,100,101087,100,99954,100,102240,100,99949,100,,,99945,100
2019-06-28 09:36:41.305291164,100149,86,100117,100,100166,183,100105,123,100327,183,100054,183,100608,100,99990,183,100839,100,99982,100,100854,100,99976,100,100903,100,99975,100,101087,100,99954,100,102240,100,99949,100,,,99945,100
2019-06-28 09:36:43.412136518,100149,86,100117,100,100166,183,100105,123,100327,183,100054,183,100839,100,99990,183,100854,100,99982,100,100903,100,99976,100,101087,100,99975,100,102017,100,99954,100,102240,100,99949,100,,,99945,100
2019-06-28 09:36:50.000000000,100166,163,100117,163,100327,163,100105,100,100839,163,100054,163,100854,163,99990,163,100903,100,99982,100,101087,100,99976,100,102017,100,99975,100,102240,100,99954,100,,,99949,100,,,99945,100
2019-06-28 09:36:50.168990693,100327,163,100166,37,100839,163,100117,163,100854,163,100105,100,100903,100,100054,163,101087,100,99990,163,102017,100,99982,100,102240,100,99976,100,,,99975,100,,,99954,100,,,99949,100
2019-06-28 09:36:57.870784288,100327,63,100166,37,100839,163,100117,163,100854,163,100105,100,100903,100,100054,163,101087,100,99990,163,102017,100,99982,100,102240,100,99976,100,,,99975,100,,,99954,100,,,99949,100
2019-06-28 09:37:00.000000000,100839,150,100166,87,100854,150,100117,150,100903,150,100105,87,101087,150,100054,150,102017,150,99990,150,102240,100,99982,100,,,99976,100,,,99975,100,,,99954,100,,,99949,100
2019-06-28 09:37:10.000000000,100839,226,100166,163,100854,226,100117,226,100903,100,100105,37,101087,100,100054,100,102017,100,99990,100,102240,100,99982,100,,,99976,100,,,99975,100,,,99954,100,,,99949,100
2019-06-28 09:37:11.182901813,100839,226,100166,163,100854,226,100117,226,100903,100,100105,37,101087,100,100054,100,102017,100,99990,100,102049,100,99982,100,102240,100,99976,100,,,99975,100,,,99954,100,,,99949,100
2019-06-28 09:37:11.774444113,100839,226,100166,263,100854,226,100117,226,100903,100,100105,37,101087,100,100054,100,102017,100,99990,100,102049,100,99982,100,102240,100,99976,100,,,99975,100,,,99954,100,,,99949,100
2019-06-28 09:37:20.000000000,100839,186,100166,223,100854,183,100117,183,100903,183,100105,120,101087,100,100054,100,102017,100,99990,100,102049,100,99982,100,102240,100,99976,100,,,99975,100,,,99954,100,,,99949,100
2019-06-28 09:37:21.521177835,100839,186,100166,223,100854,183,100117,183,100903,183,100105,120,101087,100,100054,100,101930,100,99990,100,102017,100,99982,100,102049,100,99976,100,102240,100,99975,100,,,99954,100,,,99949,100
2019-06-28 09:37:30.000000000,100839,163,100166,200,100854,163,100117,163,100903,163,100105,100,101087,163,100054,163,101930,100,99990,100,102017,100,99982,100,102049,100,99976,100,102240,100,99975,100,,,99954,100,,,99949,100
2019-06-28 09:37:40.000000000,100839,186,100166,223,100854,183,100117,183,100903,183,100105,120,101087,100,100054,100,101930,100,99990,100,102017,100,99982,100,102049,100,99976,100,102240,100,99975,100,,,99954,100,,,99949,100
2019-06-28 09:37:50.000000000,100839,163,100166,200,100854,163,100117,163,100903,163,100105,100,101087,163,100054,163,101930,100,99990,100,102017,100,99982,100,102049,100,99976,100,102240,100,99975,100,,,99954,100,,,99949,100
2019-06-28 09:37:51.829581511,100839,163,100166,300,100854,163,100117,163,100903,163,100105,100,101087,163,100054,163,101930,100,99990,100,102017,100,99982,100,102049,100,99976,100,102240,100,99975,100,,,99954,100,,,99949,100
2019-06-28 09:37:57.585262467,100839,163,100166,300,100854,163,100117,163,100903,163,100105,100,101087,163,100054,163,101930,100,99990,100,102017,100,99982,100,102049,100,99976,100,102228,100,99975,100,,,99954,100,,,99949,100
2019-06-28 09:38:00.000000000,100839,352,100166,489,100854,100,100117,100,100903,100,100105,37,101087,100,100054,100,101930,100,99990,100,102017,100,99982,100,102049,100,99976,100,102228,100,99975,100,,,99954,100,,,99949,100
2019-06-28 09:38:10.000000000,100839,150,100166,287,100854,150,100117,150,100903,150,100105,87,101087,150,100054,150,101930,150,99990,150,102017,100,99982,100,102049,100,99976,100,102228,100,99975,100,,,99954,100,,,99949,100
2019-06-28 09:38:20.000000000,100839,226,100166,363,100854,226,100117,226,100903,100,100105,37,101087,100,100054,100,101930,100,99990,100,102017,100,99982,100,102049,100,99976,100,102228,100,99975,100,,,99954,100,,,99949,100
2019-06-28 09:38:30.000000000,100839,186,100166,323,100854,183,100117,183,100903,183,100105,120,101087,100,100054,100,101930,100,99990,100,102017,100,99982,100,102049,100,99976,100,102228,100,99975,100,,,99954,100,,,99949,100
2019-06-28 09:38:31.013464712,100839,86,100166,323,100854,183,100117,183,100903,183,100105,120,101087,100,100054,100,101930,100,99990,100,102017,100,99982,100,102049,100,99975,100,102228,100,99954,100,,,99949,100,,,99945,100
2019-06-28 09:38:40.000000000,100854,150,100166,287,100903,150,100117,150,101087,150,100105,87,101930,150,100054,150,102017,150,99990,150,102049,100,99982,100,102228,100,99975,100,,,99954,100,,,99949,100,,,99945,100
2019-06-28 09:38:50.000000000,100854,352,100166,489,100903,100,100117,100,101087,100,100105,37,101930,100,100054,100,102017,100,99990,100,102049,100,99982,100,102228,100,99975,100,,,99954,100,,,99949,100,,,99945,100
2019-06-28 09:39:00.000000000,100854,226,100166,363,100903,226,100117,226,101087,100,100105,37,101930,100,100054,100,102017,100,99990,100,102049,100,99982,100,102228,100,99975,100,,,99954,100,,,99949,100,,,99945,100
2019-06-28 09:39:10.000000000,100854,186,100166,323,100903,183,100117,183,101087,183,100105,120,101930,100,100054,100,102017,100,99990,100,102049,100,99982,100,102228,100,99975,100,,,99954,100,,,99949,100,,,99945,100
2019-06-28 09:39:16.921086389,100854,186,100166,323,100903,183,100117,183,101087,183,100105,120,101930,100,100054,100,102017,100,99990,100,102049,100,99982,100,102228,100,99975,100,,,99954,100,,,99949,100,,,99945,100
2019-06-28 09:39:20.000000000,100854,352,100166,489,100903,100,100117,100,101087,100,100105,37,101930,100,100054,100,102017,100,99990,100,102049,100,99982,100,102228,100,99975,100,,,99954,100,,,99949,100,,,99945,100
2019-06-28 09:39:26.259565843,100854,352,100166,489,100903,100,100117,100,101087,100,100105,37,101534,100,100054,100,101930,100,99990,100,102017,100,99982,100,102049,100,99975,100,,,99954,100,,,99949,100,,,99945,100
2019-06-28 09:39:30.000000000,100854,352,100166,489,100903,100,100117,100,101087,100,100105,37,101534,100,100054,100,101930,100,99990,100,102017,100,99982,100,102049,100,99975,100,,,99954,100,,,99949,100,,,99945,100
2019-06-28 09:39:40.000000000,100854,163,100166,300,100903,163,100117,163,101087,163,100105,100,101534,163,100054,163,101930,100,99990,100,102017,100,99982,100,102049,100,99975,100,,,99954,100,,,99949,100,,,99945,100
2019-06-28 09:39:41.511550831,100854,163,100327,100,100903,163,100166,200,101087,163,100117,163,101534,163,100105,100,101930,100,100054,163,102017,100,99990,100,102049,100,99982,100,,,99975,100,,,99954,100,,,99949,100
2019-06-28 09:39:50.000000000,100854,163,100327,163,100903,163,100166,200,101087,163,100117,163,101534,163,100105,100,101930,100,100054,100,102017,100,99990,100,102049,100,99982,100,,,99975,100,,,99954,100,,,99949,100
2019-06-28 09:39:55.688905718,100854,163,100327,263,100903,163,100166,200,101087,163,100117,163,101534,163,100105,100,101930,100,100054,100,102017,100,99982,100,102049,100,99975,100,,,99954,100,,,99949,100,,,99945,100
2019-06-28 09:39:56.353918205,100854,63,100327,263,100903,163,100166,200,101087,163,100117,163,101534,163,100105,100,101930,100,100054,100,102017,100,99982,100,102049,100,99975,100,,,99954,100,,,99949,100,,,99945,100
2019-06-28 09:40:00.000000000,100903,163,100327,263,101087,163,100166,200,101534,163,100117,163,101930,163,100105,100,102017,100,100054,100,102049,100,99982,100,,,99975,100,,,99954,100,,,99949,100,,,99945,100
2019-06-28 09:40:01.512141244,100903,163,100327,263,101087,163,100166,200,101526,100,100117,163,101534,163,100105,100,101930,163,100054,100,102017,100,99982,100,102049,100,99975,100,,,99954,100,,,99949,100,,,99945,100
2019-06-28 09:40:10.000000000,100903,163,100327,263,101087,163,100166,200,101526,163,100117,163,101534,163,100105,100,101930,100,100054,100,102017,100,99982,100,102049,100,99975,100,,,99954,100,,,99949,100,,,99945,100
2019-06-28 09:40:20.000000000,100903,226,100327,326,101087,226,100166,263,101526,100,100117,100,101534,100,100105,37,101930,100,100054,100,102017,100,99982,100,102049,100,99975,100,,,99954,100,,,99949,100,,,99945,100
2019-06-28 09:40:30.000000000,100903,150,100327,250,101087,150,100166,187,101526,150,100117,150,101534,150,100105,87,101930,150,100054,150,102017,100,99982,100,102049,100,99975,100,,,99954,100,,,99949,100,,,99945,100
2019-06-28 09:40:32.763540726,100903,150,100839,100,101087,150,100327,250,101526,150,100166,187,101534,150,100117,150,101930,150,100105,87,102017,100,100054,150,102049,100,99982,100,,,99975,100,,,99954,100,,,99949,100
2019-06-28 09:40:40.000000000,100903,186,100839,186,101087,183,100327,283,101526,183,100166,220,101534,100,100117,100,101930,100,100105,37,102017,100,100054,100,102049,100,99982,100,,,99975,100,,,99954,100,,,99949,100
2019-06-28 09:40:42.059726359,100903,186,100839,86,101087,183,100327,283,101526,183,100166,220,101534,100,100117,100,101930,100,100105,37,102017,100,100054,100,102049,100,99982,100,,,99975,100,,,99954,100,,,99949,100
2019-06-28 09:40:50.000000000,100903,163,100327,263,101087,163,100166,200,101526,163,100117,163,101534,163,100105,100,101930,100,100054,100,102017,100,99982,100,102049,100,99975,100,,,99954,100,,,99949,100,,,99945,100
2019-06-28 09:40:51.149425051,100903,163,100327,263,101087,163,100166,200,101275,100,100117,163,101526,163,100105,100,101534,163,100054,100,101930,100,99982,100,102017,100,99975,100,102049,100,99954,100,,,99949,100,,,99945,100
2019-06-28 09:41:00.000000000,100903,150,100327,250,101087,150,100166,187,101275,150,100117,150,101526,150,100105,87,101534,150,100054,150,101930,100,99982,100,102017,100,99975,100,102049,100,99954,100,,,99949,100,,,99945,100
2019-06-28 09:41:10.000000000,100903,226,100327,326,101087,226,100166,263,101275,100,100117,100,101526,100,100105,37,101534,100,100054,100,101930,100,99982,100,102017,100,99975,100,102049,100,99954,100,,,99949,100,,,99945,100
2019-06-28 09:41:17.644790408,100903,226,100327,326,100912,100,100166,263,101087,226,100117,100,101275,100,100105,37,101526,100,100054,100,101534,100,99982,100,101930,100,99975,100,102017,100,99954,100,102049,100,99949,100,,,99945,100
2019-06-28 09:41:20.000000000,100903,150,100327,250,100912,150,100166,187,101087,150,100117,150,101275,150,100105,87,101526,150,100054,150,101534,100,99982,100,101930,100,99975,100,102017,100,99954,100,102049,100,99949,100,,,99945,100
2019-06-28 09:41:28.559569837,100606,100,100327,250,100903,150,100166,187,100912,150,100117,150,101087,150,100105,87,101275,150,100054,150,101526,150,99982,100,101534,100,99975,100,101930,100,99949,100,102017,100,99945,100,102049,100,99934,100
2019-06-28 09:41:30.000000000,100606,352,100327,452,100903,100,100166,137,100912,100,100117,100,101087,100,100105,37,101275,100,100054,100,101526,100,99982,100,101534,100,99975,100,101930,100,99949,100,102017,100,99945,100,102049,100,99934,100
2019-06-28 09:41:37.571798631,100606,252,100327,452,100903,100,100166,137,100912,100,100117,100,101087,100,100105,37,101275,100,100054,100,101526,100,99982,100,101534,100,99975,100,101930,100,99949,100,102017,100,99945,100,102049,100,99932,100
2019-06-28 09:41:40.000000000,100903,163,100327,263,100912,163,100166,200,101087,163,100117,163,101275,163,100105,100,101526,100,100054,100,101534,100,99982,100,101930,100,99975,100,102017,100,99949,100,102049,100,99945,100,,,99932,100
2019-06-28 09:41:40.851587318,100903,163,100528,100,100912,163,100327,263,101087,163,100166,200,101275,163,100117,163,101526,100,100105,100,101534,100,100054,100,101930,100,99982,100,102017,100,99975,100,102049,100,99949,100,,,99945,100
2019-06-28 09:41:45.101100603,100853,100,100528,100,100903,163,100327,263,100912,163,100166,200,101087,163,100117,163,101275,163,100105,100,101526,100,100054,100,101534,100,99982,100,101930,100,99975,100,102017,100,99949,100,102049,100,99945,100
2019-06-28 09:41:48.334522879,100853,100,100597,100,100903,163,100327,263,100912,163,100166,200,101087,163,100117,163,101275,163,100105,100,101526,100,100054,100,101534,100,99982,100,101930,100,99975,100,102017,100,99949,100,102049,100,99945,100
2019-06-28 09:41:50.000000000,100853,163,100597,163,100903,163,100327,263,100912,163,100166,200,101087,163,100117,163,101275,100,100105,37,101526,100,100054,100,101534,100,99982,100,101930,100,99975,100,102017,100,99949,100,102049,100,99945,100
2019-06-28 09:42:00.000000000,100853,163,100597,163,100903,163,100327,263,100912,163,100166,200,101087,163,100117,163,101275,100,100105,37,101526,100,100054,100,101534,100,99982,100,101930,100,99975,100,102017,100,99949,100,102049,100,99945,100
2019-06-28 09:42:06.281282797,100853,163,100597,163,100903,163,100327,263,100912,163,100166,200,101087,163,100117,163,101275,100,100105,37,101526,100,99982,100,101534,100,99975,100,101930,100,99949,100,102017,100,99945,100,102049,100,99932,100
2019-06-28 09:42:10.000000000,100853,186,100597,186,100903,183,100327,283,100912,183,100166,220,101087,100,100117,100,101275,100,100105,37,101526,100,99982,100,101534,100,99975,100,101930,100,99949,100,102017,100,99945,100,102049,100,99932,100
2019-06-28 09:42:20.000000000,100853,163,100597,163,100903,163,100327,263,100912,163,100166,200,101087,163,100117,163,101275,100,100105,37,101526,100,99982,100,101534,100,99975,100,101930,100,99949,100,102017,100,99945,100,102049,100,99932,100
2019-06-28 09:42:30.000000000,100853,186,100597,186,100903,183,100327,283,100912,183,100166,220,101087,100,100117,100,101275,100,100105,37,101526,100,99982,100,101534,100,99975,100,101930,100,99949,100,102017,100,99945,100,102049,100,99932,100
2019-06-28 09:42:40.000000000,100853,352,100597,352,100903,100,100327,200,100912,100,100166,137,101087,100,100117,100,101275,100,100105,37,101526,100,99982,100,101534,100,99975,100,101930,100,99949,100,102017,100,99945,100,102049,100,99932,100
2019-06-28 09:42:40.472230432,100839,100,100597,352,100853,352,100327,100,100903,100,100166,137,100912,100,100117,100,101087,100,100105,37,101275,100,99982,100,101526,100,99975,100,101534,100,99949,100,101930,100,99945,100,102017,100,99932,100
2019-06-28 09:42:43.963832560,100839,200,100597,352,100853,352,100327,100,100903,100,100166,137,100912,100,100117,100,101087,100,100105,37,101275,100,99982,100,101526,100,99975,100,101534,100,99949,100,101930,100,99945,100,102017,100,99932,100
2019-06-28 09:42:50.000000000,100839,452,100597,352,100853,100,100327,100,100903,100,100166,137,100912,100,100117,100,101087,100,100105,37,101275,100,99982,100,101526,100,99975,100,101534,100,99949,100,101930,100,99945,100,102017,100,99932,100
2019-06-28 09:43:00.000000000,100839,250,100597,150,100853,150,100327,150,100903,150,100166,187,100912,150,100117,150,101087,150,100105,87,101275,100,99982,100,101526,100,99975,100,101534,100,99949,100,101930,100,99945,100,102017,100,99932,100
2019-06-28 09:43:10.000000000,100839,452,100597,352,100853,100,100327,100,100903,100,100166,137,100912,100,100117,100,101087,100,100105,37,101275,100,99982,100,101526,100,99975,100,101534,100,99949,100,101930,100,99945,100,102017,100,99932,100
2019-06-28 09:43:20.000000000,100839,326,100597,226,100853,226,100327,226,100903,100,100166,137,100912,100,100117,100,101087,100,100105,37,101275,100,99982,100,101526,100,99975,100,101534,100,99949,100,101930,100,99945,100,102017,100,99932,100
2019-06-28 09:43:20.195679084,100839,326,100597,126,100853,226,100327,226,100903,100,100166,137,100912,100,100117,100,101087,100,100105,37,101275,100,99982,100,101526,100,99975,100,101534,100,99949,100,101930,100,99945,100,102017,100,99923,100
2019-06-28 09:43:30.000000000,100839,326,100327,226,100853,226,100166,263,100903,100,100117,100,100912,100,100105,37,101087,100,99982,100,101275,100,99975,100,101526,100,99949,100,101534,100,99945,100,101930,100,99923,100,102017,100,99922,100
2019-06-28 09:43:40.000000000,100839,263,100327,163,100853,163,100166,200,100903,163,100117,163,100912,163,100105,100,101087,100,99982,100,101275,100,99975,100,101526,100,99949,100,101534,100,99945,100,101930,100,99923,100,102017,100,99922,100
2019-06-28 09:43:50.000000000,100839,452,100327,352,100853,100,100166,137,100903,100,100117,100,100912,100,100105,37,101087,100,99982,100,101275,100,99975,100,101526,100,99949,100,101534,100,99945,100,101930,100,99923,100,102017,100,99922,100
2019-06-28 09:43:52.140930371,100839,452,100379,100,100853,100,100327,352,100903,100,100166,137,100912,100,100117,100,101087,100,100105,37,101275,100,99982,100,101526,100,99975,100,101534,100,99949,100,101930,100,99945,100,102017,100,99923,100
2019-06-28 09:43:57.070635831,100462,100,100379,100,100839,452,100327,352,100853,100,100166,137,100903,100,100117,100,100912,100,100105,37,101087,100,99982,100,101275,100,99975,100,101526,100,99949,100,101534,100,99945,100,101930,100,99923,100
2019-06-28 09:43:59.038260678,100462,100,100327,352,100839,452,100166,137,100853,100,100117,100,100903,100,100105,37,100912,100,99982,100,101087,100,99975,100,101275,100,99949,100,101526,100,99945,100,101534,100,99923,100,101930,100,99922,100
2019-06-28 09:44:00.000000000,100462,163,100327,163,100839,263,100166,200,100853,163,100117,163,100903,163,100105,100,100912,100,99982,100,101087,100,99975,100,101275,100,99949,100,101526,100,99945,100,101534,100,99923,100,101930,100,99922,100
2019-06-28 09:44:05.421779353,100462,163,100327,163,100573,100,100166,200,100839,263,100117,163,100853,163,100105,63,100903,163,99982,100,100912,100,99975,100,101087,100,99949,100,101275,100,99945,100,101526,100,99923,100,101534,100,99922,100
2019-06-28 09:44:10.000000000,100462,186,100327,186,100573,183,100166,220,100839,283,100117,183,100853,100,99982,100,100903,100,99975,100,100912,100,99949,100,101087,100,99945,100,101275,100,99923,100,101526,100,99922,100,101534,100,99889,100
2019-06-28 09:44:14.961093206,100452,100,100327,186,100462,186,100166,220,100573,183,100117,183,100839,283,99982,100,100853,100,99975,100,100903,100,99949,100,100912,100,99945,100,101087,100,99923,100,101275,100,99922,100,101526,100,99889,100
2019-06-28 09:44:20.000000000,100452,150,100327,150,100462,150,100166,187,100573,150,100117,150,100839,250,99982,150,100853,150,99975,150,100903,100,99949,100,100912,100,99945,100,101087,100,99923,100,101275,100,99922,100,101526,100,99889,100
2019-06-28 09:44:29.821890401,100452,150,100327,150,100462,150,100166,187,100573,150,100117,150,100597,100,99982,150,100839,250,99975,150,100853,150,99949,100,100903,100,99945,100,100912,100,99923,100,101087,100,99922,100,101275,100,99889,100
2019-06-28 09:44:30.000000000,100452,226,100327,226,100462,226,100166,263,100573,100,100117,100,100597,100,99982,100,100839,200,99975,100,100853,100,99949,100,100903,100,99945,100,100912,100,99923,100,101087,100,99922,100,101275,100,99889,100
2019-06-28 09:44:40.000000000,100452,186,100327,186,100462,183,100166,220,100573,183,100117,183,100597,100,99982,100,100839,200,99975,100,100853,100,99949,100,100903,100,99945,100,100912,100,99923,100,101087,100,99922,100,101275,100,99889,100
2019-06-28 09:44:50.000000000,100452,352,100327,352,100462,100,100166,137,100573,100,100117,100,100597,100,99982,100,100839,200,99975,100,100853,100,99949,100,100903,100,99945,100,100912,100,99923,100,101087,100,99922,100,101275,100,99889,100
2019-06-28 09:44:55.512285503,100452,252,100327,352,100462,100,100166,137,100573,100,100117,100,100597,100,99982,100,100839,200,99975,100,100853,100,99949,100,100903,100,99945,100,100912,100,99923,100,101087,100,99922,100,101275,100,99889,100
2019-06-28 09:45:00.000000000,100462,150,100327,150,100573,150,100166,187,100597,150,100117,150,100839,250,99982,150,100853,150,99975,150,100903,100,99949,100,100912,100,99945,100,101087,100,99923,100,101275,100,99922,100,101526,100,99889,100
2019-06-28 09:45:08.307416081,100462,150,100379,100,100573,150,100327,150,100597,150,100166,187,100839,150,100117,150,100853,150,99982,150,100903,100,99975,150,100912,100,99949,100,101087,100,99945,100,101275,100,99923,100,101526,100,99922,100
2019-06-28 09:45:08.915253441,100462,50,100379,100,100573,150,100327,150,100597,150,100166,187,100839,150,100117,150,100853,150,99982,150,100903,100,99975,150,100912,100,99949,100,101087,100,99945,100,101275,100,99923,100,101526,100,99922,100
2019-06-28 09:45:10.000000000,100573,186,100379,186,100597,183,100327,183,100839,183,100166,220,100853,100,100117,100,100903,100,99982,100,100912,100,99975,100,101087,100,99949,100,101275,100,99945,100,101526,100,99923,100,101534,100,99922,100
2019-06-28 09:45:19.535041204,100573,186,100379,186,100597,183,100327,183,100839,183,100166,220,100853,100,100117,100,100903,100,99982,100,100912,100,99975,100,100964,100,99949,100,101087,100,99945,100,101275,100,99923,100,101526,100,99922,100
2019-06-28 09:45:20.000000000,100573,226,100379,226,100597,226,100327,226,100839,100,100166,137,100853,100,100117,100,100903,100,99982,100,100912,100,99975,100,100964,100,99949,100,101087,100,99945,100,101275,100,99923,100,101526,100,99922,100
2019-06-28 09:45:30.000000000,100573,163,100379,163,100597,163,100327,163,100839,163,100166,200,100853,163,100117,163,100903,100,99982,100,100912,100,99975,100,100964,100,99949,100,101087,100,99945,100,101275,100,99923,100,101526,100,99922,100
2019-06-28 09:45:32.312595179,100573,163,100379,163,100597,163,100327,63,100839,163,100166,200,100853,163,100117,163,100903,100,99982,100,100912,100,99975,100,100964,100,99949,100,101087,100,99945,100,101275,100,99923,100,101526,100,99922,100
2019-06-28 09:45:40.000000000,100573,163,100379,163,100597,163,100166,200,100839,163,100117,163,100853,163,99982,163,100903,100,99975,100,100912,100,99949,100,100964,100,99945,100,101087,100,99923,100,101275,100,99922,100,101526,100,99889,100
2019-06-28 09:45:50.000000000,100573,186,100379,186,100597,183,100166,220,100839,183,100117,183,100853,100,99982,100,100903,100,99975,100,100912,100,99949,100,100964,100,99945,100,101087,100,99923,100,101275,100,99922,100,101526,100,99889,100
2019-06-28 09:46:00.000000000,100573,186,100379,186,100597,183,100166,220,100839,183,100117,183,100853,100,99982,100,100903,100,99975,100,100912,100,99949,100,100964,100,99945,100,101087,100,99923,100,101275,100,99922,100,101526,100,99889,100
2019-06-28 09:46:01.502796500,100573,86,100379,186,100597,183,100166,220,100839,183,100117,183,100853,100,99982,100,100903,100,99975,100,100912,100,99949,100,100964,100,99945,100,101275,100,99923,100,101526,100,99922,100,101534,100,99889,100
2019-06-28 09:46:01.864418221,100573,86,100462,100,100597,183,100379,186,100839,183,100166,220,100853,100,100117,83,100903,100,99982,100,100912,100,99975,100,100964,100,99949,100,101275,100,99945,100,101526,100,99923,100,101534,100,99922,100
2019-06-28 09:46:05.637203458,100573,86,100462,200,100597,183,100379,186,100839,183,100166,220,100853,100,100117,83,100903,100,99982,100,100912,100,99975,100,100964,100,99949,100,101275,100,99945,100,101526,100,99923,100,101534,100,99922,100
2019-06-28 09:46:09.228886153,100573,86,100462,200,100597,183,100379,186,100839,183,100166,220,100853,100,100117,83,100903,100,99982,100,100912,100,99949,100,100964,100,99945,100,101193,100,99923,100,101275,100,99922,100,101526,100,99889,100
2019-06-28 09:46:10.000000000,100597,163,100462,263,100839,163,100379,163,100853,163,100166,200,100903,163,99982,163,100912,100,99949,100,100964,100,99945,100,101193,100,99923,100,101275,100,99922,100,101526,100,99889,100,101534,100,99877,100
2019-06-28 09:46:17.797816108,100597,63,100462,263,100839,163,100379,163,100853,163,100166,200,100903,163,99982,163,100912,100,99949,100,100964,100,99945,100,101193,100,99923,100,101275,100,99922,100,101526,100,99889,100,101534,100,99877,100
2019-06-28 09:46:20.000000000,100839,150,100462,250,100853,150,100379,150,100903,150,100166,187,100912,150,99982,150,100964,150,99949,150,101193,100,99945,100,101275,100,99923,100,101526,100,99922,100,101534,100,99889,100,101930,100,99877,100
2019-06-28 09:46:30.000000000,100839,186,100462,286,100853,183,100379,183,100903,183,100166,220,100912,100,99982,100,100964,100,99949,100,101193,100,99945,100,101275,100,99923,100,101526,100,99922,100,101534,100,99889,100,101930,100,99877,100
2019-06-28 09:46:31.258960109,100839,186,100462,286,100853,183,100379,183,100903,83,100166,220,100912,100,99982,100,100964,100,99949,100,101189,100,99945,100,101193,100,99923,100,101275,100,99922,100,101526,100,99889,100,101534,100,99877,100
2019-06-28 09:46:34.340119974,100839,186,100462,286,100853,183,100379,183,100903,83,100166,220,100912,100,99982,100,100964,100,99949,100,101189,100,99945,100,101193,100,99923,100,101209,100,99922,100,101275,100,99889,100,101526,100,99877,100
2019-06-28 09:46:40.000000000,100839,150,100462,250,100853,150,100379,150,100912,150,100166,187,100964,150,99982,150,101189,150,99949,150,101193,100,99945,100,101209,100,99923,100,101275,100,99922,100,101526,100,99889,100,101534,100,99877,100
2019-06-28 09:46:50.000000000,100839,186,100462,286,100853,183,100379,183,100912,183,100166,220,100964,100,99982,100,101189,100,99949,100,101193,100,99945,100,101209,100,99923,100,101275,100,99922,100,101526,100,99889,100,101534,100,99877,100
2019-06-28 09:47:00.000000000,100839,352,100462,452,100853,100,100379,100,100912,100,100166,137,100964,100,99982,100,101189,100,99949,100,101193,100,99945,100,101209,100,99923,100,101275,100,99922,100,101526,100,99889,100,101534,100,99877,100
2019-06-28 09:47:02.875497455,100839,352,100462,452,100853,100,100379,100,100912,100,100166,100,100964,100,99982,100,101189,100,99949,100,101193,100,99945,100,101209,100,99923,100,101275,100,99922,100,101526,100,99889,100,101534,100,99877,100
2019-06-28 09:47:10.000000000,100839,186,100462,286,100853,183,100379,183,100912,183,100166,183,100964,100,99982,100,101189,100,99949,100,101193,100,99945,100,101209,100,99923,100,101275,100,99922,100,101526,100,99889,100,101534,100,99877,100
2019-06-28 09:47:20.000000000,100839,150,100462,250,100853,150,100379,150,100912,150,100166,150,100964,150,99982,150,101189,150,99949,150,101193,100,99945,100,101209,100,99923,100,101275,100,99922,100,101526,100,99889,100,101534,100,99877,100
2019-06-28 09:47:30.000000000,100839,226,100462,326,100853,226,100379,226,100912,100,100166,100,100964,100,99982,100,101189,100,99949,100,101193,100,99945,100,101209,100,99923,100,101275,100,99922,100,101526,100,99889,100,101534,100,99877,100
2019-06-28 09:47:32.390158923,100839,126,100462,326,100853,226,100379,226,100912,100,100166,100,100964,100,99982,100,101189,100,99949,100,101193,100,99945,100,101209,100,99923,100,101275,100,99922,100,101526,100,99889,100,101534,100,99877,100
2019-06-28 09:47:40.000000000,100853,226,100462,326,100912,226,100379,226,100964,100,100166,100,101189,100,99982,100,101193,100,99949,100,101209,100,99945,100,101275,100,99923,100,101526,100,99922,100,101534,100,99889,100,101557,100,99877,100
2019-06-28 09:47:50.000000000,100853,163,100462,263,100912,163,100379,163,100964,163,100166,163,101189,163,99982,163,101193,100,99949,100,101209,100,99945,100,101275,100,99923,100,101526,100,99922,100,101534,100,99889,100,101557,100,99877,100
2019-06-28 09:47:51.165801177,100853,163,100462,263,100912,163,100379,163,100964,163,100166,163,101189,163,99982,163,101193,100,99949,100,101209,100,99945,100,101275,100,99923,100,101510,100,99922,100,101526,100,99889,100,101534,100,99877,100
2019-06-28 09:48:00.000000000,100853,186,100462,286,100912,183,100379,183,100964,183,100166,183,101189,100,99982,100,101193,100,99949,100,101209,100,99945,100,101275,100,99923,100,101510,100,99922,100,101526,100,99889,100,101534,100,99877,100
2019-06-28 09:48:10.000000000,100853,186,100462,286,100912,183,100379,183,100964,183,100166,183,101189,100,99982,100,101193,100,99949,100,101209,100,99945,100,101275,100,99923,100,101510,100,99922,100,101526,100,99889,100,101534,100,99877,100
2019-06-28 09:48:20.000000000,100853,150,100462,250,100912,150,100379,150,100964,150,100166,150,101189,150,99982,150,101193,150,99949,150,101209,100,99945,100,101275,100,99923,100,101510,100,99922,100,101526,100,99889,100,101534,100,99877,100
2019-06-28 09:48:30.000000000,100853,186,100462,286,100912,183,100379,183,100964,183,100166,183,101189,100,99982,100,101193,100,99949,100,101209,100,99945,100,101275,100,99923,100,101510,100,99922,100,101526,100,99889,100,101534,100,99877,100
2019-06-28 09:48:40.000000000,100853,186,100462,286,100912,183,100379,183,100964,183,100166,183,101189,100,99982,100,101193,100,99949,100,101209,100,99945,100,101275,100,99923,100,101510,100,99922,100,101526,100,99889,100,101534,100,99877,100
2019-06-28 09:48:50.000000000,100853,226,100462,326,100912,226,100379,226,100964,100,100166,100,101189,100,99982,100,101193,100,99949,100,101209,100,99945,100,101275,100,99923,100,101510,100,99922,100,101526,100,99889,100,101534,100,99877,100
2019-06-28 09:49:00.000000000,100853,352,100462,452,100912,100,100379,100,100964,100,100166,100,101189,100,99982,100,101193,100,99949,100,101209,100,99945,100,101275,100,99923,100,101510,100,99922,100,101526,100,99889,100,101534,100,99877,100
2019-06-28 09:49:10.000000000,100853,352,100462,452,100912,100,100379,100,100964,100,100166,100,101189,100,99982,100,101193,100,99949,100,101209,100,99945,100,101275,100,99923,100,101510,100,99922,100,101526,100,99889,100,101534,100,99877,100
2019-06-28 09:49:20.000000000,100853,150,100462,250,100912,150,100379,150,100964,150,100166,150,101189,150,99982,150,101193,150,99949,150,101209,100,99945,100,101275,100,99923,100,101510,100,99922,100,101526,100,99889,100,101534,100,99877,100
2019-06-28 09:49:30.000000000,100853,226,100462,326,100912,226,100379,226,100964,100,100166,100,101189,100,99982,100,101193,100,99949,100,101209,100,99945,100,101275,100,99923,100,101510,100,99922,100,101526,100,99889,100,101534,100,99877,100
2019-06-28 09:49:30.493277120,100853,226,100597,100,100912,226,100462,326,100964,100,100379,226,101189,100,100166,100,101193,100,99982,100,101209,100,99949,100,101275,100,99945,100,101510,100,99923,100,101526,100,99922,100,101534,100,99889,100
2019-06-28 09:49:37.044539097,100853,226,100597,200,100912,226,100462,326,100964,100,100379,226,101189,100,99982,100,101193,100,99949,100,101209,100,99945,100,101275,100,99923,100,101510,100,99922,100,101526,100,99889,100,101534,100,99877,100
2019-06-28 09:49:39.279372939,100853,126,100597,200,100912,226,100462,326,100964,100,100379,226,101189,100,99982,100,101193,100,99949,100,101209,100,99945,100,101275,100,99923,100,101510,100,99922,100,101526,100,99889,100,101534,100,99877,100
2019-06-28 09:49:40.000000000,100912,226,100597,326,100964,226,100462,326,101189,100,100379,100,101193,100,99982,100,101209,100,99949,100,101275,100,99945,100,101510,100,99923,100,101526,100,99922,100,101534,100,99889,100,101557,100,99877,100
2019-06-28 09:49:40.399095594,100912,226,100597,326,100964,226,100462,326,101189,100,100379,100,101193,100,99982,100,101209,100,99949,100,101275,100,99945,100,101510,100,99923,100,101526,100,99922,100,101534,100,99889,100,101557,100,99877,100
2019-06-28 09:49:42.171848059,100912,226,100597,326,100964,226,100462,326,101189,100,100379,100,101193,100,99982,100,101209,100,99945,100,101275,100,99923,100,101510,100,99922,100,101526,100,99889,100,101534,100,99877,100,101557,100,99873,100
2019-06-28 09:49:50.000000000,100912,226,100597,326,100964,226,100462,326,101189,100,100379,100,101193,100,99982,100,101209,100,99945,100,101275,100,99923,100,101510,100,99922,100,101526,100,99889,100,101534,100,99877,100,101557,100,99873,100
2019-06-28 09:49:57.991178000,100912,126,100597,326,100964,226,100462,326,101189,100,100379,100,101193,100,99982,100,101209,100,99945,100,101275,100,99923,100,101510,100,99922,100,101526,100,99889,100,101534,100,99877,100,101557,100,99873,100
2019-06-28 09:50:00.000000000,100964,352,100597,452,101189,100,100462,200,101193,100,100379,100,101209,100,99982,100,101275,100,99945,100,101510,100,99923,100,101526,100,99922,100,101534,100,99889,100,101557,100,99877,100,101774,100,99873,100
2019-06-28 09:50:10.000000000,100964,352,100597,452,101189,100,100462,200,101193,100,100379,100,101209,100,99982,100,101275,100,99945,100,101510,100,99923,100,101526,100,99922,100,101534,100,99889,100,101557,100,99877,100,101774,100,99873,100
2019-06-28 09:50:20.000000000,100964,352,100597,452,101189,100,100462,200,101193,100,100379,100,101209,100,99982,100,101275,100,99945,100,101510,100,99923,100,101526,100,99922,100,101534,100,99889,100,101557,100,99877,100,101774,100,99873,100
2019-06-28 09:50:26.101038790,100964,352,100597,452,101189,100,100462,200,101193,100,100379,100,101209,100,99982,100,101390,100,99945,100,101510,100,99923,100,101526,100,99922,100,101534,100,99889,100,101557,100,99877,100,101774,100,99873,100
2019-06-28 09:50:30.000000000,100964,163,100597,263,101189,163,100462,263,101193,163,100379,163,101209,163,99982,163,101390,100,99945,100,101510,100,99923,100,101526,100,99922,100,101534,100,99889,100,101557,100,99877,100,101774,100,99873,100
2019-06-28 09:50:31.183682444,100964,163,100853,100,101189,163,100597,263,101193,163,100462,263,101209,163,100379,163,101390,100,99982,163,101510,100,99945,100,101526,100,99923,100,101534,100,99922,100,101557,100,99889,100,101774,100,99877,100
2019-06-28 09:50:40.000000000,100964,163,100853,163,101189,163,100597,263,101193,163,100462,263,101209,163,100379,163,101390,100,99982,100,101510,100,99945,100,101526,100,99923,100,101534,100,99922,100,101557,100,99889,100,101774,100,99877,100
2019-06-28 09:50:50.000000000,100964,226,100853,226,101189,226,100597,326,101193,100,100462,200,101209,100,100379,100,101390,100,99982,100,101510,100,99945,100,101526,100,99923,100,101534,100,99922,100,101557,100,99889,100,101774,100,99877,100
2019-06-28 09:50:50.604620408,100964,226,100853,226,101180,100,100597,326,101189,226,100462,200,101193,100,100379,100,101209,100,99982,100,101390,100,99945,100,101510,100,99923,100,101526,100,99922,100,101534,100,99889,100,101557,100,99877,100
2019-06-28 09:50:56.939590953,100964,126,100853,226,101180,100,100597,326,101189,226,100462,200,101193,100,100379,100,101209,100,99982,100,101390,100,99945,100,101510,100,99923,100,101526,100,99922,100,101534,100,99889,100,101557,100,99877,100
2019-06-28 09:51:00.000000000,101180,186,100853,186,101189,183,100597,283,101193,183,100462,283,101209,100,100379,100,101390,100,99982,100,101510,100,99945,100,101526,100,99923,100,101534,100,99922,100,101557,100,99889,100,101774,100,99877,100
2019-06-28 09:51:10.000000000,101180,226,100853,226,101189,226,100597,326,101193,100,100462,200,101209,100,100379,100,101390,100,99982,100,101510,100,99945,100,101526,100,99923,100,101534,100,99922,100,101557,100,99889,100,101774,100,99877,100
2019-06-28 09:51:20.000000000,101180,186,100853,186,101189,183,100597,283,101193,183,100462,283,101209,100,100379,100,101390,100,99982,100,101510,100,99945,100,101526,100,99923,100,101534,100,99922,100,101557,100,99889,100,101774,100,99877,100
2019-06-28 09:51:23.300990063,101139,100,100853,186,101180,186,100597,283,101189,183,100462,283,101193,183,100379,100,101209,100,99982,100,101390,100,99945,100,101510,100,99923,100,101526,100,99922,100,101534,100,99889,100,101557,100,99877,100
2019-06-28 09:51:30.000000000,101139,150,100853,150,101180,150,100597,250,101189,150,100462,250,101193,150,100379,150,101209,150,99982,150,101390,100,99945,100,101510,100,99923,100,101526,100,99922,100,101534,100,99889,100,101557,100,99877,100
2019-06-28 09:51:35.789129385,100911,100,100853,150,101139,150,100597,250,101180,150,100462,250,101189,150,100379,150,101193,150,99982,150,101209,150,99945,100,101390,100,99923,100,101510,100,99922,100,101526,100,99889,100,101534,100,99877,100
2019-06-28 09:51:40.000000000,100911,352,100853,352,101139,100,100597,200,101180,100,100462,200,101189,100,100379,100,101193,100,99982,100,101209,100,99945,100,101390,100,99923,100,101510,100,99922,100,101526,100,99889,100,101534,100,99877,100
2019-06-28 09:51:41.853631979,100911,352,100853,352,101139,100,100805,100,101180,100,100597,200,101189,100,100462,200,101193,100,100379,100,101209,100,99982,100,101390,100,99945,100,101510,100,99923,100,101526,100,99922,100,101534,100,99889,100
2019-06-28 09:51:50.000000000,100911,226,100853,226,101139,226,100805,226,101180,100,100597,200,101189,100,100462,200,101193,100,100379,100,101209,100,99982,100,101390,100,99945,100,101510,100,99923,100,101526,100,99922,100,101534,100,99889,100
2019-06-28 09:52:00.000000000,100911,226,100853,226,101139,226,100805,226,101180,100,100597,200,101189,100,100462,200,101193,100,100379,100,101209,100,99982,100,101390,100,99945,100,101510,100,99923,100,101526,100,99922,100,101534,100,99889,100
2019-06-28 09:52:10.000000000,100911,186,100853,186,101139,183,100805,183,101180,183,100597,283,101189,100,100462,200,101193,100,100379,100,101209,100,99982,100,101390,100,99945,100,101510,100,99923,100,101526,100,99922,100,101534,100,99889,100
2019-06-28 09:52:19.329567902,100911,186,100853,186,100992,100,100805,183,101139,183,100597,283,101180,183,100462,200,101189,100,100379,100,101193,100,99982,100,101209,100,99945,100,101390,100,99923,100,101510,100,99922,100,101526,100,99889,100
2019-06-28 09:52:20.000000000,100911,163,100853,163,100992,163,100805,163,101139,163,100597,263,101180,163,100462,263,101189,100,100379,100,101193,100,99982,100,101209,100,99945,100,101390,100,99923,100,101510,100,99922,100,101526,100,99889,100
2019-06-28 09:52:23.076255241,100911,163,100853,163,100992,163,100805,163,101139,163,100597,163,101180,163,100462,263,101189,100,100379,100,101193,100,99982,100,101209,100,99945,100,101390,100,99923,100,101510,100,99922,100,101526,100,99889,100
2019-06-28 09:52:30.000000000,100911,150,100853,150,100992,150,100805,150,101139,150,100597,150,101180,150,100462,250,101189,150,100379,150,101193,100,99982,100,101209,100,99945,100,101390,100,99923,100,101510,100,99922,100,101526,100,99889,100
2019-06-28 09:52:40.000000000,100911,150,100853,150,100992,150,100805,150,101139,150,100597,150,101180,150,100462,250,101189,150,100379,150,101193,100,99982,100,101209,100,99945,100,101390,100,99923,100,101510,100,99922,100,101526,100,99889,100
2019-06-28 09:52:50.000000000,100911,163,100853,163,100992,163,100805,163,101139,163,100597,163,101180,163,100462,263,101189,100,100379,100,101193,100,99982,100,101209,100,99945,100,101390,100,99923,100,101510,100,99922,100,101526,100,99889,100
2019-06-28 09:53:00.000000000,100911,186,100853,186,100992,183,100805,183,101139,183,100597,183,101180,100,100462,200,101189,100,100379,100,101193,100,99982,100,101209,100,99945,100,101390,100,99923,100,101510,100,99922,100,101526,100,99889,100
2019-06-28 09:53:03.455791655,100911,186,100853,86,100992,183,100805,183,101139,183,100597,183,101180,100,100462,200,101189,100,100379,100,101193,100,99982,100,101209,100,99945,100,101390,100,99923,100,101510,100,99922,100,101526,100,99889,100
2019-06-28 09:53:10.000000000,100911,186,100805,186,100992,183,100597,183,101139,183,100462,283,101180,100,100379,100,101189,100,99982,100,101193,100,99945,100,101209,100,99923,100,101390,100,99922,100,101510,100,99889,100,101526,100,99877,100
2019-06-28 09:53:13.560041212,100911,186,100805,186,100916,100,100597,183,100992,183,100462,283,101139,183,100379,100,101180,100,99982,100,101189,100,99945,100,101193,100,99923,100,101209,100,99922,100,101390,100,99889,100,101510,100,99877,100
2019-06-28 09:53:20.000000000,100911,352,100805,352,100916,100,100597,100,100992,100,100462,200,101139,100,100379,100,101180,100,99982,100,101189,100,99945,100,101193,100,99923,100,101209,100,99922,100,101390,100,99889,100,101510,100,99877,100
2019-06-28 09:53:24.702072088,100904,100,100805,352,100911,352,100597,100,100916,100,100462,200,100992,100,100379,100,101139,100,99982,100,101180,100,99945,100,101189,100,99923,100,101193,100,99922,100,101209,100,99889,100,101390,100,99877,100
2019-06-28 09:53:30.000000000,100904,226,100805,226,100911,226,100597,226,100916,100,100462,200,100992,100,100379,100,101139,100,99982,100,101180,100,99945,100,101189,100,99923,100,101193,100,99922,100,101209,100,99889,100,101390,100,99877,100
2019-06-28 09:53:40.000000000,100904,150,100805,150,100911,150,100597,150,100916,150,100462,250,100992,150,100379,150,101139,150,99982,150,101180,100,99945,100,101189,100,99923,100,101193,100,99922,100,101209,100,99889,100,101390,100,99877,100
2019-06-28 09:53:43.235609475,100904,150,100854,100,100911,150,100805,150,100916,150,100597,150,100992,150,100462,250,101139,150,100379,150,101180,100,99982,150,101189,100,99945,100,101193,100,99923,100,101209,100,99922,100,101390,100,99889,100
2019-06-28 09:53:50.000000000,100904,352,100854,352,100911,100,100805,100,100916,100,100597,100,100992,100,100462,200,101139,100,100379,100,101180,100,99982,100,101189,100,99945,100,101193,100,99923,100,101209,100,99922,100,101390,100,99889,100
2019-06-28 09:53:57.262007826,100904,352,100854,352,100911,100,100805,100,100916,100,100597,100,100992,100,100510,100,101139,100,100462,200,101180,100,100379,100,101189,100,99982,100,101193,100,99945,100,101209,100,99923,100,101510,100,99922,100
2019-06-28 09:54:00.000000000,100904,226,100854,226,100911,226,100805,226,100916,100,100597,100,100992,100,100510,100,101139,100,100462,200,101180,100,100379,100,101189,100,99982,100,101193,100,99945,100,101209,100,99923,100,101510,100,99922,100
2019-06-28 09:54:10.000000000,100904,163,100854,163,100911,163,100805,163,100916,163,100597,163,100992,163,100510,163,101139,100,100462,200,101180,100,100379,100,101189,100,99982,100,101193,100,99945,100,101209,100,99923,100,101510,100,99922,100
2019-06-28 09:54:10.644089917,100904,163,100854,163,100911,163,100805,163,100916,163,100693,100,100992,163,100597,163,101139,100,100510,163,101180,100,100462,200,101189,100,100379,100,101193,100,99982,100,101209,100,99945,100,101510,100,99923,100
2019-06-28 09:54:18.203159269,100904,163,100854,163,100911,163,100805,163,100916,163,100693,100,100921,100,100597,163,100992,163,100510,163,101139,100,100462,200,101180,100,100379,100,101189,100,99982,100,101193,100,99945,100,101209,100,99923,100
2019-06-28 09:54:20.000000000,100904,150,100854,150,100911,150,100805,150,100916,150,100693,150,100921,150,100597,150,100992,150,100510,150,101139,100,100462,200,101180,100,100379,100,101189,100,99982,100,101193,100,99945,100,101209,100,99923,100
2019-06-28 09:54:21.388511003,100904,150,100854,150,100910,100,100805,150,100911,150,100693,150,100916,150,100597,150,100921,150,100510,150,100992,150,100462,200,101139,100,100379,100,101180,100,99982,100,101189,100,99945,100,101193,100,99923,100
2019-06-28 09:54:22.684934661,100904,150,100854,150,100910,200,100805,150,100911,150,100693,150,100916,150,100597,150,100921,150,100510,150,100992,150,100462,200,101139,100,100379,100,101180,100,99982,100,101189,100,99945,100,101193,100,99923,100
2019-06-28 09:54:30.000000000,100904,226,100854,226,100910,326,100805,226,100911,100,100693,100,100916,100,100597,100,100921,100,100510,100,100992,100,100462,200,101139,100,100379,100,101180,100,99982,100,101189,100,99945,100,101193,100,99923,100
2019-06-28 09:54:40.000000000,100904,226,100854,226,100910,326,100805,226,100911,100,100693,100,100916,100,100597,100,100921,100,100510,100,100992,100,100462,200,101139,100,100379,100,101180,100,99982,100,101189,100,99945,100,101193,100,99923,100
2019-06-28 09:54:50.000000000,100904,163,100854,163,100910,263,100805,163,100911,163,100693,163,100916,163,100597,163,100921,100,100510,100,100992,100,100462,200,101139,100,100379,100,101180,100,99982,100,101189,100,99945,100,101193,100,99923,100
2019-06-28 09:55:00.000000000,100904,226,100854,226,100910,326,100805,226,100911,100,100693,100,100916,100,100597,100,100921,100,100510,100,100992,100,100462,200,101139,100,100379,100,101180,100,99982,100,101189,100,99945,100,101193,100,99923,100
2019-06-28 09:55:10.000000000,100904,226,100854,226,100910,326,100805,226,100911,100,100693,100,100916,100,100597,100,100921,100,100510,100,100992,100,100462,200,101139,100,100379,100,101180,100,99982,100,101189,100,99945,100,101193,100,99923,100
2019-06-28 09:55:20.000000000,100904,150,100854,150,100910,250,100805,150,100911,150,100693,150,100916,150,100597,150,100921,150,100510,150,100992,100,100462,200,101139,100,100379,100,101180,100,99982,100,101189,100,99945,100,101193,100,99923,100
2019-06-28 09:55:30.000000000,100904,226,100854,226,100910,326,100805,226,100911,100,100693,100,100916,100,100597,100,100921,100,100510,100,100992,100,100462,200,101139,100,100379,100,101180,100,99982,100,101189,100,99945,100,101193,100,99923,100
2019-06-28 09:55:40.000000000,100904,352,100854,352,100910,200,100805,100,100911,100,100693,100,100916,100,100597,100,100921,100,100510,100,100992,100,100462,200,101139,100,100379,100,101180,100,99982,100,101189,100,99945,100,101193,100,99923,100
2019-06-28 09:55:50.000000000,100904,163,100854,163,100910,263,100805,163,100911,163,100693,163,100916,163,100597,163,100921,100,100510,100,100992,100,100462,200,101139,100,100379,100,101180,100,99982,100,101189,100,99945,100,101193,100,99923,100
2019-06-28 09:55:50.682983474,100904,163,100854,163,100910,263,100805,163,100911,163,100693,163,100916,163,100597,163,100921,100,100510,100,100992,100,100462,200,101139,100,100379,100,101180,100,99982,100,101189,100,99945,100,101193,100,99923,100
2019-06-28 09:56:00.000000000,100904,150,100854,150,100910,250,100805,150,100911,150,100693,150,100916,150,100597,150,100921,150,100510,150,100992,100,100462,200,101139,100,100379,100,101180,100,99982,100,101189,100,99945,100,101193,100,99923,100
2019-06-28 09:56:10.000000000,100904,163,100854,163,100910,263,100805,163,100911,163,100693,163,100916,163,100597,163,100921,100,100510,100,100992,100,100462,200,101139,100,100379,100,101180,100,99982,100,101189,100,99945,100,101193,100,99923,100
2019-06-28 09:56:20.000000000,100904,226,100854,226,100910,326,100805,226,100911,100,100693,100,100916,100,100597,100,100921,100,100510,100,100992,100,100462,200,101139,100,100379,100,101180,100,99982,100,101189,100,99945,100,101193,100,99923,100
2019-06-28 09:56:21.196139093,100904,126,100854,226,100910,326,100805,226,100911,100,100693,100,100916,100,100597,100,100921,100,100510,100,100992,100,100462,200,101139,100,100379,100,101180,100,99982,100,101189,100,99945,100,101193,100,99923,100
2019-06-28 09:56:23.641563764,100904,126,100854,226,100910,326,100805,226,100911,100,100693,100,100916,100,100597,100,100921,100,100510,100,100992,100,100462,200,101139,100,100379,100,101180,100,99982,100,101189,100,99945,100,101193,100,99923,100
2019-06-28 09:56:30.000000000,100910,286,100854,186,100911,183,100805,183,100916,183,100693,183,100921,100,100597,100,100992,100,100510,100,101139,100,100462,200,101180,100,100379,100,101189,100,99982,100,101193,100,99945,100,101209,100,99923,100
2019-06-28 09:56:40.000000000,100910,452,100854,352,100911,100,100805,100,100916,100,100693,100,100921,100,100597,100,100992,100,100510,100,101139,100,100462,200,101180,100,100379,100,101189,100,99982,100,101193,100,99945,100,101209,100,99923,100
2019-06-28 09:56:40.594599648,100910,452,100854,352,100911,100,100805,100,100916,100,100693,100,100921,100,100597,100,100992,100,100510,100,101139,100,100462,200,101180,100,100379,100,101193,100,99982,100,101209,100,99945,100,101510,100,99923,100
2019-06-28 09:56:50.000000000,100910,250,100854,150,100911,150,100805,150,100916,150,100693,150,100921,150,100597,150,100992,150,100510,150,101139,100,100462,200,101180,100,100379,100,101193,100,99982,100,101209,100,99945,100,101510,100,99923,100
2019-06-28 09:57:00.000000000,100910,263,100854,163,100911,163,100805,163,100916,163,100693,163,100921,163,100597,163,100992,100,100510,100,101139,100,100462,200,101180,100,100379,100,101193,100,99982,100,101209,100,99945,100,101510,100,99923,100
2019-06-28 09:57:10.000000000,100910,250,100854,150,100911,150,100805,150,100916,150,100693,150,100921,150,100597,150,100992,150,100510,150,101139,100,100462,200,101180,100,100379,100,101193,100,99982,100,101209,100,99945,100,101510,100,99923,100
2019-06-28 09:57:11.538618007,100910,150,100854,150,100911,150,100805,150,100916,150,100693,150,100921,150,100597,150,100992,150,100510,150,101139,100,100462,200,101180,100,100379,100,101193,100,99982,100,101209,100,99945,100,101510,100,99923,100
2019-06-28 09:57:14.993695852,100910,50,100855,100,100911,150,100854,150,100916,150,100805,150,100921,150,100693,150,100992,150,100597,150,101139,100,100510,150,101180,100,100462,200,101193,100,100379,100,101209,100,99982,100,101510,100,99945,100
2019-06-28 09:57:20.000000000,100911,226,100855,226,100916,226,100854,226,100921,100,100805,100,100992,100,100693,100,101139,100,100597,100,101180,100,100510,100,101193,100,100462,200,101209,100,100379,100,101510,100,99982,100,101526,100,99945,100
2019-06-28 09:57:30.000000000,100911,226,100855,226,100916,226,100854,226,100921,100,100805,100,100992,100,100693,100,101139,100,100597,100,101180,100,100510,100,101193,100,100462,200,101209,100,100379,100,101510,100,99982,100,101526,100,99945,100
2019-06-28 09:57:40.000000000,100911,226,100855,226,100916,226,100854,226,100921,100,100805,100,100992,100,100693,100,101139,100,100597,100,101180,100,100510,100,101193,100,100462,200,101209,100,100379,100,101510,100,99982,100,101526,100,99945,100
2019-06-28 09:57:41.991032185,100911,126,100855,226,100916,226,100854,226,100921,100,100805,100,100992,100,100693,100,101139,100,100597,100,101180,100,100510,100,101193,100,100462,200,101209,100,100379,100,101510,100,99982,100,101526,100,99945,100
2019-06-28 09:57:44.449553905,100911,26,100855,226,100916,226,100854,226,100921,100,100805,100,100992,100,100693,100,101139,100,100597,100,101180,100,100510,100,101193,100,100462,200,101209,100,100379,100,101510,100,99982,100,101526,100,99945,100
2019-06-28 09:57:45.527179903,100911,26,100855,226,100916,226,100854,226,100921,100,100805,100,100992,100,100693,100,101059,100,100597,100,101139,100,100510,100,101180,100,100462,200,101193,100,100379,100,101209,100,99982,100,101510,100,99923,100
2019-06-28 09:57:48.503132940,100911,26,100904,100,100916,226,100855,226,100921,100,100854,226,100992,100,100805,100,101059,100,100693,100,101139,100,100597,100,101180,100,100510,100,101193,100,100462,200,101209,100,100379,100,101510,100,99982,100
2019-06-28 09:57:50.000000000,100916,186,100904,186,100921,183,100855,183,100992,183,100854,183,101059,100,100805,100,101139,100,100693,100,101180,100,100597,100,101193,100,100510,100,101209,100,100462,200,101510,100,100379,100,101526,100,99982,100
2019-06-28 09:58:00.000000000,100916,352,100904,352,100921,100,100855,100,100992,100,100854,100,101059,100,100805,100,101139,100,100693,100,101180,100,100597,100,101193,100,100510,100,101209,100,100462,200,101510,100,100379,100,101526,100,99982,100
2019-06-28 09:58:08.488373833,100916,352,100904,352,100921,100,100855,100,100992,100,100854,100,101002,100,100805,100,101059,100,100693,100,101139,100,100597,100,101180,100,100510,100,101193,100,100462,200,101209,100,100379,100,101510,100,99982,100
2019-06-28 09:58:10.000000000,100916,226,100904,226,100921,226,100855,226,100992,100,100854,100,101002,100,100805,100,101059,100,100693,100,101139,100,100597,100,101180,100,100510,100,101193,100,100462,200,101209,100,100379,100,101510,100,99982,100
2019-06-28 09:58:20.000000000,100916,163,100904,163,100921,163,100855,163,100992,163,100854,163,101002,163,100805,163,101059,100,100693,100,101139,100,100597,100,101180,100,100510,100,101193,100,100462,200,101209,100,100379,100,101510,100,99982,100
2019-06-28 09:58:30.000000000,100916,163,100904,163,100921,163,100855,163,100992,163,100854,163,101002,163,100805,163,101059,100,100693,100,101139,100,100597,100,101180,100,100510,100,101193,100,100462,200,101209,100,100379,100,101510,100,99982,100
2019-06-28 09:58:37.537002759,100916,163,100904,63,100921,163,100855,163,100992,163,100854,163,101002,163,100805,163,101059,100,100693,100,101139,100,100597,100,101180,100,100510,100,101193,100,100462,200,101209,100,100379,100,101510,100,99982,100
2019-06-28 09:58:40.000000000,100916,163,100855,163,100921,163,100854,163,100992,163,100805,163,101002,163,100693,163,101059,100,100597,100,101139,100,100510,100,101180,100,100462,200,101193,100,100379,100,101209,100,99982,100,101510,100,99923,100
2019-06-28 09:58:44.457279653,100910,100,100855,163,100916,163,100854,163,100921,163,100805,163,100992,163,100693,163,101002,163,100597,100,101059,100,100510,100,101139,100,100462,100,101180,100,100379,100,101193,100,99982,100,101209,100,99923,100
2019-06-28 09:58:50.000000000,100910,163,100855,163,100916,163,100854,163,100921,163,100805,163,100992,163,100693,163,101002,100,100597,100,101059,100,100510,100,101139,100,100462,100,101180,100,100379,100,101193,100,99982,100,101209,100,99923,100
2019-06-28 09:58:59.397974132,100910,263,100855,163,100916,163,100854,163,100921,163,100805,163,100992,163,100693,163,101002,100,100597,100,101059,100,100510,100,101139,100,100462,100,101180,100,100379,100,101193,100,99982,100,101209,100,99923,100
2019-06-28 09:59:00.000000000,100910,452,100855,352,100916,100,100854,100,100921,100,100805,100,100992,100,100693,100,101002,100,100597,100,101059,100,100510,100,101139,100,100462,100,101180,100,100379,100,101193,100,99982,100,101209,100,99923,100
2019-06-28 09:59:04.248968845,100910,452,100905,100,100916,100,100855,352,100921,100,100854,100,100992,100,100805,100,101002,100,100693,100,101059,100,100597,100,101139,100,100510,100,101180,100,100462,100,101193,100,100379,100,101209,100,99982,100
2019-06-28 09:59:10.000000000,100910,263,100905,163,100916,163,100855,163,100921,163,100854,163,100992,163,100805,163,101002,100,100693,100,101059,100,100597,100,101139,100,100510,100,101180,100,100462,100,101193,100,100379,100,101209,100,99982,100
2019-06-28 09:59:14.159520505,100910,263,100905,263,100916,163,100855,163,100921,163,100854,163,100992,163,100805,163,101002,100,100693,100,101059,100,100597,100,101139,100,100510,100,101180,100,100462,100,101193,100,100379,100,101209,100,99982,100
2019-06-28 09:59:20.000000000,100910,286,100905,286,100916,183,100855,183,100921,183,100854,183,100992,100,100805,100,101002,100,100693,100,101059,100,100597,100,101139,100,100510,100,101180,100,100462,100,101193,100,100379,100,101209,100,99982,100
2019-06-28 09:59:20.932059777,100910,286,100905,286,100916,183,100855,183,100921,183,100854,183,100970,100,100805,100,100992,100,100693,100,101002,100,100597,100,101059,100,100510,100,101139,100,100462,100,101180,100,100379,100,101193,100,99982,100
2019-06-28 09:59:23.810608275,100910,386,100905,286,100916,183,100855,183,100921,183,100854,183,100970,100,100805,100,100992,100,100693,100,101002,100,100597,100,101059,100,100510,100,101139,100,100462,100,101180,100,100379,100,101193,100,99982,100
2019-06-28 09:59:30.000000000,100910,426,100905,326,100916,226,100855,226,100921,100,100854,100,100970,100,100805,100,100992,100,100693,100,101002,100,100597,100,101059,100,100510,100,101139,100,100462,100,101180,100,100379,100,101193,100,99982,100
2019-06-28 09:59:32.867478339,100910,326,100905,226,100916,226,100855,226,100921,100,100854,100,100970,100,100805,100,100992,100,100693,100,101002,100,100597,100,101059,100,100510,100,101139,100,100462,100,101180,100,100379,100,101193,100,99982,100
2019-06-28 09:59:40.000000000,100910,326,100905,226,100916,226,100855,226,100921,100,100854,100,100970,100,100805,100,100992,100,100693,100,101002,100,100597,100,101059,100,100510,100,101139,100,100462,100,101180,100,100379,100,101193,100,99982,100
2019-06-28 09:59:50.000000000,100910,326,100905,226,100916,226,100855,226,100921,100,100854,100,100970,100,100805,100,100992,100,100693,100,101002,100,100597,100,101059,100,100510,100,101139,100,100462,100,101180,100,100379,100,101193,100,99982,100
2019-06-28 09:59:57.940328327,100910,326,100905,226,100916,226,100855,226,100921,100,100854,100,100970,100,100805,100,100992,100,100693,100,101002,100,100597,100,101023,100,100510,100,101059,100,100462,100,101139,100,100379,100,101180,100,99982,100
2019-06-28 10:00:00.000000000,100910,250,100905,150,100916,150,100855,150,100921,150,100854,150,100970,150,100805,150,100992,150,100693,150,101002,100,100597,100,101023,100,100510,100,101059,100,100462,100,101139,100,100379,100,101180,100,99982,100
2019-06-28 10:00:02.630485863,100910,250,100905,150,100916,150,100855,150,100921,150,100854,150,100970,150,100805,150,100992,150,100693,150,101002,100,100597,100,101023,100,100538,100,101059,100,100510,100,101180,100,100462,100,101193,100,100379,100
2019-06-28 10:00:03.900318097,100910,250,100905,150,100916,150,100855,150,100921,150,100854,150,100970,150,100805,150,100992,150,100693,150,101002,100,100597,100,101023,100,100538,100,101025,100,100510,100,101059,100,100462,100,101180,100,100379,100
2019-06-28 10:00:10.000000000,100910,452,100905,352,100916,100,100855,100,100921,100,100854,100,100970,100,100805,100,100992,100,100693,100,101002,100,100597,100,101023,100,100538,100,101025,100,100510,100,101059,100,100462,100,101180,100,100379,100
2019-06-28 10:00:17.688961566,100910,452,100905,352,100916,100,100855,100,100921,100,100854,100,100970,100,100805,100,100992,100,100693,100,101002,100,100597,100,101023,100,100538,100,101025,100,100510,100,101059,100,100462,100,101180,100,100428,100
2019-06-28 10:00:20.000000000,100910,250,100905,150,100916,150,100855,150,100921,150,100854,150,100970,150,100805,150,100992,150,100693,150,101002,100,100597,100,101023,100,100538,100,101025,100,100510,100,101059,100,100462,100,101180,100,100428,100
2019-06-28 10:00:29.017467230,100910,250,100905,50,100916,150,100855,150,100921,150,100854,150,100970,150,100805,150,100992,150,100693,50,101002,100,100597,100,101023,100,100538,100,101025,100,100510,100,101059,100,100462,100,101180,100,100428,100
2019-06-28 10:00:30.000000000,100910,452,100855,352,100916,100,100854,100,100921,100,100805,100,100970,100,100597,100,100992,100,100538,100,101002,100,100510,100,101023,100,100462,100,101025,100,100428,100,101059,100,100379,100,101180,100,99982,100
2019-06-28 10:00:40.000000000,100910,326,100855,226,100916,226,100854,226,100921,100,100805,100,100970,100,100597,100,100992,100,100538,100,101002,100,100510,100,101023,100,100462,100,101025,100,100428,100,101059,100,100379,100,101180,100,99982,100
2019-06-28 10:00:48.830871118,100910,326,100855,226,100916,226,100854,226,100921,100,100805,100,100970,100,100707,100,100992,100,100597,100,101002,100,100538,100,101023,100,100510,100,101025,100,100462,100,101059,100,100428,100,101180,100,100379,100
2019-06-28 10:00:50.000000000,100910,326,100855,226,100916,226,100854,226,100921,100,100805,100,100970,100,100707,100,100992,100,100597,100,101002,100,100538,100,101023,100,100510,100,101025,100,100462,100,101059,100,100428,100,101180,100,100379,100
2019-06-28 10:01:00.000000000,100910,326,100855,226,100916,226,100854,226,100921,100,100805,100,100970,100,100707,100,100992,100,100597,100,101002,100,100538,100,101023,100,100510,100,101025,100,100462,100,101059,100,100428,100,101180,100,100379,100
2019-06-28 10:01:10.000000000,100910,452,100855,352,100916,100,100854,100,100921,100,100805,100,100970,100,100707,100,100992,100,100597,100,101002,100,100538,100,101023,100,100510,100,101025,100,100462,100,101059,100,100428,100,101180,100,100379,100
2019-06-28 10:01:20.000000000,100910,452,100855,352,100916,100,100854,100,100921,100,100805,100,100970,100,100707,100,100992,100,100597,100,101002,100,100538,100,101023,100,100510,100,101025,100,100462,100,101059,100,100428,100,101180,100,100379,100
2019-06-28 10:01:20.060858542,100910,452,100855,252,100916,100,100854,100,100921,100,100805,100,100970,100,100707,100,100992,100,100597,100,101023,100,100538,100,101025,100,100510,100,101059,100,100462,100,101180,100,100428,100,101193,100,100379,100
2019-06-28 10:01:30.000000000,100910,286,100854,186,100916,183,100805,183,100921,183,100707,183,100970,100,100597,100,100992,100,100538,100,101023,100,100510,100,101025,100,100462,100,101059,100,100428,100,101180,100,100379,100,101193,100,99982,100
2019-06-28 10:01:35.495414619,100910,286,100854,86,100916,183,100805,183,100921,183,100707,183,100970,100,100597,100,100992,100,100538,100,101023,100,100510,100,101025,100,100462,100,101059,100,100428,100,101180,100,100379,100,101193,100,99923,100
2019-06-28 10:01:40.000000000,100910,250,100805,150,100916,150,100707,150,100921,150,100597,150,100970,150,100538,150,100992,150,100510,150,101023,100,100462,100,101025,100,100428,100,101059,100,100379,100,101180,100,99923,100,101193,100,99922,100
2019-06-28 10:01:50.000000000,100910,250,100805,150,100916,150,100707,150,100921,150,100597,150,100970,150,100538,150,100992,150,100510,150,101023,100,100462,100,101025,100,100428,100,101059,100,100379,100,101180,100,99923,100,101193,100,99922,100
2019-06-28 10:02:00.000000000,100910,250,100805,150,100916,150,100707,150,100921,150,100597,150,100970,150,100538,150,100992,150,100510,150,101023,100,100462,100,101025,100,100428,100,101059,100,100379,100,101180,100,99923,100,101193,100,99922,100
2019-06-28 10:02:07.725538812,100910,250,100805,50,100916,50,100707,150,100921,150,100597,150,100970,150,100538,150,100992,150,100510,150,101023,100,100462,100,101025,100,100428,100,101059,100,100379,100,101180,100,99923,100,101193,100,99922,100
2019-06-28 10:02:10.000000000,100910,250,100707,150,100921,150,100597,150,100970,150,100538,150,100992,150,100510,150,101023,150,100462,150,101025,100,100428,100,101059,100,100379,100,101180,100,99923,100,101193,100,99922,100,101209,100,99889,100
2019-06-28 10:02:20.000000000,100910,263,100707,163,100921,163,100597,163,100970,163,100538,163,100992,163,100510,163,101023,100,100462,100,101025,100,100428,100,101059,100,100379,100,101180,100,99923,100,101193,100,99922,100,101209,100,99889,100
2019-06-28 10:02:25.913202573,100910,263,100707,163,100921,163,100597,163,100970,163,100538,163,100992,163,100510,163,101023,100,100462,100,101025,100,100428,100,101059,100,100379,100,101180,100,100372,100,101193,100,99923,100,101209,100,99922,100
2019-06-28 10:02:30.000000000,100910,326,100707,226,100921,226,100597,226,100970,100,100538,100,100992,100,100510,100,101023,100,100462,100,101025,100,100428,100,101059,100,100379,100,101180,100,100372,100,101193,100,99923,100,101209,100,99922,100
2019-06-28 10:02:37.831390579,100910,326,100707,126,100921,226,100597,226,100970,100,100538,100,100992,100,100510,100,101023,100,100462,100,101025,100,100428,100,101059,100,100379,100,101180,100,100372,100,101193,100,99923,100,101209,100,99922,100
2019-06-28 10:02:40.000000000,100910,250,100597,150,100921,150,100538,150,100970,150,100510,150,100992,150,100462,150,101023,150,100428,150,101025,100,100379,100,101059,100,100372,100,101180,100,99923,100,101193,100,99922,100,101209,100,99889,100
2019-06-28 10:02:49.510786362,100910,250,100597,150,100921,150,100538,150,100970,150,100510,150,100992,150,100462,150,101023,150,100428,150,101025,100,100379,100,101059,100,100372,100,101180,100,100293,100,101193,100,99923,100,101209,100,99922,100
2019-06-28 10:02:50.000000000,100910,286,100597,186,100921,183,100538,183,100970,183,100510,183,100992,100,100462,100,101023,100,100428,100,101025,100,100379,100,101059,100,100372,100,101180,100,100293,100,101193,100,99923,100,101209,100,99922,100
2019-06-28 10:02:50.539111893,100910,286,100597,186,100921,183,100538,183,100970,183,100510,183,100992,100,100462,100,101023,100,100428,100,101025,100,100379,100,101059,100,100372,100,101193,100,100293,100,101209,100,100205,100,101510,100,99923,100
2019-06-28 10:02:51.957425494,100910,286,100597,86,100921,183,100538,183,100970,183,100510,183,100992,100,100462,100,101023,100,100428,100,101059,100,100379,100,101193,100,100372,100,101209,100,100293,100,101510,100,100205,100,101526,100,99923,100
2019-06-28 10:03:00.000000000,100910,326,100538,226,100921,226,100510,226,100970,100,100462,100,100992,100,100428,100,101023,100,100379,100,101059,100,100372,100,101193,100,100293,100,101209,100,100205,100,101510,100,99923,100,101526,100,99922,100
2019-06-28 10:03:07.892888395,100605,100,100538,226,100910,326,100510,226,100921,226,100462,100,100970,100,100428,100,100992,100,100379,100,101023,100,100372,100,101059,100,100293,100,101193,100,100205,100,101209,100,99923,100,101510,100,99922,100
2019-06-28 10:03:08.741291420,100605,100,100538,126,100910,326,100510,226,100921,226,100462,100,100970,100,100428,100,100992,100,100379,100,101023,100,100372,100,101059,100,100293,100,101193,100,100205,100,101209,100,99923,100,101510,100,99922,100
2019-06-28 10:03:10.000000000,100605,163,100510,163,100910,263,100462,163,100921,163,100428,163,100970,163,100379,163,100992,100,100372,100,101023,100,100293,100,101059,100,100205,100,101193,100,99923,100,101209,100,99922,100,101510,100,99889,100
2019-06-28 10:03:13.218007478,100605,163,100510,63,100910,263,100462,163,100921,163,100428,163,100970,163,100379,163,100992,100,100372,100,101023,100,100293,100,101059,100,100205,100,101193,100,99923,100,101209,100,99922,100,101510,100,99889,100
2019-06-28 10:03:20.000000000,100605,150,100462,150,100910,250,100428,150,100921,150,100379,150,100970,150,100372,150,100992,150,100293,150,101023,100,100205,100,101059,100,99923,100,101193,100,99922,100,101209,100,99889,100,101510,100,99873,100
2019-06-28 10:03:30.000000000,100605,163,100462,163,100910,263,100428,163,100921,163,100379,163,100970,163,100372,163,100992,100,100293,100,101023,100,100205,100,101059,100,99923,100,101193,100,99922,100,101209,100,99889,100,101510,100,99873,100
2019-06-28 10:03:39.687978522,100605,163,100462,63,100910,263,100428,163,100921,163,100379,163,100970,163,100372,163,100992,100,100293,100,101023,100,100205,100,101059,100,99923,100,101193,100,99922,100,101209,100,99889,100,101510,100,99873,100
2019-06-28 10:03:40.000000000,100605,150,100428,150,100910,250,100379,150,100921,150,100372,150,100970,150,100293,150,100992,150,100205,150,101023,100,99923,100,101059,100,99922,100,101193,100,99889,100,101209,100,99873,100,101510,100,,
2019-06-28 10:03:50.000000000,100605,352,100428,352,100910,200,100379,100,100921,100,100372,100,100970,100,100293,100,100992,100,100205,100,101023,100,99923,100,101059,100,99922,100,101193,100,99889,100,101209,100,99873,100,101510,100,,
2019-06-28 10:04:00.000000000,100605,352,100428,352,100910,200,100379,100,100921,100,100372,100,100970,100,100293,100,100992,100,100205,100,101023,100,99923,100,101059,100,99922,100,101193,100,99889,100,101209,100,99873,100,101510,100,,
2019-06-28 10:04:05.866212125,100605,352,100428,352,100910,200,100379,100,100921,100,100372,100,100970,100,100293,100,100992,100,100205,100,101023,100,100176,100,101059,100,99923,100,101193,100,99922,100,101209,100,99889,100,101526,100,99873,100
2019-06-28 10:04:10.000000000,100605,163,100428,163,100910,263,100379,163,100921,163,100372,163,100970,163,100293,163,100992,100,100205,100,101023,100,100176,100,101059,100,99923,100,101193,100,99922,100,101209,100,99889,100,101526,100,99873,100
2019-06-28 10:04:19.141075201,100510,100,100428,163,100605,163,100379,163,100910,263,100372,163,100921,163,100293,163,100970,163,100205,100,100992,100,100176,100,101023,100,99923,100,101059,100,99922,100,101193,100,99889,100,101209,100,99873,100
2019-06-28 10:04:20.000000000,100510,352,100428,352,100605,100,100379,100,100910,200,100372,100,100921,100,100293,100,100970,100,100205,100,100992,100,100176,100,101023,100,99923,100,101059,100,99922,100,101193,100,99889,100,101209,100,99873,100
2019-06-28 10:04:30.000000000,100510,352,100428,352,100605,100,100379,100,100910,200,100372,100,100921,100,100293,100,100970,100,100205,100,100992,100,100176,100,101023,100,99923,100,101059,100,99922,100,101193,100,99889,100,101209,100,99873,100
2019-06-28 10:04:40.000000000,100510,226,100428,226,100605,226,100379,226,100910,200,100372,100,100921,100,100293,100,100970,100,100205,100,100992,100,100176,100,101023,100,99923,100,101059,100,99922,100,101193,100,99889,100,101209,100,99873,100
2019-06-28 10:04:48.504471015,100510,326,100428,226,100605,226,100379,226,100910,200,100372,100,100921,100,100293,100,100970,100,100205,100,100992,100,100176,100,101023,100,99923,100,101059,100,99922,100,101193,100,99889,100,101209,100,99873,100
2019-06-28 10:04:50.000000000,100510,286,100428,186,100605,183,100379,183,100910,283,100372,183,100921,100,100293,100,100970,100,100205,100,100992,100,100176,100,101023,100,99923,100,101059,100,99922,100,101193,100,99889,100,101209,100,99873,100
2019-06-28 10:05:00.000000000,100510,452,100428,352,100605,100,100379,100,100910,200,100372,100,100921,100,100293,100,100970,100,100205,100,100992,100,100176,100,101023,100,99923,100,101059,100,99922,100,101193,100,99889,100,101209,100,99873,100
2019-06-28 10:05:06.181733497,100510,452,100428,252,100605,100,100379,100,100910,200,100372,100,100970,100,100293,100,100992,100,100205,100,101023,100,100176,100,101059,100,99923,100,101193,100,99922,100,101209,100,99889,100,101526,100,99873,100
2019-06-28 10:05:10.000000000,100510,286,100379,186,100605,183,100372,183,100910,283,100293,183,100970,100,100205,100,100992,100,100176,100,101023,100,99923,100,101059,100,99922,100,101193,100,99889,100,101209,100,99873,100,101526,100,,
2019-06-28 10:05:20.000000000,100510,326,100379,226,100605,226,100372,226,100910,200,100293,100,100970,100,100205,100,100992,100,100176,100,101023,100,99923,100,101059,100,99922,100,101193,100,99889,100,101209,100,99873,100,101526,100,,
2019-06-28 10:05:21.833903956,100510,326,100379,226,100605,226,100372,126,100910,200,100293,100,100970,100,100205,100,100992,100,100176,100,101023,100,100145,100,101059,100,99923,100,101193,100,99922,100,101209,100,99889,100,101526,100,99873,100
2019-06-28 10:05:23.023053746,100510,326,100379,126,100605,226,100372,126,100910,200,100293,100,100970,100,100205,100,100992,100,100176,100,101023,100,100145,100,101059,100,99923,100,101193,100,99922,100,101209,100,99889,100,101526,100,99873,100
2019-06-28 10:05:30.000000000,100510,326,100293,226,100605,226,100205,226,100910,200,100176,100,100970,100,100145,100,100992,100,99923,100,101023,100,99922,100,101059,100,99889,100,101193,100,99873,100,101209,100,,,101526,100,,
2019-06-28 10:05:40.000000000,100510,286,100293,186,100605,183,100205,183,100910,283,100176,183,100970,100,100145,100,100992,100,99923,100,101023,100,99922,100,101059,100,99889,100,101193,100,99873,100,101209,100,,,101526,100,,
2019-06-28 10:05:50.000000000,100510,452,100293,352,100605,100,100205,100,100910,200,100176,100,100970,100,100145,100,100992,100,99923,100,101023,100,99922,100,101059,100,99889,100,101193,100,99873,100,101209,100,,,101526,100,,
2019-06-28 10:06:00.000000000,100510,250,100293,150,100605,150,100205,150,100910,250,100176,150,100970,150,100145,150,100992,150,99923,150,101023,100,99922,100,101059,100,99889,100,101193,100,99873,100,101209,100,,,101526,100,,
2019-06-28 10:06:10.000000000,100510,326,100293,226,100605,226,100205,226,100910,200,100176,100,100970,100,100145,100,100992,100,99923,100,101023,100,99922,100,101059,100,99889,100,101193,100,99873,100,101209,100,,,101526,100,,
2019-06-28 10:06:20.000000000,100510,250,100293,150,100605,150,100205,150,100910,250,100176,150,100970,150,100145,150,100992,150,99923,150,101023,100,99922,100,101059,100,99889,100,101193,100,99873,100,101209,100,,,101526,100,,
2019-06-28 10:06:30.000000000,100510,286,100293,186,100605,183,100205,183,100910,283,100176,183,100970,100,100145,100,100992,100,99923,100,101023,100,99922,100,101059,100,99889,100,101193,100,99873,100,101209,100,,,101526,100,,
