,ask_price_1,ask_size_1,bid_price_1,bid_size_1,ask_price_2,ask_size_2,bid_price_2,bid_size_2,ask_price_3,ask_size_3,bid_price_3,bid_size_3,ask_price_4,ask_size_4,bid_price_4,bid_size_4,ask_price_5,ask_size_5,bid_price_5,bid_size_5,ask_price_6,ask_size_6,bid_price_6,bid_size_6,ask_price_7,ask_size_7,bid_price_7,bid_size_7,ask_price_8,ask_size_8,bid_price_8,bid_size_8,ask_price_9,ask_size_9,bid_price_9,bid_size_9,ask_price_10,ask_size_10,bid_price_10,bid_size_10
2019-06-28 09:30:00.000000001,100116,100,99893,100,,,,,,,,,,,,,,,,,,,,,,,,,,,,,,,,,,,,
2019-06-28 09:30:00.000000002,100116,100,99893,100,,,99847,100,,,,,,,,,,,,,,,,,,,,,,,,,,,,,,,,
2019-06-28 09:30:00.000000006,99970,100,99893,100,100021,100,99847,100,100116,100,,,,,,,,,,,,,,,,,,,,,,,,,,,,,,
2019-06-28 09:30:00.000000007,99970,100,99893,100,100021,100,99847,100,100116,100,,,100124,100,,,,,,,,,,,,,,,,,,,,,,,,,,
2019-06-28 09:30:00.000000009,99970,100,99893,100,100021,100,99847,100,100089,100,,,100116,100,,,100124,100,,,,,,,,,,,,,,,,,,,,,,
2019-06-28 09:30:00.000000010,99970,100,99893,100,100021,100,99847,100,100089,100,99837,100,100116,100,,,100120,100,,,100124,100,,,,,,,,,,,,,,,,,,
2019-06-28 09:30:00.000000012,99970,100,99893,100,100021,100,99889,100,100050,100,99847,100,100064,100,99837,100,100089,100,,,100104,100,,,100116,100,,,100120,100,,,100124,100,,,,,,
2019-06-28 09:30:00.000000015,100021,100,99893,100,100050,100,99889,100,100064,100,99847,100,100089,100,99837,100,100104,100,,,100116,100,,,100120,100,,,100124,100,,,,,,,,,,
2019-06-28 09:30:00.000000016,100021,100,99948,100,100050,100,99893,100,100064,100,99889,100,100089,100,99847,100,100104,100,99837,100,100116,100,,,100120,100,,,100124,100,,,,,,,,,,
2019-06-28 09:30:00.000000017,100021,100,99948,100,100050,100,99893,100,100064,100,99889,100,100089,100,99847,100,100104,100,99842,100,100116,100,99837,100,100120,100,,,100124,100,,,,,,,,,,
2019-06-28 09:30:00.000000019,100021,100,99964,100,100050,100,99948,100,100064,100,99893,100,100089,100,99889,100,100095,100,99847,100,100104,100,99842,100,100116,100,99837,100,100120,100,,,100124,100,,,,,,
2019-06-28 09:30:00.000000020,100050,100,99970,100,100064,100,99964,100,100089,100,99948,100,100095,100,99893,100,100104,100,99889,100,100116,100,99847,100,100120,100,99842,100,100124,100,99837,100,,,,,,,,
2019-06-28 09:30:00.000000022,100021,100,99970,100,100050,100,99964,100,100064,100,99948,100,100089,100,99893,100,100095,100,99889,100,100104,100,99847,100,100116,100,99842,100,100120,100,99837,100,100124,100,,,,,,
2019-06-28 09:30:00.000000025,100021,100,99970,100,100050,100,99964,100,100064,100,99948,100,100089,100,99893,100,100095,100,99889,100,100104,100,99847,100,100105,100,99842,100,100116,100,99837,100,100120,100,,,100124,100,,
2019-06-28 09:30:00.000000027,100050,100,99970,100,100064,100,99964,100,100089,100,99948,100,100095,100,99893,100,100104,100,99889,100,100105,100,99847,100,100116,100,99842,100,100120,100,99837,100,100124,100,,,,,,
2019-06-28 09:30:00.000000028,100064,100,99970,100,100089,100,99964,100,100095,100,99948,100,100104,100,99893,100,100105,100,99889,100,100116,100,99847,100,100120,100,99842,100,100124,100,99837,100,,,,,,,,
2019-06-28 09:30:00.000000029,100064,100,99970,100,100089,100,99964,100,100095,100,99948,100,100104,100,99893,100,100105,100,99889,100,100116,100,99851,100,100120,100,99847,100,100124,100,99842,100,,,99837,100,,,,
2019-06-28 09:30:00.000000030,100064,100,99970,100,100083,100,99964,100,100089,100,99948,100,100095,100,99893,100,100104,100,99889,100,100105,100,99851,100,100116,100,99847,100,100120,100,99842,100,100124,100,99837,100,,,,
2019-06-28 09:30:00.000000033,100064,100,99989,100,100083,100,99970,100,100089,100,99964,100,100095,100,99948,100,100104,100,99893,100,100105,100,99889,100,100116,100,99851,100,100120,100,99847,100,100124,100,99842,100,,,99837,100
2019-06-28 09:30:00.000000035,100064,100,99989,100,100083,100,99970,100,100089,100,99964,100,100095,100,99948,100,100104,100,99893,100,100105,100,99889,100,100116,100,99871,100,100120,100,99851,100,100124,100,99847,100,,,99842,100
2019-06-28 09:30:00.000000036,100064,100,100021,100,100083,100,99989,100,100089,100,99970,100,100095,100,99964,100,100104,100,99948,100,100105,100,99893,100,100116,100,99889,100,100120,100,99871,100,100124,100,99851,100,100177,100,99847,100
2019-06-28 09:30:00.000000038,100064,100,100021,100,100083,100,99989,100,100089,100,99970,100,100095,100,99964,100,100104,100,99948,100,100105,100,99893,100,100116,100,99889,100,100120,100,99871,100,100124,100,99851,100,100147,100,99847,100
2019-06-28 09:30:00.000000039,100064,100,99989,100,100083,100,99970,100,100089,100,99964,100,100095,100,99948,100,100104,100,99893,100,100105,100,99889,100,100116,100,99871,100,100120,100,99851,100,100124,100,99847,100,100147,100,99842,100
2019-06-28 09:30:00.000000040,100064,100,99989,100,100083,100,99970,100,100089,200,99964,100,100095,100,99948,100,100104,100,99893,100,100105,100,99889,100,100116,100,99871,100,100120,100,99851,100,100124,100,99847,100,100147,100,99842,100
2019-06-28 09:30:00.000000041,100064,100,99970,100,100083,100,99964,100,100089,200,99948,100,100095,100,99893,100,100104,100,99889,100,100105,100,99871,100,100116,100,99851,100,100120,100,99847,100,100124,100,99842,100,100147,100,99837,100
2019-06-28 09:30:00.000000042,99977,100,99970,100,100064,100,99964,100,100083,100,99948,100,100089,200,99893,100,100095,100,99889,100,100104,100,99871,100,100105,100,99851,100,100116,100,99847,100,100120,100,99842,100,100124,100,99837,100
2019-06-28 09:30:00.000000044,100064,100,99970,100,100083,100,99964,100,100089,200,99948,100,100095,100,99928,100,100104,100,99893,100,100105,100,99889,100,100116,100,99871,100,100120,100,99851,100,100124,100,99847,100,100147,100,99842,100
2019-06-28 09:30:00.000000047,100064,100,99970,100,100083,100,99964,100,100089,200,99954,100,100095,100,99948,100,100104,100,99928,100,100105,100,99893,100,100116,100,99889,100,100120,100,99871,100,100124,100,99851,100,100147,100,99847,100
2019-06-28 09:30:00.000000049,100064,100,99970,100,100083,100,99964,100,100089,200,99954,100,100095,100,99948,100,100104,100,99939,100,100105,100,99928,100,100116,100,99893,100,100120,100,99889,100,100124,100,99871,100,100147,100,99851,100
2019-06-28 09:30:00.000000050,100054,100,99970,100,100064,100,99964,100,100083,100,99954,100,100089,200,99948,100,100095,100,99939,100,100104,100,99928,100,100105,100,99893,100,100116,100,99889,100,100120,100,99871,100,100124,100,99851,100
2019-06-28 09:30:00.000000051,100054,100,99970,100,100064,100,99964,100,100083,100,99954,100,100089,200,99948,100,100095,100,99939,100,100104,100,99928,100,100105,100,99893,100,100116,100,99889,100,100120,100,99871,100,100124,100,99851,100
2019-06-28 09:30:00.000000057,100054,100,99970,100,100064,100,99965,100,100083,100,99964,100,100089,200,99954,100,100095,100,99948,100,100104,100,99939,100,100105,100,99928,100,100116,100,99893,100,100120,100,99889,100,100124,100,99871,100
2019-06-28 09:30:00.000000058,100054,100,99970,100,100064,100,99965,100,100083,100,99964,100,100089,200,99954,100,100095,100,99948,100,100104,100,99939,100,100105,100,99928,100,100116,100,99893,100,100120,100,99889,100,100124,200,99871,100
2019-06-28 09:30:00.000000059,100054,100,99970,100,100064,100,99968,100,100083,100,99965,100,100089,200,99964,100,100095,100,99954,100,100104,100,99948,100,100105,100,99944,100,100116,100,99939,100,100120,100,99928,100,100124,200,99923,100
2019-06-28 09:30:00.000000060,100054,100,99970,100,100064,100,99968,100,100083,100,99965,100,100089,200,99964,100,100095,100,99954,100,100104,100,99948,100,100105,100,99944,100,100116,100,99939,100,100120,100,99928,100,100124,200,99923,100
2019-06-28 09:30:00.000000063,99989,100,99970,100,100054,100,99968,100,100064,100,99965,100,100083,100,99964,100,100089,200,99954,100,100095,100,99948,100,100104,100,99944,100,100105,100,99939,100,100116,100,99928,100,100120,100,99923,100
2019-06-28 09:30:00.000000067,99989,100,99970,100,100054,100,99968,100,100064,100,99965,100,100083,100,99964,100,100089,200,99954,100,100095,100,99948,100,100104,100,99944,100,100105,100,99940,100,100112,100,99939,100,100116,100,99928,100
2019-06-28 09:30:00.000000068,99989,200,99970,100,100031,100,99968,100,100054,100,99965,100,100064,100,99964,100,100083,100,99954,100,100089,200,99948,100,100095,100,99944,100,100104,100,99940,100,100105,100,99939,100,100112,100,99928,100
2019-06-28 09:30:00.000000071,99989,200,99970,100,100031,100,99968,100,100054,100,99965,100,100064,100,99964,100,100083,100,99954,100,100089,200,99948,100,100095,100,99944,100,100104,100,99940,100,100105,100,99939,100,100112,100,99928,100
2019-06-28 09:30:00.000000073,99989,200,99977,100,100031,100,99970,100,100054,100,99968,100,100064,100,99965,100,100083,100,99964,100,100089,200,99954,100,100095,100,99948,100,100104,100,99944,100,100105,100,99940,100,100112,100,99939,100
2019-06-28 09:30:00.000000076,99989,200,99977,100,100031,100,99970,100,100054,100,99968,100,100064,100,99965,100,100075,100,99964,100,100083,100,99954,100,100089,200,99948,100,100095,100,99944,100,100104,100,99940,100,100105,100,99939,100
2019-06-28 09:30:00.000000080,99989,200,99977,100,100031,200,99970,100,100054,100,99968,100,100064,100,99965,100,100075,100,99964,100,100083,100,99954,100,100089,200,99948,100,100095,100,99944,100,100104,100,99940,100,100105,100,99939,100
2019-06-28 09:30:00.000000083,99989,300,99977,100,100031,200,99970,100,100054,100,99968,100,100064,100,99965,100,100075,100,99964,100,100083,100,99954,100,100089,200,99948,100,100095,100,99944,100,100104,100,99940,100,100105,100,99939,100
2019-06-28 09:30:00.000000084,99989,300,99970,100,100031,200,99968,100,100054,100,99965,100,100064,100,99964,100,100075,100,99954,100,100083,100,99948,100,100089,200,99944,100,100095,100,99940,100,100104,100,99939,100,100105,100,99928,100
2019-06-28 09:30:00.000000085,99989,300,99970,100,100031,200,99968,100,100054,100,99965,100,100064,100,99964,100,100075,100,99954,100,100083,100,99948,100,100089,200,99944,100,100095,100,99940,100,100104,100,99939,100,100105,100,99928,100
2019-06-28 09:30:00.000000088,99989,200,99970,100,100031,200,99968,100,100054,100,99965,100,100064,100,99964,100,100075,100,99954,100,100083,100,99948,100,100089,200,99944,100,100095,100,99940,100,100104,100,99939,100,100105,100,99928,100
2019-06-28 09:30:00.000000090,99988,100,99970,100,99989,200,99968,100,100031,200,99965,100,100054,100,99964,100,100064,100,99954,100,100075,100,99948,100,100083,100,99944,100,100089,200,99940,100,100095,100,99939,100,100104,100,99928,100
2019-06-28 09:30:00.000000093,99988,100,99970,100,99989,200,99968,100,100031,200,99965,100,100054,100,99964,100,100064,100,99954,100,100075,100,99948,100,100083,100,99944,100,100089,200,99940,100,100095,100,99939,100,100104,100,99928,100
2019-06-28 09:30:00.000000094,99988,100,99987,100,99989,200,99970,100,100031,200,99968,100,100054,100,99965,100,100064,100,99964,100,100075,100,99954,100,100083,100,99948,100,100089,200,99944,100,100095,100,99940,100,100104,100,99939,100
2019-06-28 09:30:00.000000096,99988,100,99987,100,99989,200,99970,100,100031,200,99968,100,100054,100,99965,100,100064,100,99964,100,100075,100,99957,100,100083,100,99954,100,100089,200,99948,100,100095,100,99944,100,100104,100,99940,100
2019-06-28 09:30:00.543334302,99988,100,99987,100,99989,200,99977,100,100031,200,99970,100,100054,100,99968,100,100064,100,99965,100,100075,100,99964,100,100083,100,99957,100,100089,100,99954,100,100095,100,99948,100,100104,100,99944,100
2019-06-28 09:30:10.000000000,99988,214,99987,214,99989,314,99977,214,100031,314,99970,214,100054,214,99968,214,100064,100,99965,100,100075,100,99964,100,100083,100,99957,100,100089,100,99954,100,100095,100,99948,100,100104,100,99944,100
2019-06-28 09:30:20.000000000,99988,191,99987,191,99989,291,99977,191,100031,291,99970,191,100054,191,99968,191,100064,191,99965,191,100075,100,99964,100,100083,100,99957,100,100089,100,99954,100,100095,100,99948,100,100104,100,99944,100
2019-06-28 09:30:23.305722449,99988,191,99987,191,99989,291,99977,291,100031,291,99970,191,100054,191,99968,191,100064,191,99965,191,100075,100,99964,100,100083,100,99957,100,100089,100,99954,100,100095,100,99948,100,100104,100,99944,100
2019-06-28 09:30:30.000000000,99988,255,99987,255,99989,350,99977,350,100031,350,99970,250,100054,100,99968,100,100064,100,99965,100,100075,100,99964,100,100083,100,99957,100,100089,100,99954,100,100095,100,99948,100,100104,100,99944,100
2019-06-28 09:30:35.232890253,99988,155,99987,255,99989,350,99977,350,100031,350,99970,250,100054,100,99968,100,100064,100,99965,100,100075,100,99964,100,100083,100,99957,100,100089,100,99954,100,100095,100,99948,100,100104,100,99944,100
2019-06-28 09:30:39.738108163,99988,55,99987,255,99989,350,99977,350,100031,350,99970,250,100054,100,99968,100,100064,100,99965,100,100075,100,99964,100,100083,100,99957,100,100089,100,99954,100,100095,100,99948,100,100104,100,99944,100
2019-06-28 09:30:40.000000000,99989,291,99987,191,100031,291,99977,291,100054,191,99970,191,100064,191,99968,191,100075,191,99965,191,100083,100,99964,100,100089,100,99957,100,100095,100,99954,100,100104,100,99948,100,100105,100,99944,100
2019-06-28 09:30:50.000000000,99989,355,99987,255,100031,350,99977,350,100054,250,99970,250,100064,100,99968,100,100075,100,99965,100,100083,100,99964,100,100089,100,99957,100,100095,100,99954,100,100104,100,99948,100,100105,100,99944,100
2019-06-28 09:30:52.569667321,99989,255,99987,255,100031,350,99977,350,100054,250,99970,250,100064,100,99968,100,100075,100,99965,100,100083,100,99964,100,100089,100,99957,100,100095,100,99954,100,100104,100,99948,100,100105,100,99940,100
2019-06-28 09:31:00.000000000,99989,214,99987,214,100031,314,99977,314,100054,214,99970,214,100064,214,99968,214,100075,100,99965,100,100083,100,99964,100,100089,100,99957,100,100095,100,99954,100,100104,100,99948,100,100105,100,99940,100
2019-06-28 09:31:10.000000000,99989,556,99987,556,100031,200,99977,200,100054,100,99970,100,100064,100,99968,100,100075,100,99965,100,100083,100,99964,100,100089,100,99957,100,100095,100,99954,100,100104,100,99948,100,100105,100,99940,100
2019-06-28 09:31:20.000000000,99989,191,99987,191,100031,291,99977,291,100054,191,99970,191,100064,191,99968,191,100075,191,99965,191,100083,100,99964,100,100089,100,99957,100,100095,100,99954,100,100104,100,99948,100,100105,100,99940,100
2019-06-28 09:31:26.511498315,99989,91,99987,191,100031,291,99977,291,100054,191,99970,191,100064,191,99968,191,100075,191,99965,191,100083,100,99964,100,100089,100,99957,100,100095,100,99954,100,100104,100,99948,100,100105,100,99940,100
2019-06-28 09:31:30.000000000,100031,314,99987,214,100054,214,99977,314,100064,214,99970,214,100075,214,99968,214,100083,100,99965,100,100089,100,99964,100,100095,100,99957,100,100104,100,99954,100,100105,100,99948,100,100112,100,99940,100
2019-06-28 09:31:34.854121319,100031,314,99987,114,100054,214,99977,314,100064,214,99970,214,100075,214,99968,214,100083,100,99965,100,100095,100,99964,100,100104,100,99957,100,100105,100,99954,100,100112,100,99948,100,100116,100,99940,100
2019-06-28 09:31:39.223247956,100031,314,99987,14,100054,214,99977,314,100064,214,99970,214,100075,214,99968,214,100083,100,99965,100,100095,100,99964,100,100104,100,99957,100,100105,100,99954,100,100112,100,99948,100,100116,100,99940,100
2019-06-28 09:31:39.811155574,100031,314,99987,14,100054,214,99977,314,100064,214,99970,214,100075,214,99968,214,100083,100,99965,100,100095,100,99964,100,100104,100,99957,100,100105,100,99954,100,100112,100,99940,100,100116,100,99939,100
2019-06-28 09:31:40.000000000,100031,428,99977,428,100054,328,99970,328,100064,100,99968,100,100075,100,99965,100,100083,100,99964,100,100095,100,99957,100,100104,100,99954,100,100105,100,99940,100,100112,100,99939,100,100116,100,99923,100
2019-06-28 09:31:50.000000000,100031,314,99977,314,100054,214,99970,214,100064,214,99968,214,100075,214,99965,214,100083,100,99964,100,100095,100,99957,100,100104,100,99954,100,100105,100,99940,100,100112,100,99939,100,100116,100,99923,100
2019-06-28 09:31:57.562378117,100031,314,99977,314,100054,214,99970,214,100064,214,99968,214,100075,214,99965,214,100083,100,99964,100,100095,100,99957,100,100104,100,99954,100,100105,100,99940,100,100112,100,99939,100,100116,100,99923,100
2019-06-28 09:32:00.000000000,100031,656,99977,656,100054,100,99970,100,100064,100,99968,100,100075,100,99965,100,100083,100,99964,100,100095,100,99957,100,100104,100,99954,100,100105,100,99940,100,100112,100,99939,100,100116,100,99923,100
2019-06-28 09:32:08.641475353,100031,656,99977,556,100054,100,99970,100,100064,100,99968,100,100075,100,99965,100,100083,100,99964,100,100095,100,99957,100,100104,100,99954,100,100105,100,99940,100,100112,100,99939,100,100116,100,99923,100
2019-06-28 09:32:10.000000000,100031,656,99977,556,100054,100,99970,100,100064,100,99968,100,100075,100,99965,100,100083,100,99964,100,100095,100,99957,100,100104,100,99954,100,100105,100,99940,100,100112,100,99939,100,100116,100,99923,100
2019-06-28 09:32:20.000000000,100031,291,99977,191,100054,191,99970,191,100064,191,99968,191,100075,191,99965,191,100083,191,99964,191,100095,100,99957,100,100104,100,99954,100,100105,100,99940,100,100112,100,99939,100,100116,100,99923,100
2019-06-28 09:32:29.991411032,100031,291,99977,191,100054,191,99970,191,100064,191,99968,191,100075,191,99965,191,100083,191,99964,191,100095,100,99957,100,100104,100,99954,100,100105,100,99940,100,100112,100,99939,100,100116,100,99923,100
2019-06-28 09:32:30.000000000,100031,291,99977,191,100054,191,99970,191,100064,191,99968,191,100075,191,99965,191,100083,191,99964,191,100095,100,99957,100,100104,100,99954,100,100105,100,99940,100,100112,100,99939,100,100116,100,99923,100
2019-06-28 09:32:40.000000000,100031,314,99977,214,100054,214,99970,214,100064,214,99968,214,100075,214,99965,214,100083,100,99964,100,100095,100,99957,100,100104,100,99954,100,100105,100,99940,100,100112,100,99939,100,100116,100,99923,100
2019-06-28 09:32:50.000000000,100031,428,99977,328,100054,328,99970,328,100064,100,99968,100,100075,100,99965,100,100083,100,99964,100,100095,100,99957,100,100104,100,99954,100,100105,100,99940,100,100112,100,99939,100,100116,100,99923,100
2019-06-28 09:33:00.000000000,100031,314,99977,214,100054,214,99970,214,100064,214,99968,214,100075,214,99965,214,100083,100,99964,100,100095,100,99957,100,100104,100,99954,100,100105,100,99940,100,100112,100,99939,100,100116,100,99923,100
2019-06-28 09:33:10.000000000,100031,314,99977,214,100054,214,99970,214,100064,214,99968,214,100075,214,99965,214,100083,100,99964,100,100095,100,99957,100,100104,100,99954,100,100105,100,99940,100,100112,100,99939,100,100116,100,99923,100
2019-06-28 09:33:20.000000000,100031,656,99977,556,100054,100,99970,100,100064,100,99968,100,100075,100,99965,100,100083,100,99964,100,100095,100,99957,100,100104,100,99954,100,100105,100,99940,100,100112,100,99939,100,100116,100,99923,100
2019-06-28 09:33:30.000000000,100031,656,99977,556,100054,100,99970,100,100064,100,99968,100,100075,100,99965,100,100083,100,99964,100,100095,100,99957,100,100104,100,99954,100,100105,100,99940,100,100112,100,99939,100,100116,100,99923,100
2019-06-28 09:33:37.338632339,100031,656,99977,556,100054,100,99970,100,100064,100,99968,100,100075,100,99965,100,100083,100,99964,100,100095,100,99957,100,100104,100,99954,100,100105,100,99940,100,100112,100,99939,100,100116,100,99902,100
2019-06-28 09:33:40.000000000,100031,291,99977,191,100054,191,99970,191,100064,191,99968,191,100075,191,99965,191,100083,191,99964,191,100095,100,99957,100,100104,100,99954,100,100105,100,99940,100,100112,100,99939,100,100116,100,99902,100
2019-06-28 09:33:43.075963531,100031,191,99977,191,100054,191,99970,191,100064,191,99968,191,100075,191,99965,191,100083,191,99964,191,100095,100,99957,100,100104,100,99954,100,100105,100,99940,100,100112,100,99939,100,100116,100,99902,100
2019-06-28 09:33:50.000000000,100031,556,99977,556,100054,100,99970,100,100064,100,99968,100,100075,100,99965,100,100083,100,99964,100,100095,100,99957,100,100104,100,99954,100,100105,100,99940,100,100112,100,99939,100,100116,100,99902,100
2019-06-28 09:34:00.000000000,100031,255,99977,255,100054,250,99970,250,100064,250,99968,250,100075,100,99965,100,100083,100,99964,100,100095,100,99957,100,100104,100,99954,100,100105,100,99940,100,100112,100,99939,100,100116,100,99902,100
2019-06-28 09:34:09.830201312,100031,155,99977,255,100054,250,99970,250,100064,250,99968,250,100075,100,99965,100,100083,100,99964,100,100095,100,99957,100,100104,100,99954,100,100105,100,99940,100,100112,100,99939,100,100116,100,99902,100
2019-06-28 09:34:10.000000000,100054,214,99977,214,100064,214,99970,214,100075,214,99968,214,100083,214,99965,214,100095,100,99964,100,100104,100,99957,100,100105,100,99954,100,100112,100,99940,100,100116,100,99939,100,100117,100,99902,100
2019-06-28 09:34:14.722890186,100054,214,99977,214,100064,214,99970,214,100075,214,99968,214,100083,214,99965,214,100095,100,99964,100,100104,100,99957,100,100105,100,99954,100,100112,100,99940,100,100116,100,99939,100,100117,100,99902,100
2019-06-28 09:34:20.000000000,100054,556,99977,556,100064,100,99970,100,100075,100,99968,100,100083,100,99965,100,100095,100,99964,100,100104,100,99957,100,100105,100,99954,100,100112,100,99940,100,100116,100,99939,100,100117,100,99902,100
2019-06-28 09:34:27.697835328,100054,556,100031,100,100064,100,99977,556,100075,100,99970,100,100083,100,99968,100,100095,100,99965,100,100104,100,99964,100,100105,100,99957,100,100112,100,99954,100,100116,100,99940,100,100117,100,99939,100
2019-06-28 09:34:27.880049028,100054,556,100031,200,100064,100,99977,556,100075,100,99970,100,100083,100,99968,100,100095,100,99965,100,100104,100,99964,100,100105,100,99957,100,100112,100,99954,100,100116,100,99940,100,100117,100,99939,100
2019-06-28 09:34:30.000000000,100054,328,100031,428,100064,328,99977,328,100075,100,99970,100,100083,100,99968,100,100095,100,99965,100,100104,100,99964,100,100105,100,99957,100,100112,100,99954,100,100116,100,99940,100,100117,100,99939,100
2019-06-28 09:34:40.000000000,100054,255,100031,355,100064,250,99977,250,100075,250,99970,250,100083,100,99968,100,100095,100,99965,100,100104,100,99964,100,100105,100,99957,100,100112,100,99954,100,100116,100,99940,100,100117,100,99939,100
2019-06-28 09:34:50.000000000,100054,191,100031,291,100064,191,99977,191,100075,191,99970,191,100083,191,99968,191,100095,191,99965,191,100104,100,99964,100,100105,100,99957,100,100112,100,99954,100,100116,100,99940,100,100117,100,99939,100
2019-06-28 09:34:55.933679634,100054,91,100031,291,100064,191,99977,191,100075,191,99970,191,100083,191,99968,191,100095,191,99965,191,100104,100,99964,100,100105,100,99957,100,100112,100,99954,100,100116,100,99940,100,100117,100,99939,100
2019-06-28 09:35:00.000000000,100064,328,100031,428,100075,328,99977,328,100083,100,99970,100,100095,100,99968,100,100104,100,99965,100,100105,100,99964,100,100112,100,99957,100,100116,100,99954,100,100117,100,99940,100,100120,100,99939,100
2019-06-28 09:35:02.061995583,100064,328,100031,428,100075,328,99977,328,100083,100,99970,100,100095,100,99968,100,100104,100,99965,100,100105,100,99964,100,100112,100,99957,100,100116,100,99954,100,100117,100,99940,100,100120,100,99939,100
2019-06-28 09:35:10.000000000,100064,191,100031,291,100075,191,99977,191,100083,191,99970,191,100095,191,99968,191,100104,191,99965,191,100105,100,99964,100,100112,100,99957,100,100116,100,99954,100,100117,100,99940,100,100120,100,99939,100
2019-06-28 09:35:20.000000000,100064,255,100031,355,100075,250,99977,250,100083,250,99970,250,100095,100,99968,100,100104,100,99965,100,100105,100,99964,100,100112,100,99957,100,100116,100,99954,100,100117,100,99940,100,100120,100,99939,100
2019-06-28 09:35:20.531623204,100064,255,100031,355,100075,250,99977,250,100083,250,99970,250,100095,100,99968,100,100104,100,99965,100,100105,100,99964,100,100112,100,99957,100,100116,100,99954,100,100117,100,99940,100,100124,200,99939,100
2019-06-28 09:35:25.465688848,100064,255,100031,455,100075,250,99977,250,100083,250,99970,250,100095,100,99968,100,100104,100,99965,100,100105,100,99964,100,100112,100,99957,100,100116,100,99954,100,100117,100,99940,100,100124,200,99939,100
2019-06-28 09:35:30.000000000,100064,255,100031,455,100075,250,99977,250,100083,250,99970,250,100095,100,99968,100,100104,100,99965,100,100105,100,99964,100,100112,100,99957,100,100116,100,99954,100,100117,100,99940,100,100124,200,99939,100
2019-06-28 09:35:34.023181648,100064,155,100031,455,100075,250,99977,250,100083,250,99970,250,100095,100,99968,100,100104,100,99965,100,100105,100,99964,100,100112,100,99957,100,100116,100,99954,100,100117,100,99940,100,100124,200,99939,100
2019-06-28 09:35:40.000000000,100075,255,100031,455,100083,250,99977,250,100095,250,99970,250,100104,100,99968,100,100105,100,99965,100,100112,100,99964,100,100116,100,99957,100,100117,100,99954,100,100124,200,99940,100,100147,100,99939,100
2019-06-28 09:35:50.000000000,100075,255,100031,455,100083,250,99977,250,100095,250,99970,250,100104,100,99968,100,100105,100,99965,100,100112,100,99964,100,100116,100,99957,100,100117,100,99954,100,100124,200,99940,100,100147,100,99939,100
2019-06-28 09:35:56.277882682,100037,100,100031,455,100075,255,99977,250,100083,250,99970,250,100095,250,99968,100,100104,100,99965,100,100105,100,99964,100,100112,100,99957,100,100116,100,99954,100,100117,100,99940,100,100124,200,99939,100
2019-06-28 09:36:00.000000000,100037,214,100031,414,100075,214,99977,214,100083,214,99970,214,100095,214,99968,214,100104,100,99965,100,100105,100,99964,100,100112,100,99957,100,100116,100,99954,100,100117,100,99940,100,100124,200,99939,100
2019-06-28 09:36:10.000000000,100037,556,100031,756,100075,100,99977,100,100083,100,99970,100,100095,100,99968,100,100104,100,99965,100,100105,100,99964,100,100112,100,99957,100,100116,100,99954,100,100117,100,99940,100,100124,200,99939,100
2019-06-28 09:36:20.000000000,100037,191,100031,391,100075,191,99977,191,100083,191,99970,191,100095,191,99968,191,100104,191,99965,191,100105,100,99964,100,100112,100,99957,100,100116,100,99954,100,100117,100,99940,100,100124,200,99939,100
2019-06-28 09:36:30.000000000,100037,556,100031,756,100075,100,99977,100,100083,100,99970,100,100095,100,99968,100,100104,100,99965,100,100105,100,99964,100,100112,100,99957,100,100116,100,99954,100,100117,100,99940,100,100124,200,99939,100
2019-06-28 09:36:31.367926267,100037,556,100031,656,100075,100,99977,100,100083,100,99970,100,100095,100,99968,100,100104,100,99965,100,100105,100,99964,100,100112,100,99957,100,100116,100,99954,100,100117,100,99940,100,100124,200,99939,100
2019-06-28 09:36:37.951301269,100037,556,100031,556,100075,100,99977,100,100083,100,99970,100,100095,100,99968,100,100104,100,99965,100,100105,100,99964,100,100112,100,99957,100,100116,100,99954,100,100117,100,99940,100,100124,200,99939,100
2019-06-28 09:36:40.000000000,100037,214,100031,214,100075,214,99977,214,100083,214,99970,214,100095,214,99968,214,100104,100,99965,100,100105,100,99964,100,100112,100,99957,100,100116,100,99954,100,100117,100,99940,100,100124,200,99939,100
2019-06-28 09:36:46.455443881,100037,214,100031,214,100075,214,99977,214,100083,214,99970,214,100095,214,99968,214,100104,100,99965,100,100112,100,99964,100,100116,100,99957,100,100117,100,99954,100,100124,200,99940,100,100147,100,99939,100
2019-06-28 09:36:48.327558328,100037,214,100031,114,100075,214,99977,214,100083,214,99970,214,100095,214,99968,214,100104,100,99965,100,100112,100,99964,100,100116,100,99957,100,100117,100,99954,100,100124,200,99940,100,100147,100,99939,100
2019-06-28 09:36:50.000000000,100037,214,99977,214,100075,214,99970,214,100083,214,99968,214,100095,214,99965,214,100104,100,99964,100,100112,100,99957,100,100116,100,99954,100,100117,100,99940,100,100124,200,99939,100,100147,100,99925,100
2019-06-28 09:37:00.000000000,100037,556,99977,556,100075,100,99970,100,100083,100,99968,100,100095,100,99965,100,100104,100,99964,100,100112,100,99957,100,100116,100,99954,100,100117,100,99940,100,100124,200,99939,100,100147,100,99925,100
2019-06-28 09:37:10.000000000,100037,556,99977,556,100075,100,99970,100,100083,100,99968,100,100095,100,99965,100,100104,100,99964,100,100112,100,99957,100,100116,100,99954,100,100117,100,99940,100,100124,200,99939,100,100147,100,99925,100
2019-06-28 09:37:20.000000000,100037,255,99977,255,100075,250,99970,250,100083,250,99968,250,100095,100,99965,100,100104,100,99964,100,100112,100,99957,100,100116,100,99954,100,100117,100,99940,100,100124,200,99939,100,100147,100,99925,100
2019-06-28 09:37:30.000000000,100037,556,99977,556,100075,100,99970,100,100083,100,99968,100,100095,100,99965,100,100104,100,99964,100,100112,100,99957,100,100116,100,99954,100,100117,100,99940,100,100124,200,99939,100,100147,100,99925,100
2019-06-28 09:37:37.606447884,100037,556,99977,456,100075,100,99970,100,100083,100,99968,100,100095,100,99965,100,100104,100,99964,100,100112,100,99957,100,100116,100,99954,100,100117,100,99940,100,100124,200,99939,100,100147,100,99925,100
2019-06-28 09:37:40.000000000,100037,255,99970,255,100075,250,99968,250,100083,250,99965,250,100095,100,99964,100,100104,100,99957,100,100112,100,99954,100,100116,100,99940,100,100117,100,99939,100,100124,200,99925,100,100147,100,99902,100
2019-06-28 09:37:42.340546562,100031,100,99970,255,100037,255,99968,250,100075,250,99965,250,100083,250,99964,100,100095,100,99957,100,100104,100,99954,100,100112,100,99940,100,100116,100,99939,100,100117,100,99925,100,100124,200,99902,100
2019-06-28 09:37:50.000000000,100031,191,99970,191,100037,191,99968,191,100075,191,99965,191,100083,191,99964,191,100095,191,99957,191,100104,100,99954,100,100112,100,99940,100,100116,100,99939,100,100117,100,99925,100,100124,200,99902,100
2019-06-28 09:38:00.000000000,100031,255,99970,255,100037,250,99968,250,100075,250,99965,250,100083,100,99964,100,100095,100,99957,100,100104,100,99954,100,100112,100,99940,100,100116,100,99939,100,100117,100,99925,100,100124,200,99902,100
2019-06-28 09:38:10.000000000,100031,191,99970,191,100037,191,99968,191,100075,191,99965,191,100083,191,99964,191,100095,191,99957,191,100104,100,99954,100,100112,100,99940,100,100116,100,99939,100,100117,100,99925,100,100124,200,99902,100
2019-06-28 09:38:13.178467997,100031,191,99970,191,100037,191,99968,191,100075,191,99965,191,100083,191,99964,191,100095,191,99957,191,100104,100,99954,100,100112,100,99940,100,100114,100,99939,100,100116,100,99925,100,100117,100,99902,100
2019-06-28 09:38:20.000000000,100031,328,99970,328,100037,328,99968,328,100075,100,99965,100,100083,100,99964,100,100095,100,99957,100,100104,100,99954,100,100112,100,99940,100,100114,100,99939,100,100116,100,99925,100,100117,100,99902,100
2019-06-28 09:38:24.827841621,100031,228,99970,328,100037,328,99968,328,100075,100,99965,100,100083,100,99964,100,100095,100,99957,100,100104,100,99954,100,100112,100,99940,100,100114,100,99939,100,100116,100,99925,100,100117,100,99902,100
2019-06-28 09:38:28.013897934,100031,228,99970,328,100037,328,99968,328,100075,100,99965,100,100083,100,99964,100,100095,100,99957,100,100104,100,99954,100,100112,100,99940,100,100114,100,99939,100,100116,100,99925,100,100117,100,99902,100
2019-06-28 09:38:30.000000000,100037,191,99970,191,100075,191,99968,191,100083,191,99965,191,100095,191,99964,191,100104,191,99957,191,100112,100,99954,100,100114,100,99940,100,100116,100,99939,100,100117,100,99925,100,100124,200,99902,100
2019-06-28 09:38:40.000000000,100037,214,99970,214,100075,214,99968,214,100083,214,99965,214,100095,214,99964,214,100104,100,99957,100,100112,100,99954,100,100114,100,99940,100,100116,100,99939,100,100117,100,99925,100,100124,200,99902,100
2019-06-28 09:38:43.469656415,100037,114,99970,214,100075,214,99968,214,100083,214,99965,214,100095,214,99964,214,100112,100,99957,100,100114,100,99954,100,100116,100,99940,100,100117,100,99939,100,100124,200,99925,100,100147,100,99902,100
2019-06-28 09:38:43.812764038,100037,14,99970,214,100075,214,99968,214,100083,214,99965,214,100095,214,99964,214,100112,100,99957,100,100114,100,99954,100,100116,100,99940,100,100117,100,99939,100,100124,200,99925,100,100147,100,99902,100
2019-06-28 09:38:50.000000000,100075,556,99970,556,100083,100,99968,100,100095,100,99965,100,100112,100,99964,100,100114,100,99957,100,100116,100,99954,100,100117,100,99940,100,100124,200,99939,100,100147,100,99925,100,100153,100,99902,100
2019-06-28 09:38:50.324810116,100075,456,99970,556,100083,100,99965,100,100095,100,99964,100,100112,100,99957,100,100114,100,99954,100,100116,100,99940,100,100117,100,99939,100,100124,200,99925,100,100147,100,99902,100,100153,100,99893,100
2019-06-28 09:39:00.000000000,100083,214,99970,214,100095,214,99965,214,100112,214,99964,214,100114,214,99957,214,100116,100,99954,100,100117,100,99940,100,100124,200,99939,100,100147,100,99925,100,100153,100,99902,100,100220,100,99893,100
2019-06-28 09:39:05.375373827,100083,214,99970,214,100095,214,99965,214,100112,214,99964,214,100114,214,99957,214,100116,100,99954,100,100117,100,99940,100,100124,200,99939,100,100147,100,99925,100,100153,100,99902,100,100220,100,99893,100
2019-06-28 09:39:10.000000000,100083,556,99970,556,100095,100,99965,100,100112,100,99964,100,100114,100,99957,100,100116,100,99954,100,100117,100,99940,100,100124,200,99939,100,100147,100,99925,100,100153,100,99902,100,100220,100,99893,100
2019-06-28 09:39:11.497802991,100083,456,99970,556,100095,100,99964,100,100112,100,99957,100,100114,100,99954,100,100116,100,99940,100,100117,100,99939,100,100124,200,99925,100,100147,100,99902,100,100153,100,99893,100,100220,100,99889,100
2019-06-28 09:39:19.187409755,100083,456,99970,556,100095,100,99964,100,100112,100,99957,100,100114,100,99954,100,100116,100,99940,100,100117,100,99939,100,100124,200,99925,100,100147,100,99902,100,100153,100,99889,100,100220,100,99871,100
2019-06-28 09:39:20.000000000,100095,255,99970,255,100112,250,99964,250,100114,250,99957,250,100116,100,99954,100,100117,100,99940,100,100124,200,99939,100,100147,100,99925,100,100153,100,99902,100,100220,100,99889,100,100540,100,99871,100
2019-06-28 09:39:23.444364690,100095,155,99970,255,100112,250,99964,250,100114,250,99957,250,100116,100,99954,100,100117,100,99940,100,100124,200,99939,100,100147,100,99925,100,100153,100,99902,100,100220,100,99889,100,100540,100,99871,100
2019-06-28 09:39:30.000000000,100112,556,99970,556,100114,100,99964,100,100116,100,99957,100,100117,100,99954,100,100124,200,99940,100,100147,100,99939,100,100153,100,99925,100,100220,100,99902,100,100540,100,99889,100,100557,100,99871,100
2019-06-28 09:39:40.000000000,100112,191,99970,191,100114,191,99964,191,100116,191,99957,191,100117,191,99954,191,100124,291,99940,191,100147,100,99939,100,100153,100,99925,100,100220,100,99902,100,100540,100,99889,100,100557,100,99871,100
2019-06-28 09:39:44.300198593,100112,191,99970,191,100114,191,99964,191,100116,191,99957,191,100117,191,99954,191,100124,291,99940,191,100147,100,99939,100,100153,100,99925,100,100220,100,99902,100,100540,100,99889,100,100557,100,99871,100
2019-06-28 09:39:50.000000000,100112,255,99970,255,100114,250,99964,250,100116,250,99957,250,100117,100,99954,100,100124,200,99940,100,100147,100,99939,100,100153,100,99925,100,100220,100,99902,100,100540,100,99889,100,100557,100,99871,100
2019-06-28 09:40:00.000000000,100112,255,99970,255,100114,250,99964,250,100116,250,99957,250,100117,100,99954,100,100124,200,99940,100,100147,100,99939,100,100153,100,99925,100,100220,100,99902,100,100540,100,99889,100,100557,100,99871,100
2019-06-28 09:40:10.000000000,100112,328,99970,328,100114,328,99964,328,100116,100,99957,100,100117,100,99954,100,100124,200,99940,100,100147,100,99939,100,100153,100,99925,100,100220,100,99902,100,100540,100,99889,100,100557,100,99871,100
2019-06-28 09:40:16.407339677,100112,228,99970,328,100114,328,99964,328,100116,100,99957,100,100117,100,99954,100,100124,200,99940,100,100147,100,99939,100,100153,100,99925,100,100220,100,99902,100,100540,100,99889,100,100557,100,99871,100
2019-06-28 09:40:20.000000000,100114,556,99970,556,100116,100,99964,100,100117,100,99957,100,100124,200,99954,100,100147,100,99940,100,100153,100,99939,100,100220,100,99925,100,100540,100,99902,100,100557,100,99889,100,100637,100,99871,100
2019-06-28 09:40:27.746764796,100114,556,99970,556,100116,100,99964,100,100117,100,99957,100,100124,200,99954,100,100147,100,99940,100,100153,100,99925,100,100220,100,99902,100,100357,100,99889,100,100540,100,99871,100,100557,100,99851,100
2019-06-28 09:40:29.916927377,100114,456,99970,556,100116,100,99964,100,100117,100,99957,100,100124,200,99954,100,100147,100,99940,100,100153,100,99925,100,100220,100,99902,100,100357,100,99871,100,100540,100,99851,100,100557,100,99842,100
2019-06-28 09:40:30.000000000,100116,214,99970,214,100117,214,99964,214,100124,314,99957,214,100147,214,99954,214,100153,100,99940,100,100220,100,99925,100,100357,100,99902,100,100540,100,99871,100,100557,100,99851,100,100637,100,99842,100
2019-06-28 09:40:34.685131483,100116,214,99970,214,100117,214,99964,214,100124,314,99957,214,100147,214,99954,214,100153,100,99940,100,100220,100,99925,100,100299,100,99902,100,100357,100,99871,100,100540,100,99851,100,100557,100,99842,100
2019-06-28 09:40:39.460045841,100116,214,99970,214,100117,214,99964,214,100124,314,99957,214,100147,214,99954,214,100153,100,99940,100,100220,100,99925,100,100299,100,99902,100,100357,100,99851,100,100535,100,99842,100,100540,100,99347,100
2019-06-28 09:40:40.000000000,100116,556,99970,556,100117,100,99964,100,100124,200,99957,100,100147,100,99954,100,100153,100,99940,100,100220,100,99925,100,100299,100,99902,100,100357,100,99851,100,100535,100,99842,100,100540,100,99347,100
2019-06-28 09:40:50.000000000,100116,255,99970,255,100117,250,99964,250,100124,350,99957,250,100147,100,99954,100,100153,100,99940,100,100220,100,99925,100,100299,100,99902,100,100357,100,99851,100,100535,100,99842,100,100540,100,99347,100
2019-06-28 09:41:00.000000000,100116,556,99970,556,100117,100,99964,100,100124,200,99957,100,100147,100,99954,100,100153,100,99940,100,100220,100,99925,100,100299,100,99902,100,100357,100,99851,100,100535,100,99842,100,100540,100,99347,100
2019-06-28 09:41:10.000000000,100116,214,99970,214,100117,214,99964,214,100124,314,99957,214,100147,214,99954,214,100153,100,99940,100,100220,100,99925,100,100299,100,99902,100,100357,100,99851,100,100535,100,99842,100,100540,100,99347,100
2019-06-28 09:41:20.000000000,100116,556,99970,556,100117,100,99964,100,100124,200,99957,100,100147,100,99954,100,100153,100,99940,100,100220,100,99925,100,100299,100,99902,100,100357,100,99851,100,100535,100,99842,100,100540,100,99347,100
2019-06-28 09:41:24.522526912,100116,556,99970,456,100117,100,99964,100,100124,200,99957,100,100147,100,99954,100,100153,100,99940,100,100220,100,99925,100,100299,100,99902,100,100535,100,99851,100,100540,100,99842,100,100557,100,99347,100
2019-06-28 09:41:29.699964696,100116,556,99970,356,100117,100,99964,100,100124,200,99957,100,100147,100,99954,100,100153,100,99940,100,100220,100,99925,100,100299,100,99902,100,100535,100,99851,100,100540,100,99842,100,100557,100,99347,100
2019-06-28 09:41:30.000000000,100116,191,99964,191,100117,191,99957,191,100124,291,99954,191,100147,191,99940,191,100153,191,99925,191,100220,100,99902,100,100299,100,99851,100,100535,100,99842,100,100540,100,99347,100,100557,100,,
2019-06-28 09:41:40.000000000,100116,214,99964,214,100117,214,99957,214,100124,314,99954,214,100147,214,99940,214,100153,100,99925,100,100220,100,99902,100,100299,100,99851,100,100535,100,99842,100,100540,100,99347,100,100557,100,,
2019-06-28 09:41:50.000000000,100116,214,99964,214,100117,214,99957,214,100124,314,99954,214,100147,214,99940,214,100153,100,99925,100,100220,100,99902,100,100299,100,99851,100,100535,100,99842,100,100540,100,99347,100,100557,100,,
2019-06-28 09:42:00.000000000,100116,191,99964,191,100117,191,99957,191,100124,291,99954,191,100147,191,99940,191,100153,191,99925,191,100220,100,99902,100,100299,100,99851,100,100535,100,99842,100,100540,100,99347,100,100557,100,,
2019-06-28 09:42:07.384260286,100116,191,99964,91,100117,191,99957,191,100124,291,99954,191,100147,191,99940,191,100153,191,99925,191,100220,100,99902,100,100299,100,99851,100,100535,100,99842,100,100540,100,99347,100,100557,100,,
2019-06-28 09:42:10.000000000,100116,191,99957,191,100117,191,99954,191,100124,291,99940,191,100147,191,99925,191,100153,191,99902,191,100220,100,99851,100,100299,100,99842,100,100535,100,99347,100,100540,100,,,100557,100,,
2019-06-28 09:42:20.000000000,100116,328,99957,328,100117,328,99954,328,100124,200,99940,100,100147,100,99925,100,100153,100,99902,100,100220,100,99851,100,100299,100,99842,100,100535,100,99347,100,100540,100,,,100557,100,,
2019-06-28 09:42:30.000000000,100116,214,99957,214,100117,214,99954,214,100124,314,99940,214,100147,214,99925,214,100153,100,99902,100,100220,100,99851,100,100299,100,99842,100,100535,100,99347,100,100540,100,,,100557,100,,
2019-06-28 09:42:40.000000000,100116,556,99957,556,100117,100,99954,100,100124,200,99940,100,100147,100,99925,100,100153,100,99902,100,100220,100,99851,100,100299,100,99842,100,100535,100,99347,100,100540,100,,,100557,100,,
2019-06-28 09:42:40.136004777,100116,556,99957,556,100117,100,99954,100,100124,200,99940,100,100147,100,99925,100,100153,100,99902,100,100185,100,99851,100,100220,100,99842,100,100299,100,99347,100,100535,100,,,100540,100,,
2019-06-28 09:42:40.192288665,100116,556,99965,100,100117,100,99957,556,100124,200,99954,100,100147,100,99940,100,100153,100,99925,100,100185,100,99902,100,100220,100,99851,100,100299,100,99842,100,100535,100,99347,100,100540,100,,
2019-06-28 09:42:45.975140907,100116,556,99965,100,100117,100,99957,556,100124,200,99954,100,100147,100,99940,100,100153,100,99925,100,100185,100,99902,100,100189,100,99851,100,100220,100,99842,100,100299,100,99347,100,100535,100,,
2019-06-28 09:42:50.000000000,100116,556,99965,556,100117,100,99957,100,100124,200,99954,100,100147,100,99940,100,100153,100,99925,100,100185,100,99902,100,100189,100,99851,100,100220,100,99842,100,100299,100,99347,100,100535,100,,
2019-06-28 09:43:00.000000000,100116,328,99965,328,100117,328,99957,328,100124,200,99954,100,100147,100,99940,100,100153,100,99925,100,100185,100,99902,100,100189,100,99851,100,100220,100,99842,100,100299,100,99347,100,100535,100,,
2019-06-28 09:43:08.657319025,100116,328,99965,228,100117,328,99957,328,100124,200,99954,100,100147,100,99940,100,100153,100,99925,100,100185,100,99902,100,100189,100,99851,100,100220,100,99842,100,100299,100,99347,100,100535,100,,
2019-06-28 09:43:10.000000000,100116,191,99957,191,100117,191,99954,191,100124,291,99940,191,100147,191,99925,191,100153,191,99902,191,100185,100,99851,100,100189,100,99842,100,100220,100,99347,100,100299,100,,,100535,100,,
2019-06-28 09:43:12.826360218,100116,191,99957,191,100117,191,99954,191,100124,291,99940,191,100147,191,99925,191,100153,191,99902,191,100185,100,99851,100,100189,100,99842,100,100220,100,99456,100,100299,100,99347,100,100535,100,,
2019-06-28 09:43:14.017382441,100116,191,99957,91,100117,191,99954,191,100124,291,99940,191,100147,191,99925,191,100153,191,99902,191,100185,100,99851,100,100189,100,99842,100,100220,100,99456,100,100299,100,99347,100,100535,100,,
2019-06-28 09:43:18.678046123,99957,9,99954,191,100116,191,99940,191,100117,191,99925,191,100124,291,99902,191,100147,191,99851,100,100153,191,99842,100,100185,100,99456,100,100189,100,99347,100,100220,100,,,100299,100,,
2019-06-28 09:43:20.000000000,99957,164,99954,255,100116,250,99940,250,100117,250,99925,250,100124,200,99902,100,100147,100,99851,100,100153,100,99842,100,100185,100,99456,100,100189,100,99347,100,100220,100,,,100299,100,,
2019-06-28 09:43:29.734613190,99957,164,99954,155,100116,250,99940,250,100117,250,99925,250,100124,200,99902,100,100147,100,99851,100,100153,100,99456,100,100185,100,99347,100,100189,100,,,100220,100,,,100299,100,,
2019-06-28 09:43:30.000000000,99957,237,99940,328,100116,328,99925,328,100117,100,99902,100,100124,200,99851,100,100147,100,99456,100,100153,100,99347,100,100185,100,,,100189,100,,,100220,100,,,100299,100,,
2019-06-28 09:43:40.000000000,99957,237,99940,328,100116,328,99925,328,100117,100,99902,100,100124,200,99851,100,100147,100,99456,100,100153,100,99347,100,100185,100,,,100189,100,,,100220,100,,,100299,100,,
2019-06-28 09:43:40.435419031,99957,237,99940,328,100116,328,99925,328,100117,100,99902,100,100124,200,99851,100,100147,100,99456,100,100153,100,99380,100,100185,100,99347,100,100189,100,,,100220,100,,,100299,100,,
2019-06-28 09:43:50.000000000,99957,465,99940,556,100116,100,99925,100,100117,100,99902,100,100124,200,99851,100,100147,100,99456,100,100153,100,99380,100,100185,100,99347,100,100189,100,,,100220,100,,,100299,100,,
2019-06-28 09:43:59.532449720,99956,100,99940,556,99957,465,99925,100,100116,100,99902,100,100117,100,99851,100,100124,200,99456,100,100147,100,99380,100,100153,100,99347,100,100185,100,,,100189,100,,,100220,100,,
2019-06-28 09:44:00.000000000,99956,556,99940,556,99957,9,99925,100,100116,100,99902,100,100117,100,99851,100,100124,200,99456,100,100147,100,99380,100,100153,100,99347,100,100185,100,,,100189,100,,,100220,100,,
2019-06-28 09:44:10.000000000,99956,214,99940,214,99957,123,99925,214,100116,214,99902,214,100117,214,99851,214,100124,200,99456,100,100147,100,99380,100,100153,100,99347,100,100185,100,,,100189,100,,,100220,100,,
2019-06-28 09:44:20.000000000,99956,255,99940,255,99957,159,99925,250,100116,250,99902,250,100117,100,99851,100,100124,200,99456,100,100147,100,99380,100,100153,100,99347,100,100185,100,,,100189,100,,,100220,100,,
2019-06-28 09:44:26.316964451,99956,255,99940,255,99957,159,99925,250,100116,250,99902,250,100117,100,99851,100,100124,200,99768,100,100147,100,99456,100,100153,100,99380,100,100185,100,99347,100,100189,100,,,100220,100,,
2019-06-28 09:44:30.000000000,99956,328,99940,328,99957,237,99925,328,100116,100,99902,100,100117,100,99851,100,100124,200,99768,100,100147,100,99456,100,100153,100,99380,100,100185,100,99347,100,100189,100,,,100220,100,,
2019-06-28 09:44:40.000000000,99956,191,99940,191,99957,100,99925,191,100116,191,99902,191,100117,191,99851,191,100124,291,99768,191,100147,100,99456,100,100153,100,99380,100,100185,100,99347,100,100189,100,,,100220,100,,
2019-06-28 09:44:40.846374220,99956,191,99955,100,99957,100,99940,191,100116,191,99925,191,100117,191,99902,191,100124,291,99851,191,100147,100,99768,191,100153,100,99456,100,100185,100,99380,100,100189,100,99347,100,100220,100,,
2019-06-28 09:44:43.771962829,99956,91,99955,100,99957,100,99940,191,100116,191,99925,191,100117,191,99902,191,100124,291,99851,191,100147,100,99768,191,100153,100,99456,100,100185,100,99380,100,100189,100,99347,100,100220,100,,
2019-06-28 09:44:50.000000000,99957,465,99955,556,100116,100,99940,100,100117,100,99925,100,100124,200,99902,100,100147,100,99851,100,100153,100,99768,100,100185,100,99456,100,100189,100,99380,100,100220,100,99347,100,100299,100,,
2019-06-28 09:45:00.000000000,99957,465,99955,556,100116,100,99940,100,100117,100,99925,100,100124,200,99902,100,100147,100,99851,100,100153,100,99768,100,100185,100,99456,100,100189,100,99380,100,100220,100,99347,100,100299,100,,
2019-06-28 09:45:10.000000000,99957,465,99955,556,100116,100,99940,100,100117,100,99925,100,100124,200,99902,100,100147,100,99851,100,100153,100,99768,100,100185,100,99456,100,100189,100,99380,100,100220,100,99347,100,100299,100,,
2019-06-28 09:45:20.000000000,99957,100,99955,191,100116,191,99940,191,100117,191,99925,191,100124,291,99902,191,100147,191,99851,191,100153,100,99768,100,100185,100,99456,100,100189,100,99380,100,100220,100,99347,100,100299,100,,
2019-06-28 09:45:26.096107264,99957,100,99955,91,100116,191,99940,191,100117,191,99925,191,100124,291,99902,191,100147,191,99851,191,100153,100,99768,100,100185,100,99456,100,100189,100,99380,100,100220,100,,,100299,100,,
2019-06-28 09:45:30.000000000,99957,123,99940,214,100116,214,99925,214,100117,214,99902,214,100124,314,99851,214,100147,100,99768,100,100153,100,99456,100,100185,100,99380,100,100189,100,,,100220,100,,,100299,100,,
2019-06-28 09:45:40.000000000,99957,164,99940,255,100116,250,99925,250,100117,250,99902,250,100124,200,99851,100,100147,100,99768,100,100153,100,99456,100,100185,100,99380,100,100189,100,,,100220,100,,,100299,100,,
2019-06-28 09:45:44.857527177,99955,100,99940,255,99957,164,99925,250,100116,250,99902,250,100117,250,99851,100,100124,200,99768,100,100147,100,99456,100,100153,100,99380,100,100185,100,,,100189,100,,,100220,100,,
2019-06-28 09:45:50.000000000,99955,556,99940,556,99957,9,99925,100,100116,100,99902,100,100117,100,99851,100,100124,200,99768,100,100147,100,99456,100,100153,100,99380,100,100185,100,,,100189,100,,,100220,100,,
2019-06-28 09:45:55.335927339,99955,556,99940,556,99957,9,99925,100,100116,100,99902,100,100117,100,99851,100,100124,200,99768,100,100147,100,99456,100,100153,100,99380,100,100185,100,98676,100,100189,100,,,100220,100,,
2019-06-28 09:45:56.999235917,99955,556,99940,556,99957,9,99925,100,100116,100,99902,100,100117,100,99851,100,100124,200,99768,100,100147,100,99456,100,100153,100,99380,100,100185,100,98676,100,100189,100,98649,100,100220,100,,
2019-06-28 09:46:00.000000000,99955,328,99940,328,99957,237,99925,328,100116,100,99902,100,100117,100,99851,100,100124,200,99768,100,100147,100,99456,100,100153,100,99380,100,100185,100,98676,100,100189,100,98649,100,100220,100,,
2019-06-28 09:46:10.000000000,99955,328,99940,328,99957,237,99925,328,100116,100,99902,100,100117,100,99851,100,100124,200,99768,100,100147,100,99456,100,100153,100,99380,100,100185,100,98676,100,100189,100,98649,100,100220,100,,
2019-06-28 09:46:14.516729760,99955,328,99940,328,99957,237,99925,328,100116,100,99902,100,100117,100,99851,100,100124,200,99768,100,100147,100,99456,100,100153,100,99380,100,100185,100,98847,100,100220,100,98676,100,100299,100,98649,100
2019-06-28 09:46:16.039104727,99955,328,99940,328,99957,237,99925,328,100117,100,99902,100,100124,200,99851,100,100147,100,99768,100,100153,100,99456,100,100185,100,99380,100,100220,100,98847,100,100299,100,98676,100,100540,100,98649,100
2019-06-28 09:46:20.000000000,99955,255,99940,255,99957,159,99925,250,100117,250,99902,250,100124,200,99851,100,100147,100,99768,100,100153,100,99456,100,100185,100,99380,100,100220,100,98847,100,100299,100,98676,100,100540,100,98649,100
2019-06-28 09:46:30.000000000,99955,328,99940,328,99957,237,99925,328,100117,100,99902,100,100124,200,99851,100,100147,100,99768,100,100153,100,99456,100,100185,100,99380,100,100220,100,98847,100,100299,100,98676,100,100540,100,98649,100
2019-06-28 09:46:40.000000000,99955,328,99940,328,99957,237,99925,328,100117,100,99902,100,100124,200,99851,100,100147,100,99768,100,100153,100,99456,100,100185,100,99380,100,100220,100,98847,100,100299,100,98676,100,100540,100,98649,100
2019-06-28 09:46:45.951445836,99955,328,99940,328,99957,237,99925,328,100117,100,99902,100,100124,200,99851,100,100147,100,99768,100,100153,100,99412,100,100185,100,99380,100,100220,100,98847,100,100299,100,98676,100,100540,100,98649,100
2019-06-28 09:46:46.494702225,99955,328,99940,228,99957,237,99925,328,100117,100,99902,100,100124,100,99851,100,100147,100,99768,100,100153,100,99412,100,100185,100,99380,100,100220,100,98847,100,100299,100,98676,100,100540,100,98649,100
2019-06-28 09:46:50.000000000,99955,328,99925,328,99957,237,99902,328,100117,100,99851,100,100124,100,99768,100,100147,100,99412,100,100153,100,99380,100,100185,100,98847,100,100220,100,98676,100,100299,100,98649,100,100540,100,,
2019-06-28 09:47:00.000000000,99955,214,99925,214,99957,123,99902,214,100117,214,99851,214,100124,214,99768,214,100147,100,99412,100,100153,100,99380,100,100185,100,98847,100,100220,100,98676,100,100299,100,98649,100,100540,100,,
2019-06-28 09:47:03.608424160,99954,100,99925,214,99955,214,99902,214,99957,123,99851,214,100117,214,99768,214,100124,214,99412,100,100147,100,99380,100,100153,100,98847,100,100185,100,98676,100,100220,100,98649,100,100299,100,,
2019-06-28 09:47:05.668517279,99954,200,99925,214,99955,214,99902,214,99957,123,99851,214,100117,214,99768,214,100124,214,99412,100,100147,100,99380,100,100153,100,98847,100,100185,100,98676,100,100220,100,98649,100,100299,100,,
2019-06-28 09:47:10.000000000,99954,291,99925,191,99955,191,99902,191,99957,100,99851,191,100117,191,99768,191,100124,191,99412,191,100147,100,99380,100,100153,100,98847,100,100185,100,98676,100,100220,100,98649,100,100299,100,,
2019-06-28 09:47:20.000000000,99954,314,99925,214,99955,214,99902,214,99957,123,99851,214,100117,214,99768,214,100124,100,99412,100,100147,100,99380,100,100153,100,98847,100,100185,100,98676,100,100220,100,98649,100,100299,100,,
2019-06-28 09:47:30.000000000,99954,291,99925,191,99955,191,99902,191,99957,100,99851,191,100117,191,99768,191,100124,191,99412,191,100147,100,99380,100,100153,100,98847,100,100185,100,98676,100,100220,100,98649,100,100299,100,,
2019-06-28 09:47:30.600838773,99954,291,99925,191,99955,191,99902,191,99957,100,99851,191,100117,191,99768,191,100124,191,99412,191,100147,100,99380,100,100153,100,98847,100,100185,100,98758,100,100220,100,98676,100,100299,100,98649,100
2019-06-28 09:47:40.000000000,99954,314,99925,214,99955,214,99902,214,99957,123,99851,214,100117,214,99768,214,100124,100,99412,100,100147,100,99380,100,100153,100,98847,100,100185,100,98758,100,100220,100,98676,100,100299,100,98649,100
2019-06-28 09:47:50.000000000,99954,291,99925,191,99955,191,99902,191,99957,100,99851,191,100117,191,99768,191,100124,191,99412,191,100147,100,99380,100,100153,100,98847,100,100185,100,98758,100,100220,100,98676,100,100299,100,98649,100
2019-06-28 09:47:52.048105797,99954,391,99925,191,99955,191,99902,191,99957,100,99851,191,100117,191,99768,191,100124,191,99412,191,100147,100,99380,100,100153,100,98847,100,100185,100,98758,100,100220,100,98676,100,100299,100,98649,100
2019-06-28 09:47:52.351490528,99954,391,99925,91,99955,191,99902,191,99957,100,99851,191,100117,191,99768,191,100124,191,99412,191,100147,100,99380,100,100153,100,98847,100,100185,100,98758,100,100220,100,98676,100,100299,100,98649,100
2019-06-28 09:47:55.292148422,99954,391,99925,91,99955,191,99902,191,99957,100,99851,191,100117,191,99768,191,100124,191,99412,191,100147,100,99380,100,100153,100,98979,100,100185,100,98847,100,100220,100,98758,100,100299,100,98676,100
2019-06-28 09:48:00.000000000,99954,414,99902,214,99955,214,99851,214,99957,123,99768,214,100117,214,99412,214,100124,100,99380,100,100147,100,98979,100,100153,100,98847,100,100185,100,98758,100,100220,100,98676,100,100299,100,98649,100
2019-06-28 09:48:03.679017993,99954,414,99902,214,99955,214,99851,214,99957,123,99768,214,100117,214,99412,214,100124,100,99380,100,100147,100,99241,100,100153,100,98979,100,100185,100,98847,100,100220,100,98758,100,100299,100,98676,100
2019-06-28 09:48:10.000000000,99954,528,99902,328,99955,328,99851,328,99957,9,99768,100,100117,100,99412,100,100124,100,99380,100,100147,100,99241,100,100153,100,98979,100,100185,100,98847,100,100220,100,98758,100,100299,100,98676,100
2019-06-28 09:48:14.844951528,99954,528,99902,328,99955,328,99851,328,99957,9,99768,100,100117,100,99412,100,100124,100,99380,100,100147,100,99241,100,100153,100,98979,100,100185,100,98877,100,100220,100,98847,100,100299,100,98758,100
2019-06-28 09:48:20.000000000,99954,756,99902,556,99955,100,99851,100,99957,9,99768,100,100117,100,99412,100,100124,100,99380,100,100147,100,99241,100,100153,100,98979,100,100185,100,98877,100,100220,100,98847,100,100299,100,98758,100
2019-06-28 09:48:28.937781729,99954,756,99902,556,99955,100,99851,100,99957,9,99768,100,100117,100,99412,100,100124,100,99380,100,100147,100,99241,100,100153,100,98979,100,100185,100,98877,100,100220,100,98847,100,100299,100,98758,100
2019-06-28 09:48:30.000000000,99954,414,99902,214,99955,214,99851,214,99957,123,99768,214,100117,214,99412,214,100124,100,99380,100,100147,100,99241,100,100153,100,98979,100,100185,100,98877,100,100220,100,98847,100,100299,100,98758,100
2019-06-28 09:48:31.341632266,99954,414,99902,214,99955,214,99851,214,99957,123,99768,214,100117,214,99412,214,100124,100,99380,100,100147,100,99241,100,100153,100,98979,100,100185,100,98967,100,100220,100,98877,100,100299,100,98847,100
2019-06-28 09:48:32.003268628,99954,414,99902,114,99955,214,99851,214,99957,123,99768,214,100117,214,99412,214,100124,100,99380,100,100147,100,99241,100,100153,100,98979,100,100185,100,98967,100,100220,100,98877,100,100299,100,98847,100
2019-06-28 09:48:33.135126967,99925,100,99902,114,99954,414,99851,214,99955,214,99768,214,99957,123,99412,214,100117,214,99380,100,100124,100,99241,100,100147,100,98979,100,100153,100,98967,100,100185,100,98877,100,100220,100,98847,100
2019-06-28 09:48:40.000000000,99925,255,99851,255,99954,450,99768,250,99955,250,99412,250,99957,9,99380,100,100117,100,99241,100,100124,100,98979,100,100147,100,98967,100,100153,100,98877,100,100185,100,98847,100,100220,100,98758,100
2019-06-28 09:48:44.608477055,99925,255,99851,255,99954,450,99768,250,99955,250,99412,250,99957,9,99380,100,100117,100,99241,100,100124,100,99145,100,100147,100,98979,100,100153,100,98967,100,100185,100,98877,100,100220,100,98847,100
2019-06-28 09:48:50.000000000,99925,556,99851,556,99954,300,99768,100,99955,100,99412,100,99957,9,99380,100,100117,100,99241,100,100124,100,99145,100,100147,100,98979,100,100153,100,98967,100,100185,100,98877,100,100220,100,98847,100
2019-06-28 09:48:57.034541340,99925,556,99851,556,99954,300,99768,100,99955,100,99412,100,99957,9,99380,100,100117,100,99154,100,100124,100,99145,100,100147,100,98979,100,100153,100,98967,100,100185,100,98877,100,100220,100,98847,100
2019-06-28 09:49:00.000000000,99925,214,99851,214,99954,414,99768,214,99955,214,99412,214,99957,123,99380,214,100117,100,99154,100,100124,100,99145,100,100147,100,98979,100,100153,100,98967,100,100185,100,98877,100,100220,100,98847,100
2019-06-28 09:49:01.041973477,99925,214,99851,114,99954,414,99768,214,99955,214,99412,214,99957,123,99380,214,100117,100,99154,100,100124,100,99145,100,100147,100,98979,100,100153,100,98967,100,100185,100,98877,100,100220,100,98847,100
2019-06-28 09:49:01.325469169,99902,100,99851,114,99925,214,99768,214,99954,414,99412,214,99955,214,99380,214,99957,123,99154,100,100117,100,99145,100,100124,100,98979,100,100147,100,98967,100,100153,100,98877,100,100185,100,98847,100
2019-06-28 09:49:10.000000000,99902,214,99768,214,99925,214,99412,214,99954,414,99380,214,99955,214,99154,214,99957,9,99145,100,100117,100,98979,100,100124,100,98967,100,100147,100,98877,100,100153,100,98847,100,100185,100,98758,100
2019-06-28 09:49:11.241803181,99902,314,99768,214,99925,214,99412,214,99954,414,99380,214,99955,214,99154,214,99957,9,99145,100,100117,100,98979,100,100124,100,98967,100,100147,100,98877,100,100153,100,98847,100,100185,100,98758,100
2019-06-28 09:49:20.000000000,99902,428,99768,328,99925,328,99412,328,99954,300,99380,100,99955,100,99154,100,99957,9,99145,100,100117,100,98979,100,100124,100,98967,100,100147,100,98877,100,100153,100,98847,100,100185,100,98758,100
2019-06-28 09:49:30.000000000,99902,428,99768,328,99925,328,99412,328,99954,300,99380,100,99955,100,99154,100,99957,9,99145,100,100117,100,98979,100,100124,100,98967,100,100147,100,98877,100,100153,100,98847,100,100185,100,98758,100
2019-06-28 09:49:40.000000000,99902,291,99768,191,99925,191,99412,191,99954,391,99380,191,99955,191,99154,191,99957,100,99145,191,100117,100,98979,100,100124,100,98967,100,100147,100,98877,100,100153,100,98847,100,100185,100,98758,100
2019-06-28 09:49:50.000000000,99902,355,99768,255,99925,250,99412,250,99954,450,99380,250,99955,100,99154,100,99957,9,99145,100,100117,100,98979,100,100124,100,98967,100,100147,100,98877,100,100153,100,98847,100,100185,100,98758,100
2019-06-28 09:50:00.000000000,99902,291,99768,191,99925,191,99412,191,99954,391,99380,191,99955,191,99154,191,99957,100,99145,191,100117,100,98979,100,100124,100,98967,100,100147,100,98877,100,100153,100,98847,100,100185,100,98758,100
2019-06-28 09:50:10.000000000,99902,355,99768,255,99925,250,99412,250,99954,450,99380,250,99955,100,99154,100,99957,9,99145,100,100117,100,98979,100,100124,100,98967,100,100147,100,98877,100,100153,100,98847,100,100185,100,98758,100
2019-06-28 09:50:16.232158070,99902,355,99768,255,99925,250,99412,250,99954,450,99380,250,99955,100,99154,100,99957,9,99145,100,100117,100,98979,100,100124,100,98967,100,100147,100,98877,100,100153,100,98847,100,100185,100,98758,100
2019-06-28 09:50:20.000000000,99902,314,99768,214,99925,214,99412,214,99954,414,99380,214,99955,214,99154,214,99957,9,99145,100,100117,100,98979,100,100124,100,98967,100,100147,100,98877,100,100153,100,98847,100,100185,100,98758,100
2019-06-28 09:50:30.000000000,99902,314,99768,214,99925,214,99412,214,99954,414,99380,214,99955,214,99154,214,99957,9,99145,100,100117,100,98979,100,100124,100,98967,100,100147,100,98877,100,100153,100,98847,100,100185,100,98758,100
2019-06-28 09:50:40.000000000,99902,656,99768,556,99925,100,99412,100,99954,300,99380,100,99955,100,99154,100,99957,9,99145,100,100117,100,98979,100,100124,100,98967,100,100147,100,98877,100,100153,100,98847,100,100185,100,98758,100
2019-06-28 09:50:50.000000000,99902,314,99768,214,99925,214,99412,214,99954,414,99380,214,99955,214,99154,214,99957,9,99145,100,100117,100,98979,100,100124,100,98967,100,100147,100,98877,100,100153,100,98847,100,100185,100,98758,100
2019-06-28 09:50:55.620969369,99902,314,99768,214,99925,214,99412,214,99954,414,99380,214,99955,214,99154,214,99957,9,99145,100,100117,100,98979,100,100124,100,98967,100,100147,100,98877,100,100153,100,98847,100,100185,100,98758,100
2019-06-28 09:51:00.000000000,99902,355,99768,255,99925,250,99412,250,99954,450,99380,250,99955,100,99154,100,99957,9,99145,100,100117,100,98979,100,100124,100,98967,100,100147,100,98877,100,100153,100,98847,100,100185,100,98758,100
2019-06-28 09:51:10.000000000,99902,656,99768,556,99925,100,99412,100,99954,300,99380,100,99955,100,99154,100,99957,9,99145,100,100117,100,98979,100,100124,100,98967,100,100147,100,98877,100,100153,100,98847,100,100185,100,98758,100
2019-06-28 09:51:19.392908747,99902,556,99768,556,99925,100,99412,100,99954,300,99380,100,99955,100,99154,100,99957,9,99145,100,100117,100,98979,100,100124,100,98967,100,100147,100,98877,100,100153,100,98847,100,100185,100,98758,100
2019-06-28 09:51:20.000000000,99902,191,99768,191,99925,191,99412,191,99954,391,99380,191,99955,191,99154,191,99957,100,99145,191,100117,100,98979,100,100124,100,98967,100,100147,100,98877,100,100153,100,98847,100,100185,100,98758,100
2019-06-28 09:51:21.885109180,99883,100,99768,191,99902,191,99412,191,99925,191,99380,191,99954,391,99154,191,99955,191,99145,191,99957,100,98979,100,100117,100,98967,100,100124,100,98877,100,100147,100,98847,100,100185,100,98758,100
2019-06-28 09:51:25.334021734,99902,191,99768,191,99925,191,99412,191,99954,391,99380,191,99955,191,99154,191,99957,100,99145,191,100117,100,98979,100,100124,100,98967,100,100147,100,98877,100,100185,100,98847,100,100299,100,98758,100
2019-06-28 09:51:30.000000000,99902,255,99768,255,99925,250,99412,250,99954,450,99380,250,99955,100,99154,100,99957,9,99145,100,100117,100,98979,100,100124,100,98967,100,100147,100,98877,100,100185,100,98847,100,100299,100,98758,100
2019-06-28 09:51:40.000000000,99902,214,99768,214,99925,214,99412,214,99954,414,99380,214,99955,214,99154,214,99957,9,99145,100,100117,100,98979,100,100124,100,98967,100,100147,100,98877,100,100185,100,98847,100,100299,100,98758,100
2019-06-28 09:51:50.000000000,99902,328,99768,328,99925,328,99412,328,99954,300,99380,100,99955,100,99154,100,99957,9,99145,100,100117,100,98979,100,100124,100,98967,100,100147,100,98877,100,100185,100,98847,100,100299,100,98758,100
2019-06-28 09:52:00.000000000,99902,214,99768,214,99925,214,99412,214,99954,414,99380,214,99955,214,99154,214,99957,9,99145,100,100117,100,98979,100,100124,100,98967,100,100147,100,98877,100,100185,100,98847,100,100299,100,98758,100
2019-06-28 09:52:03.919078774,99902,214,99768,214,99925,214,99412,214,99954,414,99380,214,99955,214,99154,214,99957,9,99145,100,100117,100,98979,100,100124,100,98967,100,100147,100,98877,100,100162,100,98847,100,100185,100,98758,100
2019-06-28 09:52:10.000000000,99902,214,99768,214,99925,214,99412,214,99954,414,99380,214,99955,214,99154,214,99957,9,99145,100,100117,100,98979,100,100124,100,98967,100,100147,100,98877,100,100162,100,98847,100,100185,100,98758,100
2019-06-28 09:52:20.000000000,99902,191,99768,191,99925,191,99412,191,99954,391,99380,191,99955,191,99154,191,99957,100,99145,191,100117,100,98979,100,100124,100,98967,100,100147,100,98877,100,100162,100,98847,100,100185,100,98758,100
2019-06-28 09:52:30.000000000,99902,191,99768,191,99925,191,99412,191,99954,391,99380,191,99955,191,99154,191,99957,100,99145,191,100117,100,98979,100,100124,100,98967,100,100147,100,98877,100,100162,100,98847,100,100185,100,98758,100
2019-06-28 09:52:36.188727705,99901,100,99768,191,99902,191,99412,191,99925,191,99380,191,99954,391,99154,191,99955,191,99145,191,99957,100,98979,100,100117,100,98967,100,100124,100,98877,100,100147,100,98847,100,100162,100,98758,100
2019-06-28 09:52:40.000000000,99901,191,99768,191,99902,191,99412,191,99925,191,99380,191,99954,391,99154,191,99955,191,99145,191,99957,9,98979,100,100117,100,98967,100,100124,100,98877,100,100147,100,98847,100,100162,100,98758,100
2019-06-28 09:52:41.783488431,99901,291,99768,191,99902,191,99412,191,99925,191,99380,191,99954,391,99154,191,99955,91,99145,191,99957,9,98979,100,100117,100,98967,100,100124,100,98877,100,100147,100,98847,100,100162,100,98758,100
2019-06-28 09:52:42.972008195,99901,391,99768,191,99902,91,99412,191,99925,191,99380,191,99954,391,99154,191,99955,91,99145,191,99957,9,98979,100,100117,100,98967,100,100124,100,98877,100,100147,100,98847,100,100162,100,98758,100
2019-06-28 09:52:47.484001331,99901,491,99768,191,99902,91,99412,191,99925,191,99380,191,99954,391,99154,191,99955,91,99145,191,99957,9,98979,100,100117,100,98967,100,100124,100,98877,100,100147,100,98847,100,100162,100,98758,100
2019-06-28 09:52:50.000000000,99901,628,99768,328,99925,328,99412,328,99954,300,99380,100,99957,9,99154,100,100117,100,99145,100,100124,100,98979,100,100147,100,98967,100,100162,100,98877,100,100185,100,98847,100,100299,100,98758,100
2019-06-28 09:52:53.833262980,99901,628,99820,100,99925,328,99768,328,99954,300,99412,328,99957,9,99380,100,100117,100,99154,100,100124,100,99145,100,100147,100,98979,100,100162,100,98967,100,100185,100,98877,100,100299,100,98847,100
2019-06-28 09:53:00.000000000,99901,856,99820,556,99925,100,99768,100,99954,300,99412,100,99957,9,99380,100,100117,100,99154,100,100124,100,99145,100,100147,100,98979,100,100162,100,98967,100,100185,100,98877,100,100299,100,98847,100
2019-06-28 09:53:04.679207139,99901,856,99820,556,99925,100,99768,100,99954,300,99412,100,99957,9,99380,100,100117,100,99154,100,100147,100,99145,100,100162,100,98979,100,100185,100,98967,100,100297,100,98877,100,100299,100,98847,100
2019-06-28 09:53:10.000000000,99901,555,99820,255,99925,250,99768,250,99954,450,99412,250,99957,9,99380,100,100117,100,99154,100,100147,100,99145,100,100162,100,98979,100,100185,100,98967,100,100297,100,98877,100,100299,100,98847,100
2019-06-28 09:53:20.000000000,99901,555,99820,255,99925,250,99768,250,99954,450,99412,250,99957,9,99380,100,100117,100,99154,100,100147,100,99145,100,100162,100,98979,100,100185,100,98967,100,100297,100,98877,100,100299,100,98847,100
2019-06-28 09:53:25.419403841,99901,555,99820,255,99925,250,99768,250,99954,450,99412,250,99957,9,99380,100,100117,100,99154,100,100147,100,99145,100,100162,100,98979,100,100185,100,98967,100,100252,100,98877,100,100297,100,98847,100
2019-06-28 09:53:26.592678765,99901,455,99852,100,99925,250,99820,255,99954,450,99768,250,99957,9,99412,250,100117,100,99380,100,100147,100,99154,100,100162,100,99145,100,100185,100,98979,100,100252,100,98967,100,100297,100,98877,100
2019-06-28 09:53:30.000000000,99901,528,99852,328,99925,328,99820,328,99954,300,99768,100,99957,9,99412,100,100117,100,99380,100,100147,100,99154,100,100162,100,99145,100,100185,100,98979,100,100252,100,98967,100,100297,100,98877,100
2019-06-28 09:53:33.783058502,99901,428,99852,328,99925,328,99820,328,99954,300,99768,100,99957,9,99412,100,100117,100,99380,100,100147,100,99154,100,100162,100,99145,100,100185,100,98979,100,100252,100,98967,100,100297,100,98877,100
2019-06-28 09:53:40.000000000,99901,314,99852,214,99925,214,99820,214,99954,414,99768,214,99957,123,99412,214,100117,100,99380,100,100147,100,99154,100,100162,100,99145,100,100185,100,98979,100,100252,100,98967,100,100297,100,98877,100
2019-06-28 09:53:50.000000000,99901,355,99852,255,99925,250,99820,250,99954,450,99768,250,99957,9,99412,100,100117,100,99380,100,100147,100,99154,100,100162,100,99145,100,100185,100,98979,100,100252,100,98967,100,100297,100,98877,100
2019-06-28 09:54:00.000000000,99901,428,99852,328,99925,328,99820,328,99954,300,99768,100,99957,9,99412,100,100117,100,99380,100,100147,100,99154,100,100162,100,99145,100,100185,100,98979,100,100252,100,98967,100,100297,100,98877,100
2019-06-28 09:54:01.281616384,99901,328,99852,328,99925,328,99820,328,99954,300,99768,100,99957,9,99412,100,100117,100,99380,100,100147,100,99154,100,100162,100,99145,100,100185,100,98979,100,100252,100,98967,100,100297,100,98877,100
2019-06-28 09:54:02.935571949,99901,228,99852,328,99925,328,99820,328,99954,300,99768,100,99957,9,99412,100,100117,100,99380,100,100147,100,99154,100,100162,100,99145,100,100185,100,98979,100,100252,100,98967,100,100297,100,98877,100
2019-06-28 09:54:10.000000000,99925,214,99852,214,99954,414,99820,214,99957,123,99768,214,100117,214,99412,214,100147,100,99380,100,100162,100,99154,100,100185,100,99145,100,100252,100,98979,100,100297,100,98967,100,100299,100,98877,100
2019-06-28 09:54:20.000000000,99925,328,99852,328,99954,528,99820,328,99957,9,99768,100,100117,100,99412,100,100147,100,99380,100,100162,100,99154,100,100185,100,99145,100,100252,100,98979,100,100297,100,98967,100,100299,100,98877,100
2019-06-28 09:54:25.020174205,99925,228,99852,328,99954,528,99820,328,99957,9,99768,100,100117,100,99412,100,100147,100,99380,100,100162,100,99154,100,100185,100,98979,100,100252,100,98967,100,100297,100,98877,100,100299,100,98847,100
2019-06-28 09:54:30.000000000,99954,414,99852,214,99957,123,99820,214,100117,214,99768,214,100147,214,99412,214,100162,100,99380,100,100185,100,99154,100,100252,100,98979,100,100297,100,98967,100,100299,100,98877,100,100303,100,98847,100
2019-06-28 09:54:40.000000000,99954,414,99852,214,99957,123,99820,214,100117,214,99768,214,100147,214,99412,214,100162,100,99380,100,100185,100,99154,100,100252,100,98979,100,100297,100,98967,100,100299,100,98877,100,100303,100,98847,100
2019-06-28 09:54:48.816115433,99954,314,99852,214,99957,123,99820,214,100117,214,99768,214,100147,214,99412,214,100162,100,99380,100,100185,100,99154,100,100252,100,98979,100,100299,100,98967,100,100303,100,98877,100,100380,100,98847,100
2019-06-28 09:54:50.000000000,99954,656,99852,556,99957,9,99820,100,100117,100,99768,100,100147,100,99412,100,100162,100,99380,100,100185,100,99154,100,100252,100,98979,100,100299,100,98967,100,100303,100,98877,100,100380,100,98847,100
2019-06-28 09:55:00.000000000,99954,656,99852,556,99957,9,99820,100,100117,100,99768,100,100147,100,99412,100,100162,100,99380,100,100185,100,99154,100,100252,100,98979,100,100299,100,98967,100,100303,100,98877,100,100380,100,98847,100
2019-06-28 09:55:02.406047822,99954,656,99852,556,99957,9,99820,100,100117,100,99768,100,100147,100,99412,100,100162,100,99380,100,100185,100,99154,100,100252,100,98979,100,100299,100,98967,100,100303,100,98877,100,100380,100,98847,100
2019-06-28 09:55:10.000000000,99954,355,99852,255,99957,159,99820,250,100117,250,99768,250,100147,100,99412,100,100162,100,99380,100,100185,100,99154,100,100252,100,98979,100,100299,100,98967,100,100303,100,98877,100,100380,100,98847,100
2019-06-28 09:55:20.000000000,99954,428,99852,328,99957,237,99820,328,100117,100,99768,100,100147,100,99412,100,100162,100,99380,100,100185,100,99154,100,100252,100,98979,100,100299,100,98967,100,100303,100,98877,100,100380,100,98847,100
2019-06-28 09:55:27.706227847,99954,428,99925,100,99957,237,99852,328,100117,100,99820,328,100147,100,99768,100,100162,100,99412,100,100185,100,99380,100,100252,100,99154,100,100299,100,98979,100,100303,100,98967,100,100380,100,98877,100
2019-06-28 09:55:30.000000000,99954,428,99925,328,99957,237,99852,328,100117,100,99820,100,100147,100,99768,100,100162,100,99412,100,100185,100,99380,100,100252,100,99154,100,100299,100,98979,100,100303,100,98967,100,100380,100,98877,100
2019-06-28 09:55:32.187776772,99954,328,99925,328,99957,237,99852,328,100117,100,99820,100,100147,100,99412,100,100162,100,99380,100,100185,100,99154,100,100252,100,98979,100,100299,100,98967,100,100303,100,98877,100,100380,100,98847,100
2019-06-28 09:55:40.000000000,99954,255,99925,255,99957,159,99852,250,100117,250,99820,250,100147,100,99412,100,100162,100,99380,100,100185,100,99154,100,100252,100,98979,100,100299,100,98967,100,100303,100,98877,100,100380,100,98847,100
2019-06-28 09:55:50.000000000,99954,255,99925,255,99957,159,99852,250,100117,250,99820,250,100147,100,99412,100,100162,100,99380,100,100185,100,99154,100,100252,100,98979,100,100299,100,98967,100,100303,100,98877,100,100380,100,98847,100
2019-06-28 09:55:54.865227632,99954,155,99925,255,99957,159,99852,250,100117,250,99820,250,100147,100,99412,100,100162,100,99380,100,100185,100,99154,100,100252,100,98979,100,100299,100,98967,100,100303,100,98877,100,100380,100,98847,100
2019-06-28 09:56:00.000000000,99957,465,99925,556,100117,100,99852,100,100147,100,99820,100,100162,100,99412,100,100185,100,99380,100,100252,100,99154,100,100299,100,98979,100,100303,100,98967,100,100380,100,98877,100,100540,100,98847,100
2019-06-28 09:56:10.000000000,99957,100,99925,191,100117,191,99852,191,100147,191,99820,191,100162,191,99412,191,100185,191,99380,191,100252,100,99154,100,100299,100,98979,100,100303,100,98967,100,100380,100,98877,100,100540,100,98847,100
2019-06-28 09:56:20.000000000,99957,465,99925,556,100117,100,99852,100,100147,100,99820,100,100162,100,99412,100,100185,100,99380,100,100252,100,99154,100,100299,100,98979,100,100303,100,98967,100,100380,100,98877,100,100540,100,98847,100
2019-06-28 09:56:30.000000000,99957,164,99925,255,100117,250,99852,250,100147,250,99820,250,100162,100,99412,100,100185,100,99380,100,100252,100,99154,100,100299,100,98979,100,100303,100,98967,100,100380,100,98877,100,100540,100,98847,100
2019-06-28 09:56:31.696170449,99957,164,99925,255,100117,250,99852,250,100147,250,99820,250,100162,100,99806,100,100185,100,99412,100,100252,100,99380,100,100299,100,99154,100,100303,100,98979,100,100380,100,98967,100,100540,100,98877,100
2019-06-28 09:56:40.000000000,99957,164,99925,255,100117,250,99852,250,100147,250,99820,250,100162,100,99806,100,100185,100,99412,100,100252,100,99380,100,100299,100,99154,100,100303,100,98979,100,100380,100,98967,100,100540,100,98877,100
2019-06-28 09:56:50.000000000,99957,164,99925,255,100117,250,99852,250,100147,250,99820,250,100162,100,99806,100,100185,100,99412,100,100252,100,99380,100,100299,100,99154,100,100303,100,98979,100,100380,100,98967,100,100540,100,98877,100
2019-06-28 09:56:58.998621661,99957,164,99954,100,100117,250,99925,255,100147,250,99852,250,100162,100,99820,250,100185,100,99806,100,100252,100,99412,100,100299,100,99380,100,100303,100,99154,100,100380,100,98979,100,100540,100,98967,100
2019-06-28 09:57:00.000000000,99957,237,99954,328,100117,328,99925,328,100147,100,99852,100,100162,100,99820,100,100185,100,99806,100,100252,100,99412,100,100299,100,99380,100,100303,100,99154,100,100380,100,98979,100,100540,100,98967,100
2019-06-28 09:57:10.000000000,99957,164,99954,255,100117,250,99925,250,100147,250,99852,250,100162,100,99820,100,100185,100,99806,100,100252,100,99412,100,100299,100,99380,100,100303,100,99154,100,100380,100,98979,100,100540,100,98967,100
2019-06-28 09:57:20.000000000,99957,237,99954,328,100117,328,99925,328,100147,100,99852,100,100162,100,99820,100,100185,100,99806,100,100252,100,99412,100,100299,100,99380,100,100303,100,99154,100,100380,100,98979,100,100540,100,98967,100
2019-06-28 09:57:30.000000000,99957,123,99954,214,100117,214,99925,214,100147,214,99852,214,100162,214,99820,214,100185,100,99806,100,100252,100,99412,100,100299,100,99380,100,100303,100,99154,100,100380,100,98979,100,100540,100,98967,100
2019-06-28 09:57:40.000000000,99957,100,99954,191,100117,191,99925,191,100147,191,99852,191,100162,191,99820,191,100185,191,99806,191,100252,100,99412,100,100299,100,99380,100,100303,100,99154,100,100380,100,98979,100,100540,100,98967,100
2019-06-28 09:57:50.000000000,99957,100,99954,191,100117,191,99925,191,100147,191,99852,191,100162,191,99820,191,100185,191,99806,191,100252,100,99412,100,100299,100,99380,100,100303,100,99154,100,100380,100,98979,100,100540,100,98967,100
2019-06-28 09:58:00.000000000,99957,123,99954,214,100117,214,99925,214,100147,214,99852,214,100162,214,99820,214,100185,100,99806,100,100252,100,99412,100,100299,100,99380,100,100303,100,99154,100,100380,100,98979,100,100540,100,98967,100
2019-06-28 09:58:07.299583930,99957,123,99954,214,100031,100,99925,214,100117,214,99852,214,100147,214,99820,214,100162,214,99806,100,100185,100,99412,100,100299,100,99380,100,100303,100,99154,100,100380,100,98979,100,100540,100,98967,100
2019-06-28 09:58:07.957752205,99957,123,99954,314,100031,100,99925,214,100117,214,99852,214,100147,214,99820,214,100162,214,99806,100,100185,100,99412,100,100299,100,99380,100,100303,100,99154,100,100380,100,98979,100,100540,100,98967,100
2019-06-28 09:58:10.000000000,99957,164,99954,355,100031,250,99925,250,100117,250,99852,250,100147,100,99820,100,100162,100,99806,100,100185,100,99412,100,100299,100,99380,100,100303,100,99154,100,100380,100,98979,100,100540,100,98967,100
2019-06-28 09:58:20.000000000,99957,164,99954,355,100031,250,99925,250,100117,250,99852,250,100147,100,99820,100,100162,100,99806,100,100185,100,99412,100,100299,100,99380,100,100303,100,99154,100,100380,100,98979,100,100540,100,98967,100
2019-06-28 09:58:30.000000000,99957,100,99954,291,100031,191,99925,191,100117,191,99852,191,100147,191,99820,191,100162,191,99806,191,100185,100,99412,100,100299,100,99380,100,100303,100,99154,100,100380,100,98979,100,100540,100,98967,100
2019-06-28 09:58:40.000000000,99957,164,99954,355,100031,250,99925,250,100117,250,99852,250,100147,100,99820,100,100162,100,99806,100,100185,100,99412,100,100299,100,99380,100,100303,100,99154,100,100380,100,98979,100,100540,100,98967,100
2019-06-28 09:58:50.000000000,99957,237,99954,428,100031,328,99925,328,100117,100,99852,100,100147,100,99820,100,100162,100,99806,100,100185,100,99412,100,100299,100,99380,100,100303,100,99154,100,100380,100,98979,100,100540,100,98967,100
2019-06-28 09:59:00.000000000,99957,237,99954,428,100031,328,99925,328,100117,100,99852,100,100147,100,99820,100,100162,100,99806,100,100185,100,99412,100,100299,100,99380,100,100303,100,99154,100,100380,100,98979,100,100540,100,98967,100
2019-06-28 09:59:01.419897881,99957,137,99954,428,100031,328,99925,328,100117,100,99852,100,100147,100,99820,100,100162,100,99806,100,100185,100,99412,100,100299,100,99380,100,100303,100,99154,100,100380,100,98979,100,100540,100,98967,100
2019-06-28 09:59:07.508140522,99957,137,99955,100,100031,328,99954,428,100117,100,99925,328,100147,100,99852,100,100162,100,99820,100,100185,100,99806,100,100299,100,99412,100,100303,100,99380,100,100380,100,99154,100,100540,100,98979,100
2019-06-28 09:59:10.000000000,100031,556,99955,556,100117,100,99954,200,100147,100,99925,100,100162,100,99852,100,100185,100,99820,100,100299,100,99806,100,100303,100,99412,100,100380,100,99380,100,100540,100,99154,100,100597,100,98979,100
2019-06-28 09:59:12.670038460,100031,556,99955,556,100117,100,99954,200,100147,100,99925,100,100185,100,99852,100,100299,100,99820,100,100303,100,99806,100,100380,100,99412,100,100540,100,99380,100,100597,100,99154,100,100637,100,98979,100
2019-06-28 09:59:13.656888806,100031,556,99955,556,100117,100,99954,200,100147,100,99925,100,100185,100,99852,100,100241,100,99820,100,100299,100,99806,100,100303,100,99412,100,100380,100,99380,100,100540,100,99154,100,100597,100,98979,100
2019-06-28 09:59:20.000000000,100031,556,99955,556,100117,100,99954,200,100147,100,99925,100,100185,100,99852,100,100241,100,99820,100,100299,100,99806,100,100303,100,99412,100,100380,100,99380,100,100540,100,99154,100,100597,100,98979,100
2019-06-28 09:59:24.491823920,100031,556,99955,556,100117,100,99954,200,100147,100,99925,100,100185,100,99852,100,100241,100,99820,100,100299,100,99806,100,100303,100,99412,100,100380,100,99380,100,100540,100,99154,100,100597,100,98979,100
2019-06-28 09:59:25.670344444,100031,456,99955,556,100117,100,99954,200,100147,100,99925,100,100185,100,99852,100,100241,100,99820,100,100299,100,99806,100,100303,100,99412,100,100380,100,99380,100,100540,100,99154,100,100597,100,98979,100
2019-06-28 09:59:30.000000000,100117,328,99955,328,100147,328,99954,428,100185,100,99925,100,100241,100,99852,100,100299,100,99820,100,100303,100,99806,100,100380,100,99412,100,100540,100,99380,100,100597,100,99154,100,100637,100,98979,100
2019-06-28 09:59:37.130038940,100117,228,99955,328,100147,328,99954,428,100185,100,99925,100,100241,100,99852,100,100299,100,99820,100,100303,100,99806,100,100380,100,99412,100,100540,100,99380,100,100597,100,99154,100,100637,100,98979,100
2019-06-28 09:59:40.000000000,100147,556,99955,556,100185,100,99954,200,100241,100,99925,100,100299,100,99852,100,100303,100,99820,100,100380,100,99806,100,100540,100,99412,100,100597,100,99380,100,100637,100,99154,100,100765,100,98979,100
2019-06-28 09:59:50.000000000,100147,191,99955,191,100185,191,99954,291,100241,191,99925,191,100299,191,99852,191,100303,191,99820,191,100380,100,99806,100,100540,100,99412,100,100597,100,99380,100,100637,100,99154,100,100765,100,98979,100
2019-06-28 09:59:52.543754675,100147,91,99955,191,100185,191,99954,291,100241,191,99925,191,100299,191,99852,191,100303,191,99820,191,100380,100,99806,100,100540,100,99412,100,100597,100,99380,100,100637,100,99154,100,100765,100,98979,100
2019-06-28 10:00:00.000000000,100185,255,99955,255,100241,250,99954,350,100299,250,99925,250,100303,100,99852,100,100380,100,99820,100,100540,100,99806,100,100597,100,99412,100,100637,100,99380,100,100765,100,99154,100,100775,100,98979,100
2019-06-28 10:00:08.895014343,100185,255,100095,100,100241,250,99955,255,100299,250,99954,350,100303,100,99925,250,100380,100,99852,100,100540,100,99820,100,100597,100,99806,100,100637,100,99412,100,100765,100,99380,100,100775,100,99154,100
2019-06-28 10:00:09.118875553,100185,255,100095,100,100241,250,99955,255,100299,250,99954,350,100303,100,99925,250,100380,100,99820,100,100540,100,99806,100,100597,100,99412,100,100637,100,99380,100,100765,100,99154,100,100775,100,98979,100
2019-06-28 10:00:09.151424490,100185,255,100095,100,100241,250,99999,100,100299,250,99955,255,100303,100,99954,350,100380,100,99925,250,100540,100,99820,100,100597,100,99806,100,100637,100,99412,100,100765,100,99380,100,100775,100,99154,100
2019-06-28 10:00:10.000000000,100185,191,100095,191,100241,191,99999,191,100299,191,99955,191,100303,191,99954,291,100380,191,99925,191,100540,100,99820,100,100597,100,99806,100,100637,100,99412,100,100765,100,99380,100,100775,100,99154,100
2019-06-28 10:00:20.000000000,100185,556,100095,556,100241,100,99999,100,100299,100,99955,100,100303,100,99954,200,100380,100,99925,100,100540,100,99820,100,100597,100,99806,100,100637,100,99412,100,100765,100,99380,100,100775,100,99154,100
2019-06-28 10:00:30.000000000,100185,556,100095,556,100241,100,99999,100,100299,100,99955,100,100303,100,99954,200,100380,100,99925,100,100540,100,99820,100,100597,100,99806,100,100637,100,99412,100,100765,100,99380,100,100775,100,99154,100
2019-06-28 10:00:34.794321275,100185,556,100095,556,100241,100,99999,100,100299,100,99955,100,100303,100,99954,200,100380,100,99925,100,100540,100,99820,100,100597,100,99806,100,100637,100,99757,100,100765,100,99412,100,100775,100,99380,100
2019-06-28 10:00:39.012489323,100116,100,100095,556,100185,556,99999,100,100241,100,99955,100,100299,100,99954,200,100303,100,99925,100,100380,100,99820,100,100540,100,99806,100,100597,100,99757,100,100637,100,99412,100,100765,100,99380,100
2019-06-28 10:00:40.000000000,100116,191,100095,191,100185,191,99999,191,100241,191,99955,191,100299,191,99954,291,100303,191,99925,191,100380,100,99820,100,100540,100,99806,100,100597,100,99757,100,100637,100,99412,100,100765,100,99380,100
2019-06-28 10:00:41.922829151,100116,191,100095,91,100185,191,99999,191,100241,191,99955,191,100299,191,99954,291,100303,191,99925,191,100380,100,99820,100,100540,100,99757,100,100597,100,99412,100,100637,100,99380,100,100765,100,99154,100
2019-06-28 10:00:50.000000000,100116,328,99999,328,100185,328,99955,328,100241,100,99954,200,100299,100,99925,100,100303,100,99820,100,100380,100,99757,100,100540,100,99412,100,100597,100,99380,100,100637,100,99154,100,100765,100,98979,100
2019-06-28 10:01:00.000000000,100116,214,99999,214,100185,214,99955,214,100241,214,99954,314,100299,214,99925,214,100303,100,99820,100,100380,100,99757,100,100540,100,99412,100,100597,100,99380,100,100637,100,99154,100,100765,100,98979,100
2019-06-28 10:01:10.000000000,100116,328,99999,328,100185,328,99955,328,100241,100,99954,200,100299,100,99925,100,100303,100,99820,100,100380,100,99757,100,100540,100,99412,100,100597,100,99380,100,100637,100,99154,100,100765,100,98979,100
2019-06-28 10:01:20.000000000,100116,556,99999,556,100185,100,99955,100,100241,100,99954,200,100299,100,99925,100,100303,100,99820,100,100380,100,99757,100,100540,100,99412,100,100597,100,99380,100,100637,100,99154,100,100765,100,98979,100
2019-06-28 10:01:30.000000000,100116,214,99999,214,100185,214,99955,214,100241,214,99954,314,100299,214,99925,214,100303,100,99820,100,100380,100,99757,100,100540,100,99412,100,100597,100,99380,100,100637,100,99154,100,100765,100,98979,100
2019-06-28 10:01:32.510464879,100115,100,99999,214,100116,214,99955,214,100185,214,99954,314,100241,214,99925,214,100299,214,99820,100,100303,100,99757,100,100380,100,99412,100,100540,100,99380,100,100597,100,99154,100,100637,100,98979,100
2019-06-28 10:01:35.200437817,100115,100,99999,214,100116,214,99955,214,100185,214,99954,314,100241,214,99925,214,100299,214,99820,100,100303,100,99757,100,100380,100,99430,100,100540,100,99412,100,100597,100,99380,100,100637,100,99154,100
2019-06-28 10:01:36.225715171,100115,100,99999,214,100116,214,99955,214,100185,214,99954,314,100241,214,99925,214,100299,214,99820,100,100303,100,99757,100,100380,100,99430,100,100540,100,99412,100,100597,100,99380,100,100637,100,99154,100
2019-06-28 10:01:40.000000000,100115,556,99999,556,100116,100,99955,100,100185,100,99954,200,100241,100,99925,100,100299,100,99820,100,100303,100,99757,100,100380,100,99430,100,100540,100,99412,100,100597,100,99380,100,100637,100,99154,100
2019-06-28 10:01:44.721789959,100115,556,99999,556,100116,100,99955,100,100185,100,99954,200,100241,100,99925,100,100299,100,99820,100,100303,100,99757,100,100380,100,99430,100,100540,100,99412,100,100597,100,99380,100,100637,100,99294,100
2019-06-28 10:01:50.000000000,100115,214,99999,214,100116,214,99955,214,100185,214,99954,314,100241,214,99925,214,100299,100,99820,100,100303,100,99757,100,100380,100,99430,100,100540,100,99412,100,100597,100,99380,100,100637,100,99294,100
2019-06-28 10:02:00.000000000,100115,556,99999,556,100116,100,99955,100,100185,100,99954,200,100241,100,99925,100,100299,100,99820,100,100303,100,99757,100,100380,100,99430,100,100540,100,99412,100,100597,100,99380,100,100637,100,99294,100
2019-06-28 10:02:09.685800767,100115,556,99999,556,100116,100,99955,100,100185,100,99954,100,100241,100,99925,100,100299,100,99820,100,100303,100,99757,100,100380,100,99430,100,100540,100,99412,100,100597,100,99380,100,100637,100,99294,100
2019-06-28 10:02:10.000000000,100115,255,99999,255,100116,250,99955,250,100185,250,99954,250,100241,100,99925,100,100299,100,99820,100,100303,100,99757,100,100380,100,99430,100,100540,100,99412,100,100597,100,99380,100,100637,100,99294,100
2019-06-28 10:02:11.386005720,100115,255,99999,155,100116,250,99955,250,100185,250,99954,250,100241,100,99925,100,100299,100,99820,100,100303,100,99757,100,100380,100,99430,100,100540,100,99412,100,100597,100,99380,100,100637,100,99294,100
2019-06-28 10:02:15.467483474,100115,255,99999,155,100116,250,99955,250,100185,250,99954,250,100241,100,99925,100,100299,100,99820,100,100303,100,99757,100,100380,100,99477,100,100540,100,99430,100,100597,100,99412,100,100637,100,99380,100
2019-06-28 10:02:20.000000000,100115,214,99955,214,100116,214,99954,214,100185,214,99925,214,100241,214,99820,214,100299,100,99757,100,100303,100,99477,100,100380,100,99430,100,100540,100,99412,100,100597,100,99380,100,100637,100,99294,100
2019-06-28 10:02:21.932886146,100115,214,99955,214,100116,214,99954,214,100185,214,99925,214,100241,214,99820,214,100299,100,99757,100,100303,100,99742,100,100380,100,99477,100,100540,100,99430,100,100597,100,99380,100,100637,100,99294,100
2019-06-28 10:02:22.355922759,100095,100,99955,214,100115,214,99954,114,100116,214,99925,214,100185,214,99820,214,100241,214,99757,100,100299,100,99742,100,100303,100,99477,100,100380,100,99430,100,100540,100,99380,100,100597,100,99294,100
2019-06-28 10:02:30.000000000,100095,214,99955,214,100115,214,99925,214,100116,214,99820,214,100185,214,99757,214,100241,100,99742,100,100299,100,99477,100,100303,100,99430,100,100380,100,99380,100,100540,100,99294,100,100597,100,99154,100
2019-06-28 10:02:40.000000000,100095,556,99955,556,100115,100,99925,100,100116,100,99820,100,100185,100,99757,100,100241,100,99742,100,100299,100,99477,100,100303,100,99430,100,100380,100,99380,100,100540,100,99294,100,100597,100,99154,100
2019-06-28 10:02:50.000000000,100095,255,99955,255,100115,250,99925,250,100116,250,99820,250,100185,100,99757,100,100241,100,99742,100,100299,100,99477,100,100303,100,99430,100,100380,100,99380,100,100540,100,99294,100,100597,100,99154,100
2019-06-28 10:03:00.000000000,100095,556,99955,556,100115,100,99925,100,100116,100,99820,100,100185,100,99757,100,100241,100,99742,100,100299,100,99477,100,100303,100,99430,100,100380,100,99380,100,100540,100,99294,100,100597,100,99154,100
2019-06-28 10:03:09.147881429,100095,656,99955,556,100115,100,99925,100,100116,100,99820,100,100185,100,99757,100,100241,100,99742,100,100299,100,99477,100,100303,100,99430,100,100380,100,99380,100,100540,100,99294,100,100597,100,99154,100
2019-06-28 10:03:10.000000000,100095,291,99955,191,100115,191,99925,191,100116,191,99820,191,100185,191,99757,191,100241,191,99742,191,100299,100,99477,100,100303,100,99430,100,100380,100,99380,100,100540,100,99294,100,100597,100,99154,100
2019-06-28 10:03:20.000000000,100095,355,99955,255,100115,250,99925,250,100116,250,99820,250,100185,100,99757,100,100241,100,99742,100,100299,100,99477,100,100303,100,99430,100,100380,100,99380,100,100540,100,99294,100,100597,100,99154,100
2019-06-28 10:03:30.000000000,100095,428,99955,328,100115,328,99925,328,100116,100,99820,100,100185,100,99757,100,100241,100,99742,100,100299,100,99477,100,100303,100,99430,100,100380,100,99380,100,100540,100,99294,100,100597,100,99154,100
2019-06-28 10:03:40.000000000,100095,314,99955,214,100115,214,99925,214,100116,214,99820,214,100185,214,99757,214,100241,100,99742,100,100299,100,99477,100,100303,100,99430,100,100380,100,99380,100,100540,100,99294,100,100597,100,99154,100
2019-06-28 10:03:50.000000000,100095,314,99955,214,100115,214,99925,214,100116,214,99820,214,100185,214,99757,214,100241,100,99742,100,100299,100,99477,100,100303,100,99430,100,100380,100,99380,100,100540,100,99294,100,100597,100,99154,100
2019-06-28 10:03:53.901723956,100095,314,99955,214,100115,214,99925,214,100116,214,99820,214,100185,214,99757,214,100241,100,99742,100,100299,100,99657,100,100303,100,99477,100,100380,100,99430,100,100540,100,99380,100,100597,100,99294,100
2019-06-28 10:04:00.000000000,100095,428,99955,328,100115,328,99925,328,100116,100,99820,100,100185,100,99757,100,100241,100,99742,100,100299,100,99657,100,100303,100,99477,100,100380,100,99430,100,100540,100,99380,100,100597,100,99294,100
2019-06-28 10:04:01.759639715,100095,428,99955,228,100115,328,99925,328,100116,100,99820,100,100241,100,99757,100,100299,100,99742,100,100303,100,99657,100,100380,100,99477,100,100540,100,99430,100,100597,100,99380,100,100637,100,99294,100
2019-06-28 10:04:10.000000000,100095,291,99925,191,100115,191,99820,191,100116,191,99757,191,100241,191,99742,191,100299,191,99657,191,100303,100,99477,100,100380,100,99430,100,100540,100,99380,100,100597,100,99294,100,100637,100,99154,100
2019-06-28 10:04:12.101409454,100004,100,99925,191,100095,291,99820,191,100115,191,99757,191,100116,191,99742,191,100241,191,99657,191,100299,191,99477,100,100303,100,99430,100,100380,100,99380,100,100540,100,99294,100,100597,100,99154,100
2019-06-28 10:04:15.539667225,100004,100,99925,191,100095,291,99820,191,100115,191,99757,91,100116,191,99742,191,100241,191,99657,191,100277,100,99477,100,100299,191,99430,100,100303,100,99380,100,100380,100,99294,100,100540,100,99154,100
2019-06-28 10:04:18.366615960,100004,100,99925,91,100095,291,99820,191,100115,191,99757,91,100116,191,99742,191,100241,191,99657,191,100277,100,99477,100,100299,191,99430,100,100303,100,99380,100,100380,100,99294,100,100540,100,98979,100
2019-06-28 10:04:19.638719351,99935,100,99925,91,100004,100,99820,191,100095,291,99757,91,100115,191,99742,191,100116,191,99657,191,100241,191,99477,100,100277,100,99430,100,100299,191,99380,100,100303,100,99294,100,100380,100,98967,100
2019-06-28 10:04:20.000000000,99935,328,99820,328,100004,328,99742,328,100095,200,99657,100,100115,100,99477,100,100116,100,99430,100,100241,100,99380,100,100277,100,99294,100,100299,100,98967,100,100303,100,98877,100,100380,100,98847,100
2019-06-28 10:04:25.604608431,99935,328,99820,228,100004,328,99742,328,100095,200,99657,100,100115,100,99477,100,100116,100,99430,100,100241,100,99380,100,100277,100,99294,100,100299,100,98967,100,100303,100,98877,100,100380,100,98847,100
2019-06-28 10:04:30.000000000,99935,191,99742,191,100004,191,99657,191,100095,291,99477,191,100115,191,99430,191,100116,191,99380,191,100241,100,99294,100,100277,100,98967,100,100299,100,98877,100,100303,100,98847,100,100380,100,98758,100
2019-06-28 10:04:40.000000000,99935,191,99742,191,100004,191,99657,191,100095,291,99477,191,100115,191,99430,191,100116,191,99380,191,100241,100,99294,100,100277,100,98967,100,100299,100,98877,100,100303,100,98847,100,100380,100,98758,100
2019-06-28 10:04:50.000000000,99935,556,99742,556,100004,100,99657,100,100095,200,99477,100,100115,100,99430,100,100116,100,99380,100,100241,100,99294,100,100277,100,98967,100,100299,100,98877,100,100303,100,98847,100,100380,100,98758,100
2019-06-28 10:05:00.000000000,99935,255,99742,255,100004,250,99657,250,100095,350,99477,250,100115,100,99430,100,100116,100,99380,100,100241,100,99294,100,100277,100,98967,100,100299,100,98877,100,100303,100,98847,100,100380,100,98758,100
2019-06-28 10:05:10.000000000,99935,214,99742,214,100004,214,99657,214,100095,314,99477,214,100115,214,99430,214,100116,100,99380,100,100241,100,99294,100,100277,100,98967,100,100299,100,98877,100,100303,100,98847,100,100380,100,98758,100
2019-06-28 10:05:20.000000000,99935,214,99742,214,100004,214,99657,214,100095,314,99477,214,100115,214,99430,214,100116,100,99380,100,100241,100,99294,100,100277,100,98967,100,100299,100,98877,100,100303,100,98847,100,100380,100,98758,100
2019-06-28 10:05:25.242363166,99935,214,99742,114,100004,214,99657,214,100095,314,99477,214,100115,214,99430,214,100116,100,99380,100,100241,100,98967,100,100277,100,98877,100,100299,100,98847,100,100303,100,98758,100,100380,100,98746,100
2019-06-28 10:05:30.000000000,99935,556,99657,556,100004,100,99477,100,100095,200,99430,100,100115,100,99380,100,100116,100,98967,100,100241,100,98877,100,100277,100,98847,100,100299,100,98758,100,100303,100,98746,100,100380,100,98676,100
2019-06-28 10:05:30.098890666,99935,556,99657,556,100004,100,99477,100,100095,200,99430,100,100115,100,99380,100,100116,100,99115,100,100241,100,98967,100,100277,100,98877,100,100299,100,98847,100,100303,100,98758,100,100380,100,98746,100
2019-06-28 10:05:37.292275726,99820,100,99657,556,99935,556,99477,100,100004,100,99430,100,100095,200,99380,100,100115,100,99115,100,100116,100,98967,100,100241,100,98877,100,100277,100,98847,100,100299,100,98758,100,100303,100,98746,100
2019-06-28 10:05:40.000000000,99820,556,99657,556,99935,100,99477,100,100004,100,99430,100,100095,200,99380,100,100115,100,99115,100,100116,100,98967,100,100241,100,98877,100,100277,100,98847,100,100299,100,98758,100,100303,100,98746,100
2019-06-28 10:05:50.000000000,99820,191,99657,191,99935,191,99477,191,100004,191,99430,191,100095,291,99380,191,100115,191,99115,191,100116,100,98967,100,100241,100,98877,100,100277,100,98847,100,100299,100,98758,100,100303,100,98746,100
2019-06-28 10:05:50.160993418,99820,291,99657,191,99935,191,99477,191,100004,191,99430,191,100095,291,99380,191,100115,191,99115,191,100116,100,98967,100,100241,100,98877,100,100277,100,98847,100,100299,100,98758,100,100303,100,98746,100
2019-06-28 10:05:56.924668823,99820,291,99657,91,99935,191,99477,191,100004,191,99430,191,100095,291,99380,191,100115,191,99115,191,100116,100,98967,100,100241,100,98877,100,100277,100,98847,100,100299,100,98758,100,100303,100,98746,100
2019-06-28 10:06:00.000000000,99820,314,99477,214,99935,214,99430,214,100004,214,99380,214,100095,314,99115,214,100115,100,98967,100,100116,100,98877,100,100241,100,98847,100,100277,100,98758,100,100299,100,98746,100,100303,100,98676,100
2019-06-28 10:06:10.000000000,99820,291,99477,191,99935,191,99430,191,100004,191,99380,191,100095,291,99115,191,100115,191,98967,191,100116,100,98877,100,100241,100,98847,100,100277,100,98758,100,100299,100,98746,100,100303,100,98676,100
2019-06-28 10:06:10.708567594,99820,191,99477,191,99935,191,99430,191,100004,191,99380,191,100095,291,99115,191,100115,191,98967,191,100116,100,98877,100,100241,100,98847,100,100277,100,98758,100,100299,100,98746,100,100303,100,98676,100
2019-06-28 10:06:20.000000000,99820,214,99477,214,99935,214,99430,214,100004,214,99380,214,100095,314,99115,214,100115,100,98967,100,100116,100,98877,100,100241,100,98847,100,100277,100,98758,100,100299,100,98746,100,100303,100,98676,100
2019-06-28 10:06:30.000000000,99820,556,99477,556,99935,100,99430,100,100004,100,99380,100,100095,200,99115,100,100115,100,98967,100,100116,100,98877,100,100241,100,98847,100,100277,100,98758,100,100299,100,98746,100,100303,100,98676,100
2019-06-28 10:06:40.000000000,99820,214,99477,214,99935,214,99430,214,100004,214,99380,214,100095,314,99115,214,100115,100,98967,100,100116,100,98877,100,100241,100,98847,100,100277,100,98758,100,100299,100,98746,100,100303,100,98676,100
2019-06-28 10:06:50.000000000,99820,255,99477,255,99935,250,99430,250,100004,250,99380,250,100095,200,99115,100,100115,100,98967,100,100116,100,98877,100,100241,100,98847,100,100277,100,98758,100,100299,100,98746,100,100303,100,98676,100
2019-06-28 10:07:00.000000000,99820,556,99477,556,99935,100,99430,100,100004,100,99380,100,100095,200,99115,100,100115,100,98967,100,100116,100,98877,100,100241,100,98847,100,100277,100,98758,100,100299,100,98746,100,100303,100,98676,100
2019-06-28 10:07:09.641415169,99820,556,99477,556,99935,100,99430,100,100004,100,99380,100,100095,200,99115,100,100115,100,99015,100,100116,100,98967,100,100241,100,98877,100,100277,100,98847,100,100299,100,98758,100,100303,100,98746,100
2019-06-28 10:07:10.000000000,99820,556,99477,556,99935,100,99430,100,100004,100,99380,100,100095,200,99115,100,100115,100,99015,100,100116,100,98967,100,100241,100,98877,100,100277,100,98847,100,100299,100,98758,100,100303,100,98746,100
