,ask_price_1,ask_size_1,bid_price_1,bid_size_1,ask_price_2,ask_size_2,bid_price_2,bid_size_2,ask_price_3,ask_size_3,bid_price_3,bid_size_3,ask_price_4,ask_size_4,bid_price_4,bid_size_4,ask_price_5,ask_size_5,bid_price_5,bid_size_5,ask_price_6,ask_size_6,bid_price_6,bid_size_6,ask_price_7,ask_size_7,bid_price_7,bid_size_7,ask_price_8,ask_size_8,bid_price_8,bid_size_8,ask_price_9,ask_size_9,bid_price_9,bid_size_9,ask_price_10,ask_size_10,bid_price_10,bid_size_10
2019-06-28 09:30:00.000000000,99964,100,,,,,,,,,,,,,,,,,,,,,,,,,,,,,,,,,,,,,,
2019-06-28 09:30:00.000000001,99964,100,,,100095,100,,,,,,,,,,,,,,,,,,,,,,,,,,,,,,,,,,
2019-06-28 09:30:00.000000002,99964,100,,,100061,100,,,100095,100,,,,,,,,,,,,,,,,,,,,,,,,,,,,,,
2019-06-28 09:30:00.000000005,99964,100,99882,100,100061,100,,,100065,100,,,100095,100,,,,,,,,,,,,,,,,,,,,,,,,,,
2019-06-28 09:30:00.000000006,100061,100,99924,100,100065,100,99882,100,100079,100,,,100095,100,,,,,,,,,,,,,,,,,,,,,,,,,,
2019-06-28 09:30:00.000000010,100042,100,99924,100,100061,100,99882,100,100065,100,,,100079,100,,,100095,100,,,,,,,,,,,,,,,,,,,,,,
2019-06-28 09:30:00.000000011,100042,100,99924,100,100061,100,99922,100,100065,100,99882,100,100079,100,,,100095,100,,,,,,,,,,,,,,,,,,,,,,
2019-06-28 09:30:00.000000018,100042,100,99924,100,100061,100,99922,100,100065,100,99882,100,100066,100,,,100079,100,,,100095,100,,,,,,,,,,,,,,,,,,
2019-06-28 09:30:00.000000019,100042,100,99924,100,100061,100,99922,100,100065,100,99882,100,100066,100,99864,100,100073,100,,,100079,100,,,100095,100,,,,,,,,,,,,,,
2019-06-28 09:30:00.000000024,100007,100,99922,100,100024,100,99882,100,100042,100,99864,100,100046,100,,,100061,100,,,100065,100,,,100066,100,,,100073,100,,,100079,100,,,100095,100,,
2019-06-28 09:30:00.000000026,100007,100,99922,100,100024,100,99882,100,100042,100,99864,100,100046,100,,,100048,100,,,100061,100,,,100065,100,,,100066,100,,,100073,100,,,100079,100,,
2019-06-28 09:30:00.000000029,100007,100,99922,100,100024,100,99900,100,100042,100,99882,100,100046,100,99864,100,100048,100,,,100061,100,,,100065,100,,,100066,100,,,100073,100,,,100079,100,,
2019-06-28 09:30:00.000000031,100007,100,99922,100,100024,100,99903,100,100042,100,99900,100,100046,100,99882,100,100048,100,99864,100,100061,100,,,100065,100,,,100066,100,,,100073,100,,,100079,100,,
2019-06-28 09:30:00.000000033,100007,100,99924,100,100024,100,99922,100,100042,100,99903,100,100046,100,99900,100,100048,100,99882,100,100061,100,99864,100,100065,100,,,100066,100,,,100073,100,,,100079,100,,
2019-06-28 09:30:00.000000036,99955,100,99924,100,99969,100,99922,100,100007,100,99903,100,100024,100,99900,100,100042,100,99882,100,100046,100,99864,100,100048,100,,,100061,100,,,100065,100,,,100066,100,,
2019-06-28 09:30:00.000000039,99955,100,99924,100,99969,100,99922,100,100007,100,99903,100,100024,100,99900,100,100042,100,99882,100,100046,100,99864,100,100048,100,,,100061,100,,,100065,100,,,100066,100,,
2019-06-28 09:30:00.000000041,99955,100,99924,100,99969,100,99922,100,100007,100,99903,100,100024,100,99900,100,100039,100,99882,100,100042,100,99864,100,100046,100,,,100048,100,,,100061,100,,,100065,100,,
2019-06-28 09:30:00.000000043,99969,100,99924,100,100007,100,99922,100,100024,100,99903,100,100039,100,99900,100,100042,100,99882,100,100046,100,99864,100,100048,100,,,100061,100,,,100065,100,,,100066,100,,
2019-06-28 09:30:00.000000045,99969,100,99925,100,100007,100,99924,100,100024,100,99922,100,100039,100,99903,100,100042,100,99900,100,100046,100,99882,100,100048,100,99864,100,100061,100,,,100065,100,,,100066,100,,
2019-06-28 09:30:00.000000046,99969,100,99925,100,100007,100,99924,100,100010,100,99922,100,100024,100,99903,100,100039,100,99900,100,100042,100,99882,100,100046,100,99864,100,100048,100,,,100061,100,,,100065,100,,
2019-06-28 09:30:00.000000047,99969,100,99925,100,100007,100,99924,100,100010,100,99922,100,100024,100,99903,100,100039,100,99900,100,100042,100,99882,100,100046,100,99864,100,100048,100,99858,100,100061,100,,,100065,100,,
2019-06-28 09:30:00.000000048,99968,100,99925,100,99969,100,99924,100,100007,100,99922,100,100010,100,99903,100,100024,100,99900,100,100039,100,99882,100,100042,100,99864,100,100046,100,99858,100,100048,100,,,100061,100,,
2019-06-28 09:30:00.000000051,99968,100,99925,100,99969,100,99924,100,100007,100,99922,100,100010,100,99903,100,100024,100,99900,100,100039,100,99882,100,100042,100,99864,100,100046,100,99858,100,100048,100,,,100053,100,,
2019-06-28 09:30:00.000000052,99968,100,99925,100,99969,100,99924,100,100007,100,99922,100,100010,100,99903,100,100024,100,99900,100,100039,100,99882,100,100042,100,99864,100,100046,100,99858,100,100048,100,,,100053,100,,
2019-06-28 09:30:00.000000054,99968,100,99925,100,99969,100,99924,100,100007,100,99922,100,100010,100,99903,100,100024,100,99900,100,100039,100,99882,100,100042,100,99864,100,100046,100,99858,100,100048,100,99767,100,100053,100,,
2019-06-28 09:30:00.000000056,99968,100,99925,100,99969,100,99924,100,99973,100,99922,100,100007,100,99903,100,100010,100,99900,100,100024,100,99882,100,100039,100,99864,100,100042,100,99858,100,100046,100,99767,100,100048,100,,
2019-06-28 09:30:00.000000059,99968,100,99925,100,99969,100,99924,100,99973,100,99922,100,100007,100,99917,100,100010,100,99903,100,100024,100,99900,100,100039,100,99882,100,100042,100,99864,100,100046,100,99858,100,100048,100,99767,100
2019-06-28 09:30:00.000000062,99969,100,99925,100,99973,100,99924,100,100007,100,99922,100,100010,100,99920,100,100024,100,99917,100,100039,100,99903,100,100042,100,99900,100,100046,100,99882,100,100048,100,99864,100,100053,100,99858,100
2019-06-28 09:30:00.000000063,99973,100,99968,100,100007,100,99925,100,100010,100,99924,100,100024,100,99922,100,100039,100,99920,100,100042,100,99917,100,100046,100,99903,100,100048,100,99900,100,100053,100,99882,100,100061,100,99864,100
2019-06-28 09:30:00.000000070,99973,100,99968,100,100007,100,99963,100,100010,100,99925,100,100024,100,99924,100,100039,100,99922,100,100042,100,99920,100,100046,100,99917,100,100048,100,99903,100,100053,100,99900,100,100061,100,99882,100
2019-06-28 09:30:00.000000072,99973,100,99968,100,100007,100,99963,100,100010,100,99925,100,100024,100,99924,100,100027,100,99922,100,100039,100,99920,100,100042,100,99917,100,100046,100,99903,100,100048,100,99900,100,100053,100,99882,100
2019-06-28 09:30:00.000000076,99973,100,99968,200,100007,100,99963,100,100010,100,99925,100,100024,100,99924,100,100027,100,99922,100,100039,100,99920,100,100042,100,99917,100,100046,100,99903,100,100048,100,99900,100,100053,100,99882,100
2019-06-28 09:30:00.000000077,99973,100,99968,200,100007,100,99963,100,100010,100,99925,100,100024,100,99924,100,100027,100,99922,100,100039,100,99920,100,100042,100,99917,100,100046,100,99903,100,100048,100,99900,100,100053,100,99882,100
2019-06-28 09:30:00.000000078,99973,100,99968,200,100007,100,99963,100,100010,100,99953,100,100024,100,99925,100,100027,100,99924,100,100039,100,99922,100,100042,100,99920,100,100046,100,99917,100,100048,100,99903,100,100053,100,99900,100
2019-06-28 09:30:00.000000080,100007,100,99968,200,100010,100,99963,100,100024,100,99953,100,100027,100,99925,100,100039,100,99924,100,100042,100,99922,100,100046,100,99920,100,100048,100,99917,100,100053,100,99903,100,100061,100,99900,100
2019-06-28 09:30:00.000000081,100007,100,99968,200,100010,100,99963,100,100024,100,99953,100,100027,100,99925,100,100039,100,99924,100,100042,100,99922,100,100046,100,99920,100,100048,100,99917,100,100053,100,99903,100,100061,100,99900,100
2019-06-28 09:30:00.000000082,100007,100,99969,100,100010,100,99968,200,100024,100,99963,100,100027,100,99953,100,100039,100,99925,100,100042,100,99924,100,100046,100,99922,100,100048,100,99920,100,100053,100,99917,100,100061,100,99903,100
2019-06-28 09:30:00.000000083,100007,100,99969,100,100010,100,99968,200,100024,100,99963,100,100027,100,99953,100,100039,100,99925,100,100042,100,99924,100,100046,100,99922,100,100048,100,99920,100,100053,100,99917,100,100061,100,99903,100
2019-06-28 09:30:00.000000086,100007,100,99969,100,100010,100,99968,200,100024,100,99963,100,100027,100,99953,100,100039,100,99925,100,100042,100,99924,100,100046,100,99922,100,100048,100,99920,100,100053,100,99917,100,100061,100,99903,100
2019-06-28 09:30:00.000000087,100007,100,99969,200,100010,100,99968,200,100024,100,99963,100,100027,100,99953,100,100039,100,99925,100,100042,100,99924,100,100046,100,99922,100,100048,100,99920,100,100053,100,99917,100,100061,100,99903,100
2019-06-28 09:30:00.000000091,100007,100,99969,200,100010,100,99968,200,100024,100,99963,100,100027,100,99953,100,100039,100,99925,100,100042,100,99924,100,100046,100,99922,100,100048,100,99920,100,100053,100,99917,100,100061,100,99903,100
2019-06-28 09:30:00.000000097,100007,100,99969,200,100010,100,99968,200,100024,100,99963,100,100027,100,99953,100,100039,100,99925,100,100042,100,99924,100,100046,100,99922,100,100048,100,99920,100,100053,100,99917,100,100061,100,99903,100
2019-06-28 09:30:00.000000098,100007,100,99974,100,100010,100,99969,200,100024,100,99968,200,100027,100,99963,100,100039,100,99953,100,100042,100,99925,100,100046,100,99924,100,100048,100,99922,100,100053,100,99920,100,100061,100,99917,100
2019-06-28 09:30:00.000000099,99994,100,99974,100,100007,100,99969,200,100010,100,99968,200,100024,100,99963,100,100027,100,99953,100,100039,100,99925,100,100042,100,99924,100,100046,100,99922,100,100048,100,99920,100,100053,100,99917,100
2019-06-28 09:30:06.123890791,99994,100,99974,100,100007,100,99969,200,100010,100,99968,200,100024,100,99963,100,100027,100,99953,100,100039,100,99925,100,100042,100,99924,100,100046,100,99922,100,100048,100,99920,100,100053,100,99917,100
2019-06-28 09:30:10.000000000,99994,219,99974,219,100007,219,99969,319,100010,219,99968,319,100024,219,99963,219,100027,100,99953,100,100039,100,99925,100,100042,100,99924,100,100046,100,99922,100,100048,100,99920,100,100053,100,99917,100
2019-06-28 09:30:16.952601925,99994,219,99974,219,100007,219,99969,419,100010,219,99968,319,100024,219,99963,219,100027,100,99953,100,100039,100,99925,100,100042,100,99924,100,100046,100,99922,100,100048,100,99920,100,100053,100,99917,100
2019-06-28 09:30:18.452663011,99994,219,99974,219,100007,219,99969,419,100010,219,99968,319,100024,219,99963,219,100027,100,99953,100,100039,100,99925,100,100042,100,99924,100,100046,100,99922,100,100048,100,99920,100,100053,100,99917,100
2019-06-28 09:30:20.000000000,99994,338,99974,338,100007,338,99969,538,100010,100,99968,200,100024,100,99963,100,100027,100,99953,100,100039,100,99925,100,100042,100,99924,100,100046,100,99922,100,100048,100,99920,100,100053,100,99917,100
2019-06-28 09:30:22.135635385,99994,338,99974,338,100007,338,99969,438,100010,100,99968,200,100024,100,99963,100,100027,100,99953,100,100039,100,99925,100,100042,100,99924,100,100046,100,99922,100,100048,100,99920,100,100053,100,99917,100
2019-06-28 09:30:30.000000000,99994,219,99974,219,100007,219,99969,319,100010,219,99968,319,100024,219,99963,219,100027,100,99953,100,100039,100,99925,100,100042,100,99924,100,100046,100,99922,100,100048,100,99920,100,100053,100,99917,100
2019-06-28 09:30:33.333970384,99994,119,99974,219,100007,219,99969,319,100010,219,99968,319,100024,219,99963,219,100027,100,99953,100,100039,100,99925,100,100042,100,99924,100,100046,100,99922,100,100048,100,99920,100,100053,100,99917,100
2019-06-28 09:30:36.888414213,99994,19,99974,219,100007,219,99969,319,100010,119,99968,319,100024,219,99963,219,100027,100,99953,100,100039,100,99925,100,100042,100,99924,100,100046,100,99922,100,100048,100,99920,100,100053,100,99917,100
2019-06-28 09:30:40.000000000,100007,219,99974,219,100024,219,99969,319,100027,219,99968,319,100039,219,99963,219,100042,100,99953,100,100046,100,99925,100,100048,100,99924,100,100053,100,99922,100,100061,100,99920,100,100062,100,99917,100
2019-06-28 09:30:41.746892609,100007,119,99974,219,100024,219,99969,319,100027,219,99968,319,100039,219,99963,219,100042,100,99953,100,100046,100,99925,100,100048,100,99924,100,100053,100,99922,100,100061,100,99920,100,100062,100,99917,100
2019-06-28 09:30:47.720883568,100007,119,99994,100,100024,219,99974,219,100027,219,99969,319,100039,219,99968,319,100042,100,99963,219,100046,100,99953,100,100048,100,99925,100,100053,100,99924,100,100061,100,99922,100,100062,100,99920,100
2019-06-28 09:30:50.000000000,100024,195,99994,195,100027,195,99974,195,100039,195,99969,295,100042,195,99968,295,100046,195,99963,195,100048,100,99953,100,100053,100,99925,100,100061,100,99924,100,100062,100,99922,100,100065,100,99920,100
2019-06-28 09:31:00.000000000,100024,262,99994,262,100027,257,99974,257,100039,257,99969,357,100042,100,99968,200,100046,100,99963,100,100048,100,99953,100,100053,100,99925,100,100061,100,99924,100,100062,100,99922,100,100065,100,99920,100
2019-06-28 09:31:07.950644450,100024,162,99994,262,100027,257,99974,257,100039,257,99969,357,100042,100,99968,200,100046,100,99963,100,100048,100,99953,100,100053,100,99925,100,100061,100,99924,100,100062,100,99922,100,100065,100,99920,100
2019-06-28 09:31:10.000000000,100027,262,99994,262,100039,257,99974,257,100042,257,99969,357,100046,100,99968,200,100048,100,99963,100,100053,100,99953,100,100061,100,99925,100,100062,100,99924,100,100065,100,99922,100,100066,100,99920,100
2019-06-28 09:31:13.863915569,100027,262,100025,100,100039,257,99994,262,100042,257,99974,257,100046,100,99969,357,100048,100,99968,200,100053,100,99963,100,100061,100,99953,100,100062,100,99925,100,100065,100,99924,100,100066,100,99922,100
2019-06-28 09:31:20.000000000,100027,576,100025,576,100039,100,99994,100,100042,100,99974,100,100046,100,99969,200,100048,100,99968,200,100053,100,99963,100,100061,100,99953,100,100062,100,99925,100,100065,100,99924,100,100066,100,99922,100
2019-06-28 09:31:20.874973998,100027,576,100025,576,100039,100,99994,100,100042,100,99974,100,100046,100,99969,200,100048,100,99968,200,100053,100,99963,100,100061,100,99953,100,100062,100,99925,100,100066,100,99924,100,100070,100,99922,100
2019-06-28 09:31:24.083294612,100027,576,100025,576,100039,100,99994,100,100042,100,99981,100,100046,100,99974,100,100048,100,99969,200,100053,100,99968,200,100061,100,99963,100,100062,100,99953,100,100066,100,99925,100,100070,100,99924,100
2019-06-28 09:31:26.532082507,100027,576,100025,576,100039,100,99994,100,100042,100,99981,100,100046,100,99974,100,100048,100,99969,200,100053,100,99968,200,100061,100,99963,100,100062,100,99953,100,100066,100,99925,100,100070,100,99924,100
2019-06-28 09:31:30.000000000,100027,576,100025,576,100039,100,99994,100,100042,100,99981,100,100046,100,99974,100,100048,100,99969,200,100053,100,99968,200,100061,100,99963,100,100062,100,99953,100,100066,100,99925,100,100070,100,99924,100
2019-06-28 09:31:40.000000000,100027,338,100025,338,100039,338,99994,338,100042,100,99981,100,100046,100,99974,100,100048,100,99969,200,100053,100,99968,200,100061,100,99963,100,100062,100,99953,100,100066,100,99925,100,100070,100,99924,100
2019-06-28 09:31:42.690902167,100027,338,100025,338,100039,338,99994,338,100042,100,99981,100,100046,100,99974,100,100048,100,99969,200,100053,100,99968,200,100061,100,99963,100,100062,100,99953,100,100066,100,99925,100,100070,100,99924,100
2019-06-28 09:31:44.785332023,100027,338,100025,238,100039,338,99994,338,100042,100,99981,100,100046,100,99974,100,100048,100,99969,200,100053,100,99968,200,100061,100,99963,100,100062,100,99953,100,100066,100,99925,100,100070,100,99924,100
2019-06-28 09:31:50.000000000,100027,195,99994,195,100039,195,99981,195,100042,195,99974,195,100046,195,99969,295,100048,195,99968,295,100053,100,99963,100,100061,100,99953,100,100062,100,99925,100,100066,100,99924,100,100070,100,99922,100
2019-06-28 09:31:56.779264930,100006,100,99994,195,100027,195,99981,195,100039,195,99974,195,100042,195,99969,295,100046,195,99968,295,100048,195,99963,100,100053,100,99953,100,100061,100,99925,100,100062,100,99924,100,100066,100,99922,100
2019-06-28 09:32:00.000000000,100006,576,99994,576,100027,100,99981,100,100039,100,99974,100,100042,100,99969,200,100046,100,99968,200,100048,100,99963,100,100053,100,99953,100,100061,100,99925,100,100062,100,99924,100,100066,100,99922,100
2019-06-28 09:32:10.000000000,100006,576,99994,576,100027,100,99981,100,100039,100,99974,100,100042,100,99969,200,100046,100,99968,200,100048,100,99963,100,100053,100,99953,100,100061,100,99925,100,100062,100,99924,100,100066,100,99922,100
2019-06-28 09:32:13.730893548,100006,576,99994,576,100027,100,99981,100,100039,100,99974,100,100042,100,99969,200,100046,100,99968,200,100048,100,99963,100,100053,100,99953,100,100061,100,99925,100,100062,100,99924,100,100066,100,99922,100
2019-06-28 09:32:14.059359768,100006,576,99994,576,100027,100,99981,100,100039,100,99974,100,100042,100,99969,200,100046,100,99968,200,100048,100,99963,100,100053,100,99953,100,100061,100,99925,100,100062,100,99924,100,100066,100,99922,100
2019-06-28 09:32:20.000000000,100006,262,99994,262,100027,257,99981,257,100039,257,99974,257,100042,100,99969,200,100046,100,99968,200,100048,100,99963,100,100053,100,99953,100,100061,100,99925,100,100062,100,99924,100,100066,100,99922,100
2019-06-28 09:32:28.181675371,100006,162,99994,262,100027,257,99981,257,100039,257,99974,257,100042,100,99969,200,100046,100,99968,200,100048,100,99963,100,100053,100,99953,100,100061,100,99925,100,100062,100,99924,100,100066,100,99922,100
2019-06-28 09:32:30.000000000,100027,262,99994,262,100039,257,99981,257,100042,257,99974,257,100046,100,99969,200,100048,100,99968,200,100053,100,99963,100,100061,100,99953,100,100062,100,99925,100,100066,100,99924,100,100070,100,99922,100
2019-06-28 09:32:32.656075715,100027,262,99994,262,100039,257,99981,257,100042,257,99974,257,100046,100,99969,200,100048,100,99968,200,100053,100,99963,100,100061,100,99953,100,100062,100,99925,100,100066,100,99924,100,100070,100,99922,100
2019-06-28 09:32:40.000000000,100027,576,99994,576,100039,100,99981,100,100042,100,99974,100,100046,100,99969,200,100048,100,99968,200,100053,100,99963,100,100061,100,99953,100,100062,100,99925,100,100066,100,99924,100,100070,100,99922,100
2019-06-28 09:32:50.000000000,100027,338,99994,338,100039,338,99981,338,100042,100,99974,100,100046,100,99969,200,100048,100,99968,200,100053,100,99963,100,100061,100,99953,100,100062,100,99925,100,100066,100,99924,100,100070,100,99922,100
2019-06-28 09:33:00.000000000,100027,195,99994,195,100039,195,99981,195,100042,195,99974,195,100046,195,99969,295,100048,195,99968,295,100053,100,99963,100,100061,100,99953,100,100062,100,99925,100,100066,100,99924,100,100070,100,99922,100
2019-06-28 09:33:10.000000000,100027,338,99994,338,100039,338,99981,338,100042,100,99974,100,100046,100,99969,200,100048,100,99968,200,100053,100,99963,100,100061,100,99953,100,100062,100,99925,100,100066,100,99924,100,100070,100,99922,100
2019-06-28 09:33:20.000000000,100027,338,99994,338,100039,338,99981,338,100042,100,99974,100,100046,100,99969,200,100048,100,99968,200,100053,100,99963,100,100061,100,99953,100,100062,100,99925,100,100066,100,99924,100,100070,100,99922,100
2019-06-28 09:33:30.000000000,100027,338,99994,338,100039,338,99981,338,100042,100,99974,100,100046,100,99969,200,100048,100,99968,200,100053,100,99963,100,100061,100,99953,100,100062,100,99925,100,100066,100,99924,100,100070,100,99922,100
2019-06-28 09:33:40.000000000,100027,219,99994,219,100039,219,99981,219,100042,219,99974,219,100046,219,99969,319,100048,100,99968,200,100053,100,99963,100,100061,100,99953,100,100062,100,99925,100,100066,100,99924,100,100070,100,99922,100
2019-06-28 09:33:48.750778740,100027,219,99994,219,100039,219,99981,219,100042,219,99974,219,100046,219,99969,319,100048,100,99968,200,100053,100,99963,100,100061,100,99953,100,100062,100,99925,100,100066,100,99924,100,100070,100,99922,100
2019-06-28 09:33:50.000000000,100027,338,99994,338,100039,338,99981,338,100042,100,99974,100,100046,100,99969,200,100048,100,99968,200,100053,100,99963,100,100061,100,99953,100,100062,100,99925,100,100066,100,99924,100,100070,100,99922,100
2019-06-28 09:34:00.000000000,100027,262,99994,262,100039,257,99981,257,100042,257,99974,257,100046,100,99969,200,100048,100,99968,200,100053,100,99963,100,100061,100,99953,100,100062,100,99925,100,100066,100,99924,100,100070,100,99922,100
2019-06-28 09:34:10.000000000,100027,576,99994,576,100039,100,99981,100,100042,100,99974,100,100046,100,99969,200,100048,100,99968,200,100053,100,99963,100,100061,100,99953,100,100062,100,99925,100,100066,100,99924,100,100070,100,99922,100
2019-06-28 09:34:15.762918428,100027,576,99994,576,100039,100,99981,100,100042,100,99974,100,100046,100,99969,200,100048,100,99968,200,100053,100,99963,100,100061,100,99953,100,100062,100,99925,100,100066,100,99924,100,100070,100,99922,100
2019-06-28 09:34:17.152495097,100005,100,99994,576,100027,576,99981,100,100039,100,99974,100,100042,100,99969,200,100046,100,99968,200,100048,100,99963,100,100053,100,99953,100,100061,100,99925,100,100062,100,99924,100,100066,100,99922,100
2019-06-28 09:34:20.000000000,100005,195,99994,195,100027,195,99981,195,100039,195,99974,195,100042,195,99969,295,100046,195,99968,295,100048,100,99963,100,100053,100,99953,100,100061,100,99925,100,100062,100,99924,100,100066,100,99922,100
2019-06-28 09:34:30.000000000,100005,576,99994,576,100027,100,99981,100,100039,100,99974,100,100042,100,99969,200,100046,100,99968,200,100048,100,99963,100,100053,100,99953,100,100061,100,99925,100,100062,100,99924,100,100066,100,99922,100
2019-06-28 09:34:40.000000000,100005,195,99994,195,100027,195,99981,195,100039,195,99974,195,100042,195,99969,295,100046,195,99968,295,100048,100,99963,100,100053,100,99953,100,100061,100,99925,100,100062,100,99924,100,100066,100,99922,100
2019-06-28 09:34:50.000000000,100005,338,99994,338,100027,338,99981,338,100039,100,99974,100,100042,100,99969,200,100046,100,99968,200,100048,100,99963,100,100053,100,99953,100,100061,100,99925,100,100062,100,99924,100,100066,100,99922,100
2019-06-28 09:35:00.000000000,100005,195,99994,195,100027,195,99981,195,100039,195,99974,195,100042,195,99969,295,100046,195,99968,295,100048,100,99963,100,100053,100,99953,100,100061,100,99925,100,100062,100,99924,100,100066,100,99922,100
2019-06-28 09:35:10.000000000,100005,576,99994,576,100027,100,99981,100,100039,100,99974,100,100042,100,99969,200,100046,100,99968,200,100048,100,99963,100,100053,100,99953,100,100061,100,99925,100,100062,100,99924,100,100066,100,99922,100
2019-06-28 09:35:15.338310308,100005,576,99994,576,100027,100,99981,100,100039,100,99974,100,100042,100,99969,200,100046,100,99968,200,100048,100,99963,100,100053,100,99953,100,100061,100,99925,100,100062,100,99924,100,100066,100,99922,100
2019-06-28 09:35:20.000000000,100005,576,99994,576,100027,100,99981,100,100039,100,99974,100,100042,100,99969,200,100046,100,99968,200,100048,100,99963,100,100053,100,99953,100,100061,100,99925,100,100062,100,99924,100,100066,100,99922,100
2019-06-28 09:35:26.739313966,100005,576,99994,576,100027,100,99981,100,100039,100,99974,100,100042,100,99969,200,100046,100,99968,200,100048,100,99963,100,100053,100,99953,100,100061,100,99925,100,100062,100,99924,100,100066,100,99922,100
2019-06-28 09:35:27.987613879,100005,476,99994,576,100027,100,99981,100,100039,100,99974,100,100042,100,99969,200,100046,100,99968,200,100048,100,99963,100,100053,100,99953,100,100061,100,99925,100,100062,100,99924,100,100066,100,99922,100
2019-06-28 09:35:30.000000000,100027,195,99994,195,100039,195,99981,195,100042,195,99974,195,100046,195,99969,295,100048,195,99968,295,100053,100,99963,100,100061,100,99953,100,100062,100,99925,100,100066,100,99924,100,100070,100,99922,100
2019-06-28 09:35:40.000000000,100027,576,99994,576,100039,100,99981,100,100042,100,99974,100,100046,100,99969,200,100048,100,99968,200,100053,100,99963,100,100061,100,99953,100,100062,100,99925,100,100066,100,99924,100,100070,100,99922,100
2019-06-28 09:35:45.412968958,100027,576,99994,576,100039,100,99981,100,100042,100,99974,100,100046,100,99969,200,100048,100,99968,200,100053,100,99963,100,100061,100,99953,100,100062,100,99925,100,100066,100,99924,100,100070,100,99922,100
2019-06-28 09:35:50.000000000,100027,338,99994,338,100039,338,99981,338,100042,100,99974,100,100046,100,99969,200,100048,100,99968,200,100053,100,99963,100,100061,100,99953,100,100062,100,99925,100,100066,100,99924,100,100070,100,99922,100
2019-06-28 09:35:50.412150990,100027,338,99994,338,100039,338,99981,338,100042,100,99974,100,100046,100,99969,200,100048,100,99968,200,100053,100,99963,100,100061,100,99953,100,100062,100,99925,100,100066,100,99924,100,100070,100,99922,100
2019-06-28 09:35:50.687116478,100027,338,99994,338,100035,100,99981,338,100039,338,99974,100,100042,100,99969,200,100046,100,99968,200,100048,100,99963,100,100053,100,99953,100,100061,100,99925,100,100062,100,99924,100,100066,100,99922,100
2019-06-28 09:35:56.780713027,100013,100,99994,338,100027,338,99981,238,100035,100,99974,100,100039,338,99969,200,100042,100,99968,200,100046,100,99963,100,100048,100,99953,100,100053,100,99925,100,100061,100,99924,100,100062,100,99922,100
2019-06-28 09:36:00.000000000,100013,576,99994,576,100027,100,99974,100,100035,100,99969,200,100039,100,99968,200,100042,100,99963,100,100046,100,99953,100,100048,100,99925,100,100053,100,99924,100,100061,100,99922,100,100062,100,99920,100
2019-06-28 09:36:09.932796018,100013,576,99994,576,100027,100,99974,100,100035,100,99969,200,100039,100,99968,100,100042,100,99963,100,100046,100,99953,100,100048,100,99925,100,100053,100,99924,100,100061,100,99922,100,100062,100,99920,100
2019-06-28 09:36:10.000000000,100013,262,99994,262,100027,257,99974,257,100035,257,99969,357,100039,100,99968,100,100042,100,99963,100,100046,100,99953,100,100048,100,99925,100,100053,100,99924,100,100061,100,99922,100,100062,100,99920,100
2019-06-28 09:36:17.470957545,100004,100,99994,262,100013,262,99974,257,100027,257,99969,357,100035,257,99968,100,100039,100,99963,100,100042,100,99953,100,100046,100,99925,100,100048,100,99924,100,100053,100,99922,100,100061,100,99920,100
2019-06-28 09:36:20.000000000,100004,195,99994,195,100013,195,99974,195,100027,195,99969,295,100035,195,99968,195,100039,195,99963,195,100042,100,99953,100,100046,100,99925,100,100048,100,99924,100,100053,100,99922,100,100061,100,99920,100
2019-06-28 09:36:30.000000000,100004,338,99994,338,100013,338,99974,338,100027,100,99969,200,100035,100,99968,100,100039,100,99963,100,100042,100,99953,100,100046,100,99925,100,100048,100,99924,100,100053,100,99922,100,100061,100,99920,100
2019-06-28 09:36:40.000000000,100004,576,99994,576,100013,100,99974,100,100027,100,99969,200,100035,100,99968,100,100039,100,99963,100,100042,100,99953,100,100046,100,99925,100,100048,100,99924,100,100053,100,99922,100,100061,100,99920,100
2019-06-28 09:36:50.000000000,100004,195,99994,195,100013,195,99974,195,100027,195,99969,295,100035,195,99968,195,100039,195,99963,195,100042,100,99953,100,100046,100,99925,100,100048,100,99924,100,100053,100,99922,100,100061,100,99920,100
2019-06-28 09:37:00.000000000,100004,338,99994,338,100013,338,99974,338,100027,100,99969,200,100035,100,99968,100,100039,100,99963,100,100042,100,99953,100,100046,100,99925,100,100048,100,99924,100,100053,100,99922,100,100061,100,99920,100
2019-06-28 09:37:01.635302549,100004,338,99994,238,100013,338,99974,338,100027,100,99969,200,100035,100,99968,100,100039,100,99963,100,100042,100,99953,100,100046,100,99925,100,100048,100,99924,100,100053,100,99922,100,100061,100,99920,100
2019-06-28 09:37:10.000000000,100004,195,99974,195,100013,195,99969,295,100027,195,99968,195,100035,195,99963,195,100039,195,99953,195,100042,100,99925,100,100046,100,99924,100,100048,100,99922,100,100053,100,99920,100,100061,100,99917,100
2019-06-28 09:37:20.000000000,100004,195,99974,195,100013,195,99969,295,100027,195,99968,195,100035,195,99963,195,100039,195,99953,195,100042,100,99925,100,100046,100,99924,100,100048,100,99922,100,100053,100,99920,100,100061,100,99917,100
2019-06-28 09:37:30.000000000,100004,195,99974,195,100013,195,99969,295,100027,195,99968,195,100035,195,99963,195,100039,195,99953,195,100042,100,99925,100,100046,100,99924,100,100048,100,99922,100,100053,100,99920,100,100061,100,99917,100
2019-06-28 09:37:35.565974673,100003,100,99974,195,100004,95,99969,295,100013,195,99968,195,100027,195,99963,195,100035,195,99953,195,100039,195,99925,100,100042,100,99924,100,100046,100,99922,100,100048,100,99920,100,100053,100,99917,100
2019-06-28 09:37:40.000000000,100003,576,99974,576,100013,100,99969,200,100027,100,99968,100,100035,100,99963,100,100039,100,99953,100,100042,100,99925,100,100046,100,99924,100,100048,100,99922,100,100053,100,99920,100,100061,100,99917,100
2019-06-28 09:37:44.982755444,100003,476,99974,576,100013,100,99969,200,100027,100,99968,100,100035,100,99963,100,100039,100,99953,100,100042,100,99925,100,100046,100,99924,100,100048,100,99922,100,100053,100,99920,100,100061,100,99917,100
2019-06-28 09:37:45.953890337,100003,476,99974,476,100013,100,99969,200,100027,100,99968,100,100035,100,99963,100,100039,100,99953,100,100042,100,99925,100,100046,100,99924,100,100048,100,99922,100,100053,100,99920,100,100061,100,99917,100
2019-06-28 09:37:50.000000000,100013,338,99969,438,100027,338,99968,338,100035,100,99963,100,100039,100,99953,100,100042,100,99925,100,100046,100,99924,100,100048,100,99922,100,100053,100,99920,100,100061,100,99917,100,100062,100,99903,100
2019-06-28 09:37:56.842981842,99994,100,99969,438,100013,338,99968,338,100027,338,99963,100,100035,100,99953,100,100039,100,99925,100,100042,100,99924,100,100046,100,99922,100,100048,100,99920,100,100053,100,99917,100,100061,100,99903,100
2019-06-28 09:38:00.000000000,99994,219,99969,319,100013,219,99968,219,100027,219,99963,219,100035,219,99953,219,100039,100,99925,100,100042,100,99924,100,100046,100,99922,100,100048,100,99920,100,100053,100,99917,100,100061,100,99903,100
2019-06-28 09:38:04.503946236,99994,219,99969,319,100013,219,99968,219,100027,219,99963,219,100035,219,99953,219,100039,100,99925,100,100042,100,99924,100,100046,100,99922,100,100048,100,99920,100,100053,100,99917,100,100061,100,99903,100
2019-06-28 09:38:08.921408264,99994,219,99969,219,100013,219,99968,219,100027,219,99963,219,100035,219,99953,219,100039,100,99925,100,100042,100,99924,100,100046,100,99922,100,100048,100,99920,100,100053,100,99917,100,100061,100,99903,100
2019-06-28 09:38:10.000000000,99994,576,99969,576,100013,100,99968,100,100027,100,99963,100,100035,100,99953,100,100039,100,99925,100,100042,100,99924,100,100046,100,99922,100,100048,100,99920,100,100053,100,99917,100,100061,100,99903,100
2019-06-28 09:38:17.830580495,99994,576,99969,476,100027,100,99968,100,100035,100,99963,100,100039,100,99953,100,100042,100,99925,100,100046,100,99924,100,100048,100,99922,100,100053,100,99920,100,100061,100,99917,100,100062,100,99903,100
2019-06-28 09:38:20.000000000,99994,219,99968,219,100027,219,99963,219,100035,219,99953,219,100039,219,99925,219,100042,100,99924,100,100046,100,99922,100,100048,100,99920,100,100053,100,99917,100,100061,100,99903,100,100062,100,99900,100
2019-06-28 09:38:24.257673276,99994,219,99968,119,100027,219,99963,219,100035,219,99953,219,100039,219,99925,219,100042,100,99924,100,100046,100,99922,100,100048,100,99920,100,100053,100,99917,100,100061,100,99903,100,100062,100,99900,100
2019-06-28 09:38:30.000000000,99994,576,99963,576,100027,100,99953,100,100035,100,99925,100,100039,100,99924,100,100042,100,99922,100,100046,100,99920,100,100048,100,99917,100,100053,100,99903,100,100061,100,99900,100,100062,100,99894,100
2019-06-28 09:38:34.752414509,99969,100,99963,576,99994,576,99953,100,100027,100,99925,100,100035,100,99924,100,100039,100,99922,100,100042,100,99920,100,100046,100,99917,100,100048,100,99903,100,100053,100,99900,100,100062,100,99894,100
2019-06-28 09:38:40.000000000,99969,576,99963,576,99994,100,99953,100,100027,100,99925,100,100035,100,99924,100,100039,100,99922,100,100042,100,99920,100,100046,100,99917,100,100048,100,99903,100,100053,100,99900,100,100062,100,99894,100
2019-06-28 09:38:50.000000000,99969,338,99963,338,99994,338,99953,338,100027,100,99925,100,100035,100,99924,100,100039,100,99922,100,100042,100,99920,100,100046,100,99917,100,100048,100,99903,100,100053,100,99900,100,100062,100,99894,100
2019-06-28 09:38:51.807359824,99969,438,99963,338,99994,338,99953,338,100027,100,99924,100,100035,100,99922,100,100039,100,99920,100,100042,100,99917,100,100046,100,99903,100,100048,100,99900,100,100053,100,99894,100,100062,100,99881,100
2019-06-28 09:39:00.000000000,99969,319,99963,219,99994,219,99953,219,100027,219,99924,219,100035,219,99922,219,100039,100,99920,100,100042,100,99917,100,100046,100,99903,100,100048,100,99900,100,100053,100,99894,100,100062,100,99881,100
2019-06-28 09:39:10.000000000,99969,362,99963,262,99994,257,99953,257,100027,257,99924,257,100035,100,99922,100,100039,100,99920,100,100042,100,99917,100,100046,100,99903,100,100048,100,99900,100,100053,100,99894,100,100062,100,99881,100
2019-06-28 09:39:11.496013488,99969,362,99963,262,99994,257,99953,257,100027,257,99924,257,100035,100,99922,100,100039,100,99920,100,100042,100,99917,100,100046,100,99903,100,100048,100,99900,100,100053,100,99894,100,100062,100,99881,100
2019-06-28 09:39:18.546046237,99969,362,99963,262,99994,257,99953,257,100027,257,99924,257,100035,100,99922,100,100039,100,99920,100,100042,100,99917,100,100046,100,99903,100,100048,100,99900,100,100053,100,99894,100,100062,100,99881,100
2019-06-28 09:39:20.000000000,99969,438,99963,338,99994,338,99953,338,100027,100,99924,100,100035,100,99922,100,100039,100,99920,100,100042,100,99917,100,100046,100,99903,100,100048,100,99900,100,100053,100,99894,100,100062,100,99881,100
2019-06-28 09:39:21.169779402,99969,538,99963,338,99994,338,99953,338,100027,100,99924,100,100035,100,99922,100,100039,100,99920,100,100042,100,99917,100,100046,100,99903,100,100048,100,99900,100,100053,100,99894,100,100062,100,99881,100
2019-06-28 09:39:24.441026617,99969,538,99963,338,99994,338,99953,338,100027,100,99924,100,100035,100,99922,100,100039,100,99920,100,100042,100,99917,100,100046,100,99903,100,100048,100,99900,100,100053,100,99894,100,100062,100,99881,100
2019-06-28 09:39:30.000000000,99969,419,99963,219,99994,219,99953,219,100027,219,99924,219,100035,219,99922,219,100039,100,99920,100,100042,100,99917,100,100046,100,99903,100,100048,100,99900,100,100053,100,99894,100,100062,100,99881,100
2019-06-28 09:39:36.565729168,99969,419,99963,219,99994,219,99953,219,100027,219,99924,219,100035,119,99922,219,100039,100,99920,100,100042,100,99917,100,100046,100,99903,100,100048,100,99900,100,100053,100,99894,100,100062,100,99881,100
2019-06-28 09:39:40.000000000,99969,462,99963,262,99994,257,99953,257,100027,257,99924,257,100039,100,99922,100,100042,100,99920,100,100046,100,99917,100,100048,100,99903,100,100053,100,99900,100,100062,100,99894,100,100066,100,99881,100
2019-06-28 09:39:49.563045081,99969,562,99963,262,99994,257,99953,257,100027,257,99924,257,100039,100,99922,100,100042,100,99920,100,100046,100,99917,100,100048,100,99903,100,100053,100,99900,100,100062,100,99894,100,100066,100,99881,100
2019-06-28 09:39:50.000000000,99969,495,99963,195,99994,195,99953,195,100027,195,99924,195,100039,195,99922,195,100042,195,99920,195,100046,100,99917,100,100048,100,99903,100,100053,100,99900,100,100062,100,99894,100,100066,100,99881,100
2019-06-28 09:40:00.000000000,99969,519,99963,219,99994,219,99953,219,100027,219,99924,219,100039,219,99922,219,100042,100,99920,100,100046,100,99917,100,100048,100,99903,100,100053,100,99900,100,100062,100,99894,100,100066,100,99881,100
2019-06-28 09:40:03.205827511,99969,619,99963,219,99994,219,99953,219,100027,219,99924,119,100039,219,99922,219,100042,100,99920,100,100046,100,99917,100,100048,100,99903,100,100053,100,99900,100,100062,100,99894,100,100066,100,99881,100
2019-06-28 09:40:10.000000000,99969,976,99963,576,99994,100,99953,100,100027,100,99922,100,100039,100,99920,100,100042,100,99917,100,100046,100,99903,100,100048,100,99900,100,100053,100,99894,100,100062,100,99881,100,100066,100,99864,100
2019-06-28 09:40:18.221260567,99969,976,99963,476,99994,100,99953,100,100027,100,99922,100,100039,100,99920,100,100042,100,99917,100,100046,100,99903,100,100048,100,99900,100,100053,100,99894,100,100062,100,99881,100,100066,100,99864,100
2019-06-28 09:40:20.000000000,99969,662,99953,262,99994,257,99922,257,100027,257,99920,257,100039,100,99917,100,100042,100,99903,100,100046,100,99900,100,100048,100,99894,100,100053,100,99881,100,100062,100,99864,100,100066,100,99858,100
2019-06-28 09:40:24.681949878,99969,662,99953,162,99994,257,99922,257,100027,257,99920,257,100039,100,99917,100,100042,100,99903,100,100046,100,99900,100,100048,100,99894,100,100053,100,99881,100,100062,100,99864,100,100066,100,99858,100
2019-06-28 09:40:30.000000000,99969,738,99922,338,99994,338,99920,338,100027,100,99917,100,100039,100,99903,100,100042,100,99900,100,100046,100,99894,100,100048,100,99881,100,100053,100,99864,100,100062,100,99858,100,100066,100,99839,100
2019-06-28 09:40:35.526105422,99969,738,99922,338,99994,338,99920,338,100027,100,99917,100,100039,100,99903,100,100042,100,99900,100,100046,100,99894,100,100048,100,99881,100,100053,100,99864,100,100062,100,99858,100,100066,100,99839,100
2019-06-28 09:40:40.000000000,99969,738,99922,338,99994,338,99920,338,100027,100,99917,100,100039,100,99903,100,100042,100,99900,100,100046,100,99894,100,100048,100,99881,100,100053,100,99864,100,100062,100,99858,100,100066,100,99839,100
2019-06-28 09:40:50.000000000,99969,738,99922,338,99994,338,99920,338,100027,100,99917,100,100039,100,99903,100,100042,100,99900,100,100046,100,99894,100,100048,100,99881,100,100053,100,99864,100,100062,100,99858,100,100066,100,99839,100
2019-06-28 09:41:00.000000000,99969,738,99922,338,99994,338,99920,338,100027,100,99917,100,100039,100,99903,100,100042,100,99900,100,100046,100,99894,100,100048,100,99881,100,100053,100,99864,100,100062,100,99858,100,100066,100,99839,100
2019-06-28 09:41:08.690093544,99969,738,99922,238,99994,338,99920,338,100027,100,99917,100,100039,100,99903,100,100042,100,99900,100,100046,100,99894,100,100048,100,99881,100,100062,100,99864,100,100066,100,99858,100,100070,100,99839,100
2019-06-28 09:41:10.000000000,99969,619,99920,219,99994,219,99917,219,100027,219,99903,219,100039,219,99900,219,100042,100,99894,100,100046,100,99881,100,100048,100,99864,100,100062,100,99858,100,100066,100,99839,100,100070,100,99826,100
2019-06-28 09:41:11.289674897,99969,619,99920,119,99994,219,99917,219,100027,219,99903,219,100039,219,99900,219,100042,100,99894,100,100046,100,99881,100,100048,100,99864,100,100062,100,99858,100,100066,100,99839,100,100070,100,99826,100
2019-06-28 09:41:12.308741760,99969,619,99920,19,99994,219,99917,219,100027,219,99903,219,100039,219,99900,219,100042,100,99881,100,100046,100,99864,100,100048,100,99858,100,100062,100,99839,100,100066,100,99826,100,100070,100,99809,100
2019-06-28 09:41:12.475157992,99920,81,99917,219,99969,619,99903,219,99994,219,99900,219,100027,219,99881,100,100039,219,99864,100,100042,100,99858,100,100046,100,99839,100,100048,100,99826,100,100062,100,99809,100,100066,100,99770,100
2019-06-28 09:41:20.000000000,99920,557,99917,576,99969,500,99903,100,99994,100,99900,100,100027,100,99881,100,100039,100,99864,100,100042,100,99858,100,100046,100,99839,100,100048,100,99826,100,100062,100,99809,100,100066,100,99770,100
2019-06-28 09:41:30.000000000,99920,243,99917,262,99969,657,99903,257,99994,257,99900,257,100027,100,99881,100,100039,100,99864,100,100042,100,99858,100,100046,100,99839,100,100048,100,99826,100,100062,100,99809,100,100066,100,99770,100
2019-06-28 09:41:30.993571799,99920,243,99917,162,99969,657,99903,257,99994,257,99900,257,100027,100,99881,100,100039,100,99864,100,100042,100,99858,100,100046,100,99839,100,100048,100,99826,100,100062,100,99809,100,100066,100,99770,100
2019-06-28 09:41:36.055411513,99920,243,99917,162,99969,657,99903,257,99994,257,99900,257,100027,100,99881,100,100039,100,99864,100,100042,100,99858,100,100046,100,99839,100,100048,100,99826,100,100062,100,99809,100,100066,100,99770,100
2019-06-28 09:41:37.200549853,99920,243,99917,162,99969,557,99903,257,99994,257,99900,257,100027,100,99881,100,100039,100,99864,100,100042,100,99858,100,100046,100,99839,100,100048,100,99826,100,100062,100,99809,100,100066,100,99770,100
2019-06-28 09:41:37.219920758,99919,100,99917,162,99920,243,99903,257,99969,457,99900,257,99994,257,99881,100,100027,100,99864,100,100039,100,99858,100,100042,100,99839,100,100046,100,99826,100,100048,100,99809,100,100062,100,99770,100
2019-06-28 09:41:40.000000000,99919,195,99903,195,99920,176,99900,195,99969,395,99881,195,99994,195,99864,195,100027,195,99858,195,100039,100,99839,100,100042,100,99826,100,100046,100,99809,100,100048,100,99770,100,100062,100,99767,100
2019-06-28 09:41:50.000000000,99919,219,99903,219,99920,200,99900,219,99969,419,99881,219,99994,219,99864,219,100027,100,99858,100,100039,100,99839,100,100042,100,99826,100,100046,100,99809,100,100048,100,99770,100,100062,100,99767,100
2019-06-28 09:41:56.576861732,99919,219,99903,219,99920,200,99900,119,99969,419,99881,219,99994,219,99864,219,100027,100,99858,100,100039,100,99839,100,100042,100,99826,100,100046,100,99809,100,100048,100,99770,100,100062,100,99767,100
2019-06-28 09:42:00.000000000,99919,262,99903,262,99920,238,99881,257,99969,457,99864,257,99994,100,99858,100,100027,100,99839,100,100039,100,99826,100,100042,100,99809,100,100046,100,99770,100,100048,100,99767,100,100062,100,99579,100
2019-06-28 09:42:06.126974729,99919,262,99903,262,99920,238,99881,257,99969,457,99864,257,99994,100,99858,100,100027,100,99839,100,100039,100,99826,100,100042,100,99809,100,100046,100,99770,100,100048,100,99767,100,100062,100,98434,100
2019-06-28 09:42:10.000000000,99919,195,99903,195,99920,176,99881,195,99969,395,99864,195,99994,195,99858,195,100027,195,99839,195,100039,100,99826,100,100042,100,99809,100,100046,100,99770,100,100048,100,99767,100,100062,100,98434,100
2019-06-28 09:42:16.271389714,99919,295,99903,195,99920,176,99881,195,99969,395,99864,195,99994,195,99858,195,100027,195,99839,195,100039,100,99826,100,100042,100,99809,100,100046,100,99770,100,100048,100,99767,100,100062,100,98434,100
2019-06-28 09:42:20.000000000,99919,319,99903,219,99920,200,99881,219,99969,419,99864,219,99994,219,99858,219,100027,100,99839,100,100039,100,99826,100,100042,100,99809,100,100046,100,99770,100,100048,100,99767,100,100062,100,98434,100
2019-06-28 09:42:22.232097548,99919,319,99903,219,99920,200,99881,219,99969,419,99864,219,99994,219,99858,219,100027,100,99839,100,100039,100,99826,100,100042,100,99809,100,100046,100,99770,100,100048,100,99767,100,100062,100,98593,100
2019-06-28 09:42:30.000000000,99919,362,99903,262,99920,238,99881,257,99969,457,99864,257,99994,100,99858,100,100027,100,99839,100,100039,100,99826,100,100042,100,99809,100,100046,100,99770,100,100048,100,99767,100,100062,100,98593,100
2019-06-28 09:42:40.000000000,99919,676,99903,576,99920,81,99881,100,99969,300,99864,100,99994,100,99858,100,100027,100,99839,100,100039,100,99826,100,100042,100,99809,100,100046,100,99770,100,100048,100,99767,100,100062,100,98593,100
2019-06-28 09:42:44.894844776,99919,676,99903,476,99920,81,99881,100,99969,300,99864,100,99994,100,99858,100,100027,100,99839,100,100039,100,99826,100,100042,100,99809,100,100048,100,99770,100,100062,100,99767,100,100066,100,98593,100
2019-06-28 09:42:50.000000000,99919,295,99881,195,99920,176,99864,195,99969,395,99858,195,99994,195,99839,195,100027,195,99826,195,100039,100,99809,100,100042,100,99770,100,100048,100,99767,100,100062,100,98593,100,100066,100,98434,100
2019-06-28 09:43:00.000000000,99919,295,99881,195,99920,176,99864,195,99969,395,99858,195,99994,195,99839,195,100027,195,99826,195,100039,100,99809,100,100042,100,99770,100,100048,100,99767,100,100062,100,98593,100,100066,100,98434,100
2019-06-28 09:43:10.000000000,99919,319,99881,219,99920,200,99864,219,99969,419,99858,219,99994,219,99839,219,100027,100,99826,100,100039,100,99809,100,100042,100,99770,100,100048,100,99767,100,100062,100,98593,100,100066,100,98434,100
2019-06-28 09:43:17.046953160,99919,319,99881,119,99920,200,99864,219,99969,419,99858,219,99994,219,99839,219,100027,100,99826,100,100039,100,99809,100,100042,100,99767,100,100048,100,98593,100,100062,100,98434,100,100066,100,98319,100
2019-06-28 09:43:20.000000000,99919,295,99864,195,99920,176,99858,195,99969,395,99839,195,99994,195,99826,195,100027,195,99809,195,100039,100,99767,100,100042,100,98593,100,100048,100,98434,100,100062,100,98319,100,100066,100,98277,100
2019-06-28 09:43:25.375292230,99919,295,99864,95,99920,176,99858,195,99969,395,99839,195,99994,195,99826,195,100027,195,99809,195,100039,100,99767,100,100042,100,98593,100,100048,100,98434,100,100062,100,98319,100,100066,100,98277,100
2019-06-28 09:43:26.295550055,99864,5,99858,195,99919,295,99839,195,99920,176,99826,195,99969,395,99809,195,99994,195,99767,100,100027,195,98593,100,100039,100,98434,100,100042,100,98319,100,100048,100,98277,100,100062,100,98079,100
2019-06-28 09:43:27.967430199,99864,5,99858,195,99919,295,99839,195,99920,176,99826,195,99969,395,99809,195,99994,195,99767,100,100027,195,98920,100,100039,100,98593,100,100042,100,98434,100,100048,100,98319,100,100062,100,98277,100
2019-06-28 09:43:30.000000000,99864,481,99858,576,99919,200,99839,100,99920,81,99826,100,99969,300,99809,100,99994,100,99767,100,100027,100,98920,100,100039,100,98593,100,100042,100,98434,100,100048,100,98319,100,100062,100,98277,100
2019-06-28 09:43:40.000000000,99864,100,99858,195,99919,295,99839,195,99920,176,99826,195,99969,395,99809,195,99994,195,99767,195,100027,100,98920,100,100039,100,98593,100,100042,100,98434,100,100048,100,98319,100,100062,100,98277,100
2019-06-28 09:43:45.188169934,99864,100,99858,95,99919,295,99839,195,99920,176,99826,195,99969,395,99809,195,99994,195,99767,195,100027,100,98920,100,100039,100,98593,100,100042,100,98434,100,100048,100,98319,100,100066,100,98277,100
2019-06-28 09:43:49.235295089,99864,100,99858,95,99919,295,99839,195,99920,176,99826,195,99969,295,99809,195,99994,195,99767,195,100027,100,98920,100,100039,100,98593,100,100042,100,98434,100,100048,100,98319,100,100066,100,98277,100
2019-06-28 09:43:50.000000000,99864,124,99839,219,99919,319,99826,219,99920,200,99809,219,99969,319,99767,219,99994,100,98920,100,100027,100,98593,100,100039,100,98434,100,100042,100,98319,100,100048,100,98277,100,100066,100,98079,100
2019-06-28 09:43:57.371914609,99863,100,99839,219,99864,124,99826,219,99919,319,99809,219,99920,200,99767,219,99969,319,98920,100,99994,100,98593,100,100027,100,98434,100,100039,100,98319,100,100042,100,98277,100,100048,100,98079,100
2019-06-28 09:44:00.000000000,99863,262,99839,262,99864,162,99826,257,99919,357,99809,257,99920,81,99767,100,99969,200,98920,100,99994,100,98593,100,100027,100,98434,100,100039,100,98319,100,100042,100,98277,100,100048,100,98079,100
2019-06-28 09:44:00.467320156,99863,362,99839,262,99864,162,99826,257,99919,257,99809,257,99920,81,99767,100,99969,200,98920,100,99994,100,98593,100,100027,100,98434,100,100039,100,98319,100,100042,100,98277,100,100048,100,98079,100
2019-06-28 09:44:08.716457772,99863,362,99839,162,99864,162,99826,257,99919,257,99809,257,99920,81,99767,100,99969,200,98920,100,99994,100,98593,100,100027,100,98434,100,100039,100,98319,100,100042,100,98277,100,100048,100,98079,100
2019-06-28 09:44:10.000000000,99863,676,99826,576,99864,5,99809,100,99919,100,99767,100,99920,81,98920,100,99969,200,98593,100,99994,100,98434,100,100027,100,98319,100,100039,100,98277,100,100042,100,98079,100,100048,100,97912,200
2019-06-28 09:44:14.527233543,99863,676,99826,476,99864,5,99809,100,99919,100,99767,100,99920,81,98920,100,99969,200,98593,100,99994,100,98434,100,100027,100,98319,100,100039,100,98277,100,100042,100,98079,100,100048,100,97912,200
2019-06-28 09:44:20.000000000,99863,676,99809,576,99864,5,99767,100,99919,100,98920,100,99920,81,98593,100,99969,200,98434,100,99994,100,98319,100,100027,100,98277,100,100039,100,98079,100,100042,100,97912,200,100048,100,97707,100
2019-06-28 09:44:30.000000000,99863,319,99809,219,99864,124,99767,219,99919,219,98920,219,99920,200,98593,219,99969,200,98434,100,99994,100,98319,100,100027,100,98277,100,100039,100,98079,100,100042,100,97912,200,100048,100,97707,100
2019-06-28 09:44:40.000000000,99863,362,99809,262,99864,162,99767,257,99919,257,98920,257,99920,81,98593,100,99969,200,98434,100,99994,100,98319,100,100027,100,98277,100,100039,100,98079,100,100042,100,97912,200,100048,100,97707,100
2019-06-28 09:44:50.000000000,99863,362,99809,262,99864,162,99767,257,99919,257,98920,257,99920,81,98593,100,99969,200,98434,100,99994,100,98319,100,100027,100,98277,100,100039,100,98079,100,100042,100,97912,200,100048,100,97707,100
2019-06-28 09:44:54.198788200,99839,100,99809,262,99863,362,99767,257,99864,162,98920,257,99919,257,98593,100,99920,81,98434,100,99969,100,98319,100,99994,100,98277,100,100027,100,98079,100,100039,100,97912,200,100042,100,97707,100
2019-06-28 09:45:00.000000000,99839,576,99809,576,99863,200,99767,100,99864,5,98920,100,99919,100,98593,100,99920,81,98434,100,99969,100,98319,100,99994,100,98277,100,100027,100,98079,100,100039,100,97912,200,100042,100,97707,100
2019-06-28 09:45:01.895762031,99839,576,99809,576,99863,200,99767,100,99864,5,98920,100,99919,100,98845,100,99920,81,98593,100,99969,100,98434,100,99994,100,98319,100,100027,100,98277,100,100039,100,98079,100,100042,100,97912,200
2019-06-28 09:45:03.248245850,99839,676,99809,576,99863,200,99767,100,99864,5,98920,100,99919,100,98845,100,99920,81,98593,100,99969,100,98434,100,99994,100,98319,100,100027,100,98277,100,100039,100,98079,100,100042,100,97912,200
2019-06-28 09:45:10.000000000,99839,438,99809,338,99863,438,99767,338,99864,5,98920,100,99919,100,98845,100,99920,81,98593,100,99969,100,98434,100,99994,100,98319,100,100027,100,98277,100,100039,100,98079,100,100042,100,97912,200
2019-06-28 09:45:15.644739234,99839,438,99809,238,99863,438,99767,338,99864,5,98920,100,99919,100,98845,100,99920,81,98593,100,99969,100,98434,100,99994,100,98319,100,100027,100,98277,100,100039,100,98079,100,100042,100,97912,200
2019-06-28 09:45:20.000000000,99839,676,99767,576,99863,200,98920,100,99864,5,98845,100,99919,100,98593,100,99920,81,98434,100,99969,100,98319,100,99994,100,98277,100,100027,100,98079,100,100039,100,97912,200,100042,100,97707,100
2019-06-28 09:45:25.636687144,99826,100,99767,576,99839,676,98920,100,99863,100,98845,100,99864,5,98593,100,99919,100,98434,100,99920,81,98319,100,99969,100,98277,100,99994,100,98079,100,100027,100,97912,200,100039,100,97707,100
2019-06-28 09:45:30.000000000,99826,195,99767,195,99839,295,98920,195,99863,195,98845,195,99864,100,98593,195,99919,195,98434,195,99920,81,98319,100,99969,100,98277,100,99994,100,98079,100,100027,100,97912,200,100039,100,97707,100
2019-06-28 09:45:40.000000000,99826,338,99767,338,99839,438,98920,338,99863,100,98845,100,99864,5,98593,100,99919,100,98434,100,99920,81,98319,100,99969,100,98277,100,99994,100,98079,100,100027,100,97912,200,100039,100,97707,100
2019-06-28 09:45:40.972299791,99826,438,99767,338,99839,438,98920,338,99863,100,98845,100,99864,5,98593,100,99919,100,98434,100,99920,81,98319,100,99969,100,98277,100,99994,100,98079,100,100027,100,97912,200,100039,100,97707,100
2019-06-28 09:45:45.137173674,99826,438,99767,338,99839,438,98923,100,99863,100,98920,338,99864,5,98845,100,99919,100,98593,100,99920,81,98434,100,99969,100,98319,100,99994,100,98277,100,100027,100,98079,100,100039,100,97912,200
2019-06-28 09:45:50.000000000,99826,295,99767,195,99839,295,98923,195,99863,195,98920,195,99864,100,98845,195,99919,195,98593,195,99920,81,98434,100,99969,100,98319,100,99994,100,98277,100,100027,100,98079,100,100039,100,97912,200
2019-06-28 09:45:53.227282893,99826,295,99767,195,99839,295,99104,100,99863,195,98923,195,99864,100,98920,195,99919,195,98845,195,99920,81,98593,195,99969,100,98434,100,99994,100,98319,100,100027,100,98277,100,100039,100,98079,100
2019-06-28 09:45:56.698178349,99826,295,99767,95,99839,295,99104,100,99863,195,98923,195,99864,100,98920,195,99919,195,98845,195,99920,81,98593,195,99969,100,98434,100,99994,100,98319,100,100027,100,98277,100,100039,100,98079,100
2019-06-28 09:46:00.000000000,99826,319,99104,219,99839,319,98923,219,99863,219,98920,219,99864,124,98845,219,99919,100,98593,100,99920,81,98434,100,99969,100,98319,100,99994,100,98277,100,100027,100,98079,100,100039,100,97912,100
2019-06-28 09:46:05.582376385,99199,100,99104,219,99826,319,98923,219,99839,319,98920,219,99863,219,98845,219,99864,124,98593,100,99919,100,98434,100,99920,81,98319,100,99969,100,98277,100,99994,100,98079,100,100027,100,97912,100
2019-06-28 09:46:10.000000000,99199,262,99104,262,99826,357,98923,257,99839,357,98920,257,99863,100,98845,100,99864,5,98593,100,99919,100,98434,100,99920,81,98319,100,99969,100,98277,100,99994,100,98079,100,100027,100,97912,100
2019-06-28 09:46:20.000000000,99199,195,99104,195,99826,295,98923,195,99839,295,98920,195,99863,195,98845,195,99864,100,98593,195,99919,100,98434,100,99920,81,98319,100,99969,100,98277,100,99994,100,98079,100,100027,100,97912,100
2019-06-28 09:46:30.000000000,99199,338,99104,338,99826,438,98923,338,99839,200,98920,100,99863,100,98845,100,99864,5,98593,100,99919,100,98434,100,99920,81,98319,100,99969,100,98277,100,99994,100,98079,100,100027,100,97912,100
2019-06-28 09:46:30.770888100,99199,338,99104,338,99826,438,98923,338,99839,200,98920,100,99863,100,98877,100,99864,5,98845,100,99919,100,98593,100,99920,81,98434,100,99969,100,98319,100,99994,100,98277,100,100027,100,98079,100
2019-06-28 09:46:34.809121784,99199,338,99117,100,99826,438,99104,338,99839,200,98923,338,99863,100,98920,100,99864,5,98877,100,99919,100,98845,100,99920,81,98593,100,99969,100,98319,100,99994,100,98277,100,100027,100,98079,100
2019-06-28 09:46:38.657505608,99199,338,99117,100,99239,100,99104,338,99826,438,98923,338,99839,200,98920,100,99863,100,98877,100,99864,5,98845,100,99919,100,98593,100,99920,81,98319,100,99969,100,98277,100,99994,100,98079,100
2019-06-28 09:46:40.000000000,99199,195,99117,195,99239,195,99104,195,99826,295,98923,195,99839,295,98920,195,99863,195,98877,195,99864,5,98845,100,99919,100,98593,100,99920,81,98319,100,99969,100,98277,100,99994,100,98079,100
2019-06-28 09:46:47.296298782,99199,195,99117,195,99239,195,99104,195,99826,295,99069,100,99839,295,98923,195,99863,195,98920,195,99864,5,98877,195,99919,100,98845,100,99920,81,98593,100,99969,100,98319,100,99994,100,98277,100
2019-06-28 09:46:50.000000000,99199,576,99117,576,99239,100,99104,100,99826,200,99069,100,99839,200,98923,100,99863,100,98920,100,99864,5,98877,100,99919,100,98845,100,99920,81,98593,100,99969,100,98319,100,99994,100,98277,100
2019-06-28 09:47:00.000000000,99199,195,99117,195,99239,195,99104,195,99826,295,99069,195,99839,295,98923,195,99863,195,98920,195,99864,5,98877,100,99919,100,98845,100,99920,81,98593,100,99969,100,98319,100,99994,100,98277,100
2019-06-28 09:47:00.382946160,99199,195,99117,195,99239,195,99104,195,99826,295,99076,100,99839,295,99069,195,99863,195,98923,195,99864,5,98920,195,99919,100,98877,100,99920,81,98845,100,99969,100,98593,100,99994,100,98319,100
2019-06-28 09:47:06.519385639,99199,195,99117,195,99239,95,99104,195,99353,100,99076,100,99826,295,99069,195,99839,295,98923,195,99863,195,98920,195,99864,5,98877,100,99919,100,98845,100,99920,81,98593,100,99969,100,98319,100
2019-06-28 09:47:10.000000000,99199,338,99117,338,99353,338,99104,338,99826,200,99076,100,99839,200,99069,100,99863,100,98923,100,99864,5,98920,100,99919,100,98877,100,99920,81,98845,100,99969,100,98593,100,99994,100,98319,100
2019-06-28 09:47:10.706886789,99199,338,99117,438,99353,338,99104,338,99826,200,99076,100,99839,200,99069,100,99863,100,98923,100,99864,5,98920,100,99919,100,98877,100,99920,81,98845,100,99969,100,98593,100,99994,100,98319,100
2019-06-28 09:47:20.000000000,99199,195,99117,295,99353,195,99104,195,99826,295,99076,195,99839,295,99069,195,99863,195,98923,195,99864,5,98920,100,99919,100,98877,100,99920,81,98845,100,99969,100,98593,100,99994,100,98319,100
2019-06-28 09:47:23.955925813,99199,195,99117,295,99353,195,99104,195,99458,100,99076,195,99826,295,99069,195,99839,295,98923,195,99863,195,98920,100,99864,5,98877,100,99919,100,98845,100,99920,81,98593,100,99969,100,98319,100
2019-06-28 09:47:26.688970108,99199,195,99117,295,99353,195,99104,195,99458,100,99076,195,99826,295,99069,195,99839,295,98923,195,99863,195,98920,100,99864,5,98877,100,99919,100,98845,100,99969,100,98593,100,99994,100,98319,100
2019-06-28 09:47:30.000000000,99199,576,99117,676,99353,100,99104,100,99458,100,99076,100,99826,200,99069,100,99839,200,98923,100,99863,100,98920,100,99864,5,98877,100,99919,100,98845,100,99969,100,98593,100,99994,100,98319,100
2019-06-28 09:47:40.000000000,99199,338,99117,438,99353,338,99104,338,99458,100,99076,100,99826,200,99069,100,99839,200,98923,100,99863,100,98920,100,99864,5,98877,100,99919,100,98845,100,99969,100,98593,100,99994,100,98319,100
2019-06-28 09:47:44.125644172,99199,338,99117,438,99353,338,99104,338,99458,100,99076,100,99809,100,99069,100,99826,200,98923,100,99839,200,98920,100,99863,100,98877,100,99864,5,98845,100,99919,100,98593,100,99969,100,98319,100
2019-06-28 09:47:50.000000000,99199,195,99117,295,99353,195,99104,195,99458,195,99076,195,99809,195,99069,195,99826,295,98923,195,99839,200,98920,100,99863,100,98877,100,99864,5,98845,100,99919,100,98593,100,99969,100,98319,100
2019-06-28 09:47:50.894648797,99199,195,99117,295,99353,195,99104,195,99458,195,99076,195,99809,295,99069,195,99826,295,98923,195,99839,200,98920,100,99863,100,98877,100,99864,5,98845,100,99919,100,98593,100,99969,100,98319,100
2019-06-28 09:47:59.174355098,99199,95,99117,295,99353,195,99104,195,99458,195,99076,195,99809,295,99069,195,99826,295,98923,195,99839,200,98920,100,99863,100,98877,100,99864,5,98845,100,99919,100,98593,100,99969,100,98319,100
2019-06-28 09:48:00.000000000,99353,195,99117,295,99458,195,99104,195,99809,295,99076,195,99826,295,99069,195,99839,295,98923,195,99863,100,98920,100,99864,5,98877,100,99919,100,98845,100,99969,100,98593,100,100027,100,98319,100
2019-06-28 09:48:00.807495033,99353,195,99117,295,99458,195,99104,195,99483,100,99076,195,99809,295,99069,195,99826,295,98923,195,99839,295,98920,100,99863,100,98877,100,99864,5,98845,100,99919,100,98593,100,99969,100,98319,100
2019-06-28 09:48:04.233246877,99353,195,99199,100,99458,195,99117,295,99483,100,99104,195,99809,295,99076,195,99826,295,99069,195,99839,295,98923,195,99863,100,98920,100,99864,5,98877,100,99919,100,98845,100,100027,100,98593,100
2019-06-28 09:48:10.000000000,99353,219,99199,219,99458,219,99117,319,99483,219,99104,219,99809,319,99076,219,99826,200,99069,100,99839,200,98923,100,99863,100,98920,100,99864,5,98877,100,99919,100,98845,100,100027,100,98593,100
2019-06-28 09:48:12.562613704,99353,219,99199,219,99458,219,99117,319,99483,219,99104,219,99767,100,99076,219,99809,319,99069,100,99826,200,98923,100,99839,200,98920,100,99863,100,98877,100,99864,5,98845,100,99919,100,98593,100
2019-06-28 09:48:14.179126051,99353,219,99199,219,99439,100,99117,319,99458,219,99104,219,99483,219,99076,219,99767,100,99069,100,99809,319,98923,100,99826,200,98920,100,99839,200,98877,100,99863,100,98845,100,99864,5,98593,100
2019-06-28 09:48:19.547316220,99353,119,99288,100,99439,100,99199,219,99458,219,99117,319,99483,219,99104,219,99767,100,99076,219,99809,319,99069,100,99826,200,98923,100,99839,200,98920,100,99863,100,98877,100,99864,5,98845,100
2019-06-28 09:48:20.000000000,99439,262,99288,262,99458,257,99199,257,99483,257,99117,357,99767,100,99104,100,99809,200,99076,100,99826,200,99069,100,99839,200,98923,100,99863,100,98920,100,99864,5,98877,100,99919,100,98845,100
2019-06-28 09:48:30.000000000,99439,338,99288,338,99458,338,99199,338,99483,100,99117,200,99767,100,99104,100,99809,200,99076,100,99826,200,99069,100,99839,200,98923,100,99863,100,98920,100,99864,5,98877,100,99919,100,98845,100
2019-06-28 09:48:40.000000000,99439,576,99288,576,99458,100,99199,100,99483,100,99117,200,99767,100,99104,100,99809,200,99076,100,99826,200,99069,100,99839,200,98923,100,99863,100,98920,100,99864,5,98877,100,99919,100,98845,100
2019-06-28 09:48:43.536267991,99439,576,99288,576,99458,100,99199,100,99483,100,99117,200,99767,200,99104,100,99809,200,99076,100,99826,200,99069,100,99839,200,98923,100,99863,100,98920,100,99864,5,98877,100,99919,100,98845,100
2019-06-28 09:48:50.000000000,99439,195,99288,195,99458,195,99199,195,99483,195,99117,295,99767,295,99104,195,99809,295,99076,195,99826,200,99069,100,99839,200,98923,100,99863,100,98920,100,99864,5,98877,100,99919,100,98845,100
2019-06-28 09:48:58.634466697,99402,100,99288,195,99439,195,99199,195,99458,195,99117,295,99483,195,99104,195,99767,295,99076,195,99809,295,99069,100,99826,200,98923,100,99839,200,98920,100,99863,100,98877,100,99864,5,98845,100
2019-06-28 09:49:00.000000000,99402,262,99288,262,99439,257,99199,257,99458,257,99117,357,99483,100,99104,100,99767,200,99076,100,99809,200,99069,100,99826,200,98923,100,99839,200,98920,100,99863,100,98877,100,99864,5,98845,100
2019-06-28 09:49:09.263931363,99402,262,99288,262,99439,257,99199,257,99441,100,99117,357,99458,257,99104,100,99483,100,99076,100,99767,200,99069,100,99809,200,98923,100,99826,200,98920,100,99839,200,98845,100,99863,100,98593,100
2019-06-28 09:49:10.000000000,99402,262,99288,262,99439,257,99199,257,99441,257,99117,357,99458,100,99104,100,99483,100,99076,100,99767,200,99069,100,99809,200,98923,100,99826,200,98920,100,99839,200,98845,100,99863,100,98593,100
2019-06-28 09:49:20.000000000,99402,262,99288,262,99439,257,99199,257,99441,257,99117,357,99458,100,99104,100,99483,100,99076,100,99767,200,99069,100,99809,200,98923,100,99826,200,98920,100,99839,200,98845,100,99863,100,98593,100
2019-06-28 09:49:30.000000000,99402,576,99288,576,99439,100,99199,100,99441,100,99117,200,99458,100,99104,100,99483,100,99076,100,99767,200,99069,100,99809,200,98923,100,99826,200,98920,100,99839,200,98845,100,99863,100,98593,100
2019-06-28 09:49:31.594654559,99402,476,99288,576,99439,100,99199,100,99441,100,99117,200,99458,100,99104,100,99483,100,99076,100,99767,200,99069,100,99809,200,98923,100,99826,200,98920,100,99839,200,98845,100,99863,100,98593,100
2019-06-28 09:49:36.242191955,99402,376,99288,576,99439,100,99199,100,99441,100,99117,200,99458,100,99104,100,99483,100,99076,100,99767,200,99069,100,99809,200,98923,100,99826,200,98920,100,99839,200,98845,100,99863,100,98593,100
2019-06-28 09:49:40.000000000,99439,338,99288,338,99441,338,99199,338,99458,100,99117,200,99483,100,99104,100,99767,200,99076,100,99809,200,99069,100,99826,200,98923,100,99839,200,98920,100,99863,100,98845,100,99864,5,98593,100
2019-06-28 09:49:50.000000000,99439,338,99288,338,99441,338,99199,338,99458,100,99117,200,99483,100,99104,100,99767,200,99076,100,99809,200,99069,100,99826,200,98923,100,99839,200,98920,100,99863,100,98845,100,99864,5,98593,100
2019-06-28 09:49:56.931496497,99439,338,99288,338,99441,338,99199,338,99458,100,99117,100,99483,100,99104,100,99767,200,99076,100,99809,200,99069,100,99826,200,98923,100,99839,200,98920,100,99863,100,98845,100,99864,5,98593,100
2019-06-28 09:50:00.000000000,99439,219,99288,219,99441,219,99199,219,99458,219,99117,219,99483,219,99104,219,99767,200,99076,100,99809,200,99069,100,99826,200,98923,100,99839,200,98920,100,99863,100,98845,100,99864,5,98593,100
2019-06-28 09:50:08.534639577,99439,119,99288,219,99441,219,99199,219,99458,219,99117,219,99483,219,99104,219,99767,200,99076,100,99809,200,99069,100,99826,200,98920,100,99839,200,98845,100,99863,100,98593,100,99864,5,98319,100
2019-06-28 09:50:10.000000000,99441,262,99288,262,99458,257,99199,257,99483,257,99117,257,99767,200,99104,100,99809,200,99076,100,99826,200,99069,100,99839,200,98920,100,99863,100,98845,100,99864,5,98593,100,99919,100,98319,100
2019-06-28 09:50:19.752248637,99441,262,99288,262,99458,257,99199,257,99480,100,99117,257,99483,257,99104,100,99767,200,99076,100,99809,200,99069,100,99826,200,98920,100,99839,200,98845,100,99863,100,98593,100,99864,5,98319,100
2019-06-28 09:50:20.000000000,99441,576,99288,576,99458,100,99199,100,99480,100,99117,100,99483,100,99104,100,99767,200,99076,100,99809,200,99069,100,99826,200,98920,100,99839,200,98845,100,99863,100,98593,100,99864,5,98319,100
2019-06-28 09:50:30.000000000,99441,262,99288,262,99458,257,99199,257,99480,257,99117,257,99483,100,99104,100,99767,200,99076,100,99809,200,99069,100,99826,200,98920,100,99839,200,98845,100,99863,100,98593,100,99864,5,98319,100
2019-06-28 09:50:40.000000000,99441,262,99288,262,99458,257,99199,257,99480,257,99117,257,99483,100,99104,100,99767,200,99076,100,99809,200,99069,100,99826,200,98920,100,99839,200,98845,100,99863,100,98593,100,99864,5,98319,100
2019-06-28 09:50:44.575976865,99441,162,99288,262,99458,257,99199,257,99480,257,99117,257,99483,100,99104,100,99767,200,99076,100,99809,200,99069,100,99826,200,98920,100,99839,200,98845,100,99863,100,98593,100,99864,5,98319,100
2019-06-28 09:50:50.000000000,99458,262,99288,262,99480,257,99199,257,99483,257,99117,257,99767,200,99104,100,99809,200,99076,100,99826,200,99069,100,99839,200,98920,100,99863,100,98845,100,99864,5,98593,100,99919,100,98319,100
2019-06-28 09:51:00.000000000,99458,576,99288,576,99480,100,99199,100,99483,100,99117,100,99767,200,99104,100,99809,200,99076,100,99826,200,99069,100,99839,200,98920,100,99863,100,98845,100,99864,5,98593,100,99919,100,98319,100
2019-06-28 09:51:10.000000000,99458,576,99288,576,99480,100,99199,100,99483,100,99117,100,99767,200,99104,100,99809,200,99076,100,99826,200,99069,100,99839,200,98920,100,99863,100,98845,100,99864,5,98593,100,99919,100,98319,100
2019-06-28 09:51:20.000000000,99458,576,99288,576,99480,100,99199,100,99483,100,99117,100,99767,200,99104,100,99809,200,99076,100,99826,200,99069,100,99839,200,98920,100,99863,100,98845,100,99864,5,98593,100,99919,100,98319,100
2019-06-28 09:51:20.744854987,99458,376,99288,576,99480,100,99199,100,99483,100,99117,100,99767,200,99104,100,99809,200,99076,100,99826,200,99069,100,99839,200,98920,100,99863,100,98845,100,99864,5,98593,100,99919,100,98319,100
2019-06-28 09:51:30.000000000,99480,219,99288,219,99483,219,99199,219,99767,319,99117,219,99809,319,99104,219,99826,200,99076,100,99839,200,99069,100,99863,100,98920,100,99864,5,98845,100,99919,100,98593,100,99971,100,98319,100
2019-06-28 09:51:40.000000000,99480,576,99288,576,99483,100,99199,100,99767,200,99117,100,99809,200,99104,100,99826,200,99076,100,99839,200,99069,100,99863,100,98920,100,99864,5,98845,100,99919,100,98593,100,99971,100,98319,100
2019-06-28 09:51:50.000000000,99480,262,99288,262,99483,257,99199,257,99767,357,99117,257,99809,200,99104,100,99826,200,99076,100,99839,200,99069,100,99863,100,98920,100,99864,5,98845,100,99919,100,98593,100,99971,100,98319,100
2019-06-28 09:51:56.812739103,99480,262,99288,262,99483,257,99199,257,99767,357,99117,257,99809,200,99104,100,99826,200,99076,100,99839,200,99069,100,99863,100,98920,100,99864,5,98845,100,99919,100,98593,100,99957,100,98319,100
2019-06-28 09:52:00.000000000,99480,338,99288,338,99483,338,99199,338,99767,200,99117,100,99809,200,99104,100,99826,200,99076,100,99839,200,99069,100,99863,100,98920,100,99864,5,98845,100,99919,100,98593,100,99957,100,98319,100
2019-06-28 09:52:09.500043791,99480,338,99288,338,99483,338,99199,338,99767,200,99117,100,99809,200,99104,100,99826,200,99076,100,99839,200,99069,100,99863,100,98920,100,99864,5,98845,100,99919,100,98593,100,99957,100,98319,100
2019-06-28 09:52:10.000000000,99480,338,99288,338,99483,338,99199,338,99767,200,99117,100,99809,200,99104,100,99826,200,99076,100,99839,200,99069,100,99863,100,98920,100,99864,5,98845,100,99919,100,98593,100,99957,100,98319,100
2019-06-28 09:52:20.000000000,99480,219,99288,219,99483,219,99199,219,99767,319,99117,219,99809,319,99104,219,99826,200,99076,100,99839,200,99069,100,99863,100,98920,100,99864,5,98845,100,99919,100,98593,100,99957,100,98319,100
2019-06-28 09:52:30.000000000,99480,576,99288,576,99483,100,99199,100,99767,200,99117,100,99809,200,99104,100,99826,200,99076,100,99839,200,99069,100,99863,100,98920,100,99864,5,98845,100,99919,100,98593,100,99957,100,98319,100
2019-06-28 09:52:30.593898280,99480,576,99288,576,99483,100,99199,100,99767,200,99117,100,99784,100,99104,100,99809,200,99076,100,99826,200,99069,100,99839,200,98920,100,99863,100,98845,100,99864,5,98593,100,99919,100,98319,100
2019-06-28 09:52:32.184338048,99480,576,99288,576,99483,100,99199,100,99767,200,99117,100,99809,200,99104,100,99826,200,99076,100,99839,200,99069,100,99854,100,98920,100,99863,100,98845,100,99864,5,98593,100,99919,100,98319,100
2019-06-28 09:52:40.000000000,99480,195,99288,195,99483,195,99199,195,99767,295,99117,195,99809,295,99104,195,99826,295,99076,195,99839,200,99069,100,99854,100,98920,100,99863,100,98845,100,99864,5,98593,100,99919,100,98319,100
2019-06-28 09:52:42.607415811,99480,195,99288,195,99483,195,99199,195,99767,295,99117,195,99809,295,99104,195,99826,295,99076,195,99839,200,99069,100,99854,100,98845,100,99863,100,98593,100,99864,5,98319,100,99919,100,98277,100
2019-06-28 09:52:43.645607255,99480,195,99288,195,99483,195,99199,195,99767,295,99117,195,99809,295,99104,195,99826,295,99076,195,99839,200,99069,100,99854,100,98845,100,99863,100,98593,100,99864,5,98319,100,99919,100,98277,100
2019-06-28 09:52:50.000000000,99480,576,99288,576,99483,100,99199,100,99767,200,99117,100,99809,200,99104,100,99826,200,99076,100,99839,200,99069,100,99854,100,98845,100,99863,100,98593,100,99864,5,98319,100,99919,100,98277,100
2019-06-28 09:53:00.000000000,99480,576,99288,576,99483,100,99199,100,99767,200,99117,100,99809,200,99104,100,99826,200,99076,100,99839,200,99069,100,99854,100,98845,100,99863,100,98593,100,99864,5,98319,100,99919,100,98277,100
2019-06-28 09:53:07.525363419,99480,576,99441,100,99483,100,99288,576,99767,100,99199,100,99809,200,99117,100,99826,200,99104,100,99839,200,99076,100,99854,100,99069,100,99863,100,98845,100,99864,5,98593,100,99919,100,98319,100
2019-06-28 09:53:10.000000000,99480,195,99441,195,99483,195,99288,195,99767,195,99199,195,99809,295,99117,195,99826,295,99104,195,99839,200,99076,100,99854,100,99069,100,99863,100,98845,100,99864,5,98593,100,99919,100,98319,100
2019-06-28 09:53:20.000000000,99480,262,99441,262,99483,257,99288,257,99767,257,99199,257,99809,200,99117,100,99826,200,99104,100,99839,200,99076,100,99854,100,99069,100,99863,100,98845,100,99864,5,98593,100,99919,100,98319,100
2019-06-28 09:53:30.000000000,99480,195,99441,195,99483,195,99288,195,99767,195,99199,195,99809,295,99117,195,99826,295,99104,195,99839,200,99076,100,99854,100,99069,100,99863,100,98845,100,99864,5,98593,100,99919,100,98319,100
2019-06-28 09:53:40.000000000,99480,195,99441,195,99483,195,99288,195,99767,195,99199,195,99809,295,99117,195,99826,295,99104,195,99839,200,99076,100,99854,100,99069,100,99863,100,98845,100,99864,5,98593,100,99919,100,98319,100
2019-06-28 09:53:43.782246065,99480,95,99441,195,99483,195,99288,195,99767,195,99199,195,99809,295,99117,195,99826,295,99104,195,99839,200,99076,100,99854,100,99069,100,99863,100,98845,100,99864,5,98593,100,99919,100,98319,100
2019-06-28 09:53:50.000000000,99483,195,99441,195,99767,195,99288,195,99809,295,99199,195,99826,295,99117,195,99839,295,99104,195,99854,100,99076,100,99863,100,99069,100,99864,5,98845,100,99919,100,98593,100,99957,100,98319,100
2019-06-28 09:54:00.000000000,99483,338,99441,338,99767,338,99288,338,99809,200,99199,100,99826,200,99117,100,99839,200,99104,100,99854,100,99076,100,99863,100,99069,100,99864,5,98845,100,99919,100,98593,100,99957,100,98319,100
2019-06-28 09:54:05.610538749,99483,338,99458,100,99767,338,99441,338,99809,200,99288,338,99826,100,99199,100,99839,200,99117,100,99854,100,99104,100,99863,100,99076,100,99864,5,99069,100,99919,100,98845,100,99957,100,98593,100
2019-06-28 09:54:10.000000000,99483,262,99458,262,99767,257,99441,257,99809,357,99288,257,99826,100,99199,100,99839,200,99117,100,99854,100,99104,100,99863,100,99076,100,99864,5,99069,100,99919,100,98845,100,99957,100,98593,100
2019-06-28 09:54:20.000000000,99483,219,99458,219,99767,219,99441,219,99809,319,99288,219,99826,219,99199,219,99839,200,99117,100,99854,100,99104,100,99863,100,99076,100,99864,5,99069,100,99919,100,98845,100,99957,100,98593,100
2019-06-28 09:54:27.860075486,99483,219,99458,219,99767,219,99441,219,99809,319,99288,219,99826,219,99199,219,99839,200,99117,100,99854,100,99104,100,99863,100,99076,100,99864,5,99069,100,99919,100,98845,100,99957,100,98593,100
2019-06-28 09:54:28.364823332,99483,119,99458,219,99767,219,99441,219,99809,319,99288,219,99826,219,99199,219,99839,200,99117,100,99854,100,99104,100,99863,100,99076,100,99864,5,99069,100,99919,100,98845,100,99957,100,98593,100
2019-06-28 09:54:30.000000000,99767,219,99458,219,99809,319,99441,219,99826,219,99288,219,99839,319,99199,219,99854,100,99117,100,99863,100,99104,100,99864,5,99076,100,99919,100,99069,100,99957,100,98845,100,99971,100,98593,100
2019-06-28 09:54:36.894285206,99767,119,99458,219,99809,319,99441,219,99826,219,99288,219,99839,319,99199,219,99854,100,99117,100,99863,100,99104,100,99864,5,99076,100,99919,100,99069,100,99957,100,98845,100,99971,100,98319,100
2019-06-28 09:54:40.000000000,99809,438,99458,338,99826,338,99441,338,99839,200,99288,100,99854,100,99199,100,99863,100,99117,100,99864,5,99104,100,99919,100,99076,100,99957,100,99069,100,99971,100,98845,100,99988,100,98319,100
2019-06-28 09:54:41.709455849,99809,438,99458,338,99826,338,99441,338,99839,100,99288,100,99854,100,99199,100,99863,100,99117,100,99864,5,99104,100,99919,100,99076,100,99957,100,99069,100,99971,100,98845,100,99988,100,98319,100
2019-06-28 09:54:41.710229277,99809,338,99458,338,99826,338,99441,338,99839,100,99288,100,99854,100,99199,100,99863,100,99117,100,99864,5,99104,100,99919,100,99076,100,99957,100,99069,100,99971,100,98845,100,99988,100,98319,100
2019-06-28 09:54:50.000000000,99809,195,99458,195,99826,195,99441,195,99839,195,99288,195,99854,195,99199,195,99863,195,99117,195,99864,5,99104,100,99919,100,99076,100,99957,100,99069,100,99971,100,98845,100,99988,100,98319,100
2019-06-28 09:55:00.000000000,99809,262,99458,262,99826,257,99441,257,99839,257,99288,257,99854,100,99199,100,99863,100,99117,100,99864,5,99104,100,99919,100,99076,100,99957,100,99069,100,99971,100,98845,100,99988,100,98319,100
2019-06-28 09:55:10.000000000,99809,338,99458,338,99826,338,99441,338,99839,100,99288,100,99854,100,99199,100,99863,100,99117,100,99864,5,99104,100,99919,100,99076,100,99957,100,99069,100,99971,100,98845,100,99988,100,98319,100
2019-06-28 09:55:18.191048819,99809,238,99458,338,99826,338,99441,338,99839,100,99288,100,99854,100,99199,100,99863,100,99117,100,99864,5,99104,100,99919,100,99076,100,99957,100,99069,100,99988,100,98845,100,100000,100,98319,100
2019-06-28 09:55:20.000000000,99826,262,99458,262,99839,257,99441,257,99854,257,99288,257,99863,100,99199,100,99864,5,99117,100,99919,100,99104,100,99957,100,99076,100,99988,100,99069,100,100000,100,98845,100,100027,100,98319,100
2019-06-28 09:55:28.760404075,99826,262,99458,262,99839,257,99441,257,99854,257,99288,257,99863,100,99199,100,99864,5,99117,100,99919,100,99104,100,99957,100,99076,100,99988,100,99069,100,100000,100,98845,100,100027,100,98319,100
2019-06-28 09:55:30.000000000,99826,338,99458,338,99839,338,99441,338,99854,100,99288,100,99863,100,99199,100,99864,5,99117,100,99919,100,99104,100,99957,100,99076,100,99988,100,99069,100,100000,100,98845,100,100027,100,98319,100
2019-06-28 09:55:32.988907479,99826,338,99809,100,99839,338,99458,338,99854,100,99441,338,99863,100,99288,100,99864,5,99199,100,99919,100,99117,100,99957,100,99104,100,99988,100,99076,100,100000,100,99069,100,100027,100,98845,100
2019-06-28 09:55:35.132261544,99826,338,99809,100,99839,338,99458,338,99854,100,99441,338,99863,100,99288,100,99864,5,99199,100,99919,100,99117,100,99957,100,99104,100,99988,100,99076,100,100000,100,99069,100,100027,100,98845,100
2019-06-28 09:55:40.000000000,99826,262,99809,262,99839,257,99458,257,99854,257,99441,257,99863,100,99288,100,99864,5,99199,100,99919,100,99117,100,99957,100,99104,100,99988,100,99076,100,100000,100,99069,100,100027,100,98845,100
2019-06-28 09:55:50.000000000,99826,262,99809,262,99839,257,99458,257,99854,257,99441,257,99863,100,99288,100,99864,5,99199,100,99919,100,99117,100,99957,100,99104,100,99988,100,99076,100,100000,100,99069,100,100027,100,98845,100
2019-06-28 09:56:00.000000000,99826,576,99809,576,99839,100,99458,100,99854,100,99441,100,99863,100,99288,100,99864,5,99199,100,99919,100,99117,100,99957,100,99104,100,99988,100,99076,100,100000,100,99069,100,100027,100,98845,100
2019-06-28 09:56:00.975658786,99826,476,99809,576,99839,100,99458,100,99854,100,99441,100,99863,100,99288,100,99864,5,99199,100,99919,100,99117,100,99957,100,99104,100,99988,100,99076,100,100000,100,99069,100,100027,100,98845,100
2019-06-28 09:56:10.000000000,99839,338,99809,338,99854,338,99458,338,99863,100,99441,100,99864,5,99288,100,99919,100,99199,100,99957,100,99117,100,99988,100,99104,100,100000,100,99076,100,100027,100,99069,100,100039,100,98845,100
2019-06-28 09:56:20.000000000,99839,219,99809,219,99854,219,99458,219,99863,219,99441,219,99864,124,99288,219,99919,100,99199,100,99957,100,99117,100,99988,100,99104,100,100000,100,99076,100,100027,100,99069,100,100039,100,98845,100
2019-06-28 09:56:29.795567651,99839,219,99809,219,99854,219,99458,219,99863,219,99441,219,99864,124,99288,219,99919,100,99199,100,99957,100,99117,100,99988,100,99104,100,100000,100,99076,100,100027,100,99069,100,100039,100,98845,100
2019-06-28 09:56:30.000000000,99839,576,99809,576,99854,100,99458,100,99863,100,99441,100,99864,5,99288,100,99919,100,99199,100,99957,100,99117,100,99988,100,99104,100,100000,100,99076,100,100027,100,99069,100,100039,100,98845,100
2019-06-28 09:56:40.000000000,99839,219,99809,219,99854,219,99458,219,99863,219,99441,219,99864,124,99288,219,99919,100,99199,100,99957,100,99117,100,99988,100,99104,100,100000,100,99076,100,100027,100,99069,100,100039,100,98845,100
2019-06-28 09:56:43.602609764,99839,219,99809,219,99854,219,99458,219,99863,219,99441,219,99864,124,99288,219,99919,100,99199,100,99957,100,99117,100,99988,100,99104,100,100000,100,99076,100,100027,100,99069,100,100039,100,98845,100
2019-06-28 09:56:50.000000000,99839,262,99809,262,99854,257,99458,257,99863,257,99441,257,99864,5,99288,100,99919,100,99199,100,99957,100,99117,100,99988,100,99104,100,100000,100,99076,100,100027,100,99069,100,100039,100,98845,100
2019-06-28 09:56:52.514528011,99839,262,99809,262,99854,257,99458,257,99863,257,99441,257,99864,5,99288,100,99919,100,99199,100,99957,100,99117,100,99988,100,99104,100,100000,100,99076,100,100027,100,99069,100,100039,100,98845,100
2019-06-28 09:56:59.351719150,99839,162,99809,262,99854,257,99458,257,99863,257,99441,257,99864,5,99288,100,99919,100,99199,100,99957,100,99117,100,99988,100,99104,100,100000,100,99076,100,100027,100,99069,100,100039,100,98845,100
2019-06-28 09:57:00.000000000,99854,262,99809,262,99863,257,99458,257,99864,162,99441,257,99919,100,99288,100,99957,100,99199,100,99988,100,99117,100,100000,100,99104,100,100027,100,99076,100,100039,100,99069,100,100081,100,98845,100
2019-06-28 09:57:02.978510952,99854,262,99809,262,99863,257,99458,257,99864,162,99441,257,99919,100,99288,100,99957,100,99199,100,99988,100,99117,100,100000,100,99104,100,100027,100,99076,100,100039,100,99069,100,100081,100,98845,100
2019-06-28 09:57:10.000000000,99854,195,99809,195,99863,195,99458,195,99864,100,99441,195,99919,195,99288,195,99957,195,99199,195,99988,100,99117,100,100000,100,99104,100,100027,100,99076,100,100039,100,99069,100,100081,100,98845,100
2019-06-28 09:57:20.000000000,99854,576,99809,576,99863,100,99458,100,99864,5,99441,100,99919,100,99288,100,99957,100,99199,100,99988,100,99117,100,100000,100,99104,100,100027,100,99076,100,100039,100,99069,100,100081,100,98845,100
2019-06-28 09:57:20.053048883,99854,476,99809,576,99863,100,99458,100,99864,5,99441,100,99919,100,99288,100,99957,100,99199,100,99988,100,99117,100,100000,100,99104,100,100027,100,99076,100,100039,100,99069,100,100081,100,98845,100
2019-06-28 09:57:30.000000000,99863,338,99809,338,99864,243,99458,338,99919,100,99441,100,99957,100,99288,100,99988,100,99199,100,100000,100,99117,100,100027,100,99104,100,100039,100,99076,100,100081,100,99069,100,100135,100,98845,100
2019-06-28 09:57:40.000000000,99863,219,99809,219,99864,124,99458,219,99919,219,99441,219,99957,219,99288,219,99988,100,99199,100,100000,100,99117,100,100027,100,99104,100,100039,100,99076,100,100081,100,99069,100,100135,100,98845,100
2019-06-28 09:57:42.438794654,99863,219,99809,219,99864,124,99458,219,99919,219,99441,219,99957,219,99288,219,99988,100,99199,100,100000,100,99117,100,100027,100,99104,100,100039,100,99076,100,100081,100,99069,100,100135,100,98845,100
2019-06-28 09:57:50.000000000,99863,195,99809,195,99864,100,99458,195,99919,195,99441,195,99957,195,99288,195,99988,195,99199,195,100000,100,99117,100,100027,100,99104,100,100039,100,99076,100,100081,100,99069,100,100135,100,98845,100
2019-06-28 09:57:53.544972911,99863,95,99809,195,99864,100,99458,195,99919,195,99441,195,99957,195,99288,195,99988,195,99199,195,100000,100,99117,100,100027,100,99104,100,100039,100,99076,100,100081,100,99069,100,100193,100,98845,100
2019-06-28 09:58:00.000000000,99864,100,99809,195,99919,195,99458,195,99957,195,99441,195,99988,195,99288,195,100000,195,99199,195,100027,100,99117,100,100039,100,99104,100,100081,100,99076,100,100193,100,99069,100,100266,100,98845,100
2019-06-28 09:58:06.849020024,99864,100,99854,100,99919,195,99809,95,99957,195,99458,195,99988,195,99441,195,100000,195,99288,195,100027,100,99199,195,100039,100,99117,100,100081,100,99104,100,100193,100,99076,100,100266,100,99069,100
2019-06-28 09:58:10.000000000,99864,100,99854,195,99919,195,99458,195,99957,195,99441,195,99988,195,99288,195,100000,195,99199,195,100027,100,99117,100,100039,100,99104,100,100081,100,99076,100,100193,100,99069,100,100266,100,98845,100
2019-06-28 09:58:20.000000000,99864,167,99854,262,99919,257,99458,257,99957,257,99441,257,99988,100,99288,100,100000,100,99199,100,100027,100,99117,100,100039,100,99104,100,100081,100,99076,100,100193,100,99069,100,100266,100,98845,100
2019-06-28 09:58:30.000000000,99864,243,99854,338,99919,338,99458,338,99957,100,99441,100,99988,100,99288,100,100000,100,99199,100,100027,100,99117,100,100039,100,99104,100,100081,100,99076,100,100193,100,99069,100,100266,100,98845,100
2019-06-28 09:58:33.496812632,99864,243,99854,338,99919,338,99458,338,99957,100,99441,100,99988,100,99288,100,100000,100,99199,100,100027,100,99117,100,100039,100,99104,100,100081,100,99076,100,100266,100,99069,100,100355,100,98845,100
2019-06-28 09:58:34.905389231,99864,243,99854,338,99919,338,99458,338,99957,100,99441,100,99988,100,99288,100,100000,100,99199,100,100027,100,99117,100,100039,100,99104,100,100081,100,99076,100,100266,100,99069,100,100355,100,98845,100
2019-06-28 09:58:40.000000000,99864,481,99854,576,99919,100,99458,100,99957,100,99441,100,99988,100,99288,100,100000,100,99199,100,100027,100,99117,100,100039,100,99104,100,100081,100,99076,100,100266,100,99069,100,100355,100,98845,100
2019-06-28 09:58:50.000000000,99864,243,99854,338,99919,338,99458,338,99957,100,99441,100,99988,100,99288,100,100000,100,99199,100,100027,100,99117,100,100039,100,99104,100,100081,100,99076,100,100266,100,99069,100,100355,100,98845,100
2019-06-28 09:59:00.000000000,99864,243,99854,338,99919,338,99458,338,99957,100,99441,100,99988,100,99288,100,100000,100,99199,100,100027,100,99117,100,100039,100,99104,100,100081,100,99076,100,100266,100,99069,100,100355,100,98845,100
2019-06-28 09:59:10.000000000,99864,243,99854,338,99919,338,99458,338,99957,100,99441,100,99988,100,99288,100,100000,100,99199,100,100027,100,99117,100,100039,100,99104,100,100081,100,99076,100,100266,100,99069,100,100355,100,98845,100
2019-06-28 09:59:13.348612690,99864,143,99854,338,99919,338,99458,338,99957,100,99441,100,99988,100,99288,100,100000,100,99199,100,100027,100,99117,100,100039,100,99104,100,100081,100,99076,100,100266,100,99069,100,100355,100,98845,100
2019-06-28 09:59:13.730829455,99864,143,99863,100,99919,338,99854,338,99957,100,99458,338,99988,100,99441,100,100000,100,99288,100,100027,100,99199,100,100039,100,99117,100,100081,100,99104,100,100266,100,99076,100,100355,100,99069,100
2019-06-28 09:59:18.396263137,99864,143,99863,100,99919,338,99854,338,99957,100,99458,338,99988,100,99441,100,100000,100,99288,100,100027,100,99199,100,100039,100,99117,100,100081,100,99104,100,100266,100,99076,100,100336,100,99069,100
2019-06-28 09:59:20.000000000,99919,262,99863,262,99957,257,99854,257,99988,257,99458,257,100000,100,99441,100,100027,100,99288,100,100039,100,99199,100,100081,100,99117,100,100266,100,99104,100,100336,100,99076,100,100355,100,99069,100
2019-06-28 09:59:30.000000000,99919,195,99863,195,99957,195,99854,195,99988,195,99458,195,100000,195,99441,195,100027,195,99288,195,100039,100,99199,100,100081,100,99117,100,100266,100,99104,100,100336,100,99076,100,100355,100,99069,100
2019-06-28 09:59:40.000000000,99919,576,99863,576,99957,100,99854,100,99988,100,99458,100,100000,100,99441,100,100027,100,99288,100,100039,100,99199,100,100081,100,99117,100,100266,100,99104,100,100336,100,99076,100,100355,100,99069,100
2019-06-28 09:59:50.000000000,99919,338,99863,338,99957,338,99854,338,99988,100,99458,100,100000,100,99441,100,100027,100,99288,100,100039,100,99199,100,100081,100,99117,100,100266,100,99104,100,100336,100,99076,100,100355,100,99069,100
2019-06-28 10:00:00.000000000,99919,219,99863,219,99957,219,99854,219,99988,219,99458,219,100000,219,99441,219,100027,100,99288,100,100039,100,99199,100,100081,100,99117,100,100266,100,99104,100,100336,100,99076,100,100355,100,99069,100
2019-06-28 10:00:04.017408143,99919,119,99863,219,99957,219,99854,219,99988,219,99458,219,100000,219,99441,219,100027,100,99288,100,100039,100,99199,100,100081,100,99117,100,100266,100,99104,100,100336,100,99076,100,100355,100,99069,100
2019-06-28 10:00:10.000000000,99957,262,99863,262,99988,257,99854,257,100000,257,99458,257,100027,100,99441,100,100039,100,99288,100,100081,100,99199,100,100266,100,99117,100,100336,100,99104,100,100355,100,99076,100,100367,100,99069,100
2019-06-28 10:00:17.947420376,99957,162,99863,262,99988,257,99854,257,100000,157,99458,257,100027,100,99441,100,100039,100,99288,100,100081,100,99199,100,100266,100,99117,100,100336,100,99104,100,100355,100,99076,100,100367,100,99069,100
2019-06-28 10:00:20.000000000,99988,576,99863,576,100027,100,99854,100,100039,100,99458,100,100081,100,99441,100,100266,100,99288,100,100336,100,99199,100,100355,100,99117,100,100367,100,99104,100,100465,100,99076,100,100560,100,99069,100
2019-06-28 10:00:30.000000000,99988,195,99863,195,100027,195,99854,195,100039,195,99458,195,100081,195,99441,195,100266,195,99288,195,100336,100,99199,100,100355,100,99117,100,100367,100,99104,100,100465,100,99076,100,100560,100,99069,100
2019-06-28 10:00:40.000000000,99988,338,99863,338,100027,338,99854,338,100039,100,99458,100,100081,100,99441,100,100266,100,99288,100,100336,100,99199,100,100355,100,99117,100,100367,100,99104,100,100465,100,99076,100,100560,100,99069,100
2019-06-28 10:00:40.544532301,99988,338,99919,100,100027,338,99863,338,100039,100,99854,338,100081,100,99458,100,100266,100,99441,100,100336,100,99288,100,100355,100,99199,100,100367,100,99117,100,100465,100,99104,100,100560,100,99076,100
2019-06-28 10:00:50.000000000,99988,195,99919,195,100027,195,99863,195,100039,195,99854,195,100081,195,99458,195,100266,195,99441,195,100336,100,99288,100,100355,100,99199,100,100367,100,99117,100,100465,100,99104,100,100560,100,99076,100
2019-06-28 10:00:51.208720024,99988,95,99919,195,100027,195,99863,195,100039,195,99854,195,100081,195,99458,195,100266,195,99441,195,100336,100,99288,100,100355,100,99199,100,100367,100,99117,100,100465,100,99104,100,100560,100,99076,100
2019-06-28 10:00:57.755162079,99988,95,99919,195,100027,195,99863,195,100039,195,99854,195,100081,195,99458,195,100266,195,99441,195,100336,100,99288,100,100355,100,99199,100,100367,100,99117,100,100465,100,99104,100,100560,100,99076,100
2019-06-28 10:01:00.000000000,100027,219,99919,219,100039,219,99863,219,100081,219,99854,219,100266,219,99458,219,100336,100,99441,100,100355,100,99288,100,100367,100,99199,100,100465,100,99117,100,100560,100,99104,100,100692,100,99076,100
2019-06-28 10:01:10.000000000,100027,195,99919,195,100039,195,99863,195,100081,195,99854,195,100266,195,99458,195,100336,195,99441,195,100355,100,99288,100,100367,100,99199,100,100465,100,99117,100,100560,100,99104,100,100692,100,99076,100
2019-06-28 10:01:13.360245958,100027,95,99919,195,100039,195,99863,195,100081,195,99854,195,100266,195,99458,195,100336,195,99441,195,100355,100,99288,100,100367,100,99199,100,100465,100,99117,100,100560,100,99104,100,100692,100,99076,100
2019-06-28 10:01:15.628006543,100027,95,99988,100,100039,195,99919,195,100081,195,99863,95,100266,195,99854,195,100336,195,99458,195,100355,100,99441,195,100367,100,99288,100,100465,100,99199,100,100560,100,99117,100,100692,100,99104,100
2019-06-28 10:01:15.834409523,100027,95,99988,200,100039,195,99919,195,100081,195,99863,95,100266,195,99854,195,100336,195,99458,195,100355,100,99441,195,100367,100,99288,100,100465,100,99199,100,100560,100,99117,100,100692,100,99104,100
2019-06-28 10:01:20.000000000,100039,576,99988,676,100081,100,99919,100,100266,100,99854,100,100336,100,99458,100,100355,100,99441,100,100367,100,99288,100,100465,100,99199,100,100560,100,99117,100,100692,100,99104,100,100800,100,99076,100
2019-06-28 10:01:30.000000000,100039,576,99988,676,100081,100,99919,100,100266,100,99854,100,100336,100,99458,100,100355,100,99441,100,100367,100,99288,100,100465,100,99199,100,100560,100,99117,100,100692,100,99104,100,100800,100,99076,100
2019-06-28 10:01:38.386076756,100039,476,99988,676,100081,100,99919,100,100266,100,99854,100,100336,100,99458,100,100355,100,99441,100,100367,100,99288,100,100465,100,99199,100,100560,100,99104,100,100692,100,99076,100,100800,100,99069,100
2019-06-28 10:01:40.000000000,100081,262,99988,362,100266,257,99919,257,100336,257,99854,257,100355,100,99458,100,100367,100,99441,100,100465,100,99288,100,100560,100,99199,100,100692,100,99104,100,100800,100,99076,100,101034,100,99069,100
2019-06-28 10:01:49.083042879,100081,262,99988,362,100266,257,99919,257,100336,257,99854,257,100355,100,99458,100,100367,100,99441,100,100465,100,99288,100,100560,100,99199,100,100692,100,99104,100,100800,100,99076,100,101034,100,99069,100
2019-06-28 10:01:50.000000000,100081,338,99988,438,100266,338,99919,338,100336,100,99854,100,100355,100,99458,100,100367,100,99441,100,100465,100,99288,100,100560,100,99199,100,100692,100,99104,100,100800,100,99076,100,101034,100,99069,100
2019-06-28 10:01:53.609787368,100081,238,99988,438,100266,338,99919,338,100336,100,99854,100,100355,100,99458,100,100367,100,99441,100,100465,100,99288,100,100560,100,99199,100,100692,100,99104,100,100800,100,99076,100,101034,100,99069,100
2019-06-28 10:02:00.000000000,100266,195,99988,295,100336,195,99919,195,100355,195,99854,195,100367,195,99458,195,100465,195,99441,195,100560,100,99288,100,100692,100,99199,100,100800,100,99104,100,101034,100,99076,100,101170,100,99069,100
2019-06-28 10:02:02.661364422,100266,95,99988,295,100336,195,99919,195,100355,195,99854,195,100367,195,99458,195,100465,195,99441,195,100560,100,99288,100,100692,100,99199,100,100800,100,99104,100,101034,100,99076,100,101170,100,99069,100
2019-06-28 10:02:05.162687244,100266,95,99988,295,100336,195,99919,195,100355,195,99854,195,100367,195,99458,195,100465,195,99441,195,100560,100,99288,100,100692,100,99199,100,100800,100,99104,100,101034,100,99076,100,101170,100,99069,100
2019-06-28 10:02:10.000000000,100336,195,99988,295,100355,195,99919,195,100367,195,99854,195,100465,195,99458,195,100560,195,99441,195,100692,100,99288,100,100800,100,99199,100,101034,100,99104,100,101170,100,99076,100,101268,100,99069,100
2019-06-28 10:02:10.767786391,100336,195,100081,100,100355,195,99988,295,100367,195,99919,195,100465,195,99854,95,100560,195,99458,195,100692,100,99441,195,100800,100,99288,100,101034,100,99199,100,101170,100,99104,100,101268,100,99076,100
2019-06-28 10:02:20.000000000,100336,262,100081,262,100355,257,99988,357,100367,257,99919,257,100465,100,99458,100,100560,100,99441,100,100692,100,99288,100,100800,100,99199,100,101034,100,99104,100,101170,100,99076,100,101268,100,99069,100
2019-06-28 10:02:21.480394670,100336,162,100081,262,100355,257,99988,357,100367,257,99919,257,100465,100,99458,100,100560,100,99441,100,100692,100,99288,100,100800,100,99199,100,101034,100,99104,100,101170,100,99076,100,101431,100,99069,100
2019-06-28 10:02:30.000000000,100355,195,100081,195,100367,195,99988,295,100465,195,99919,195,100560,195,99458,195,100692,195,99441,195,100800,100,99288,100,101034,100,99199,100,101170,100,99104,100,101431,100,99076,100,,,99069,100
2019-06-28 10:02:35.359886596,100355,195,100081,195,100367,195,99988,295,100465,195,99919,195,100560,195,99458,195,100692,195,99441,195,100800,100,99288,100,101028,100,99199,100,101034,100,99104,100,101170,100,99076,100,101431,100,99069,100
2019-06-28 10:02:36.531501497,100355,95,100081,195,100367,195,99988,295,100465,195,99919,195,100560,195,99458,195,100692,195,99441,195,100800,100,99288,100,101028,100,99199,100,101034,100,99104,100,101170,100,99076,100,,,99069,100
2019-06-28 10:02:40.000000000,100367,262,100081,262,100465,257,99988,357,100560,257,99919,257,100692,100,99458,100,100800,100,99441,100,101028,100,99288,100,101034,100,99199,100,101170,100,99104,100,,,99076,100,,,99069,100
2019-06-28 10:02:43.553716406,100367,162,100081,262,100465,257,99988,357,100560,257,99919,257,100692,100,99458,100,100800,100,99441,100,101028,100,99288,100,101034,100,99199,100,101170,100,99104,100,,,99076,100,,,99069,100
2019-06-28 10:02:50.000000000,100465,262,100081,262,100560,257,99988,357,100692,257,99919,257,100800,100,99458,100,101028,100,99441,100,101034,100,99288,100,101170,100,99199,100,,,99104,100,,,99076,100,,,99069,100
2019-06-28 10:02:58.174596503,100465,162,100081,262,100560,257,99988,357,100692,257,99919,257,100800,100,99458,100,101028,100,99441,100,101034,100,99288,100,101170,100,99199,100,,,99104,100,,,99076,100,,,99069,100
2019-06-28 10:03:00.000000000,100560,262,100081,262,100692,257,99988,357,100800,257,99919,257,101028,100,99458,100,101034,100,99441,100,101170,100,99288,100,,,99199,100,,,99104,100,,,99076,100,,,99069,100
2019-06-28 10:03:01.567149482,100560,162,100081,262,100692,257,99988,357,100800,257,99919,257,101028,100,99458,100,101034,100,99441,100,101170,100,99288,100,,,99199,100,,,99104,100,,,99076,100,,,99069,100
2019-06-28 10:03:10.000000000,100692,195,100081,195,100800,195,99988,295,101028,195,99919,195,101034,195,99458,195,101170,195,99441,195,,,99288,100,,,99199,100,,,99104,100,,,99076,100,,,99069,100
2019-06-28 10:03:20.000000000,100692,195,100081,195,100800,195,99988,295,101028,195,99919,195,101034,195,99458,195,101170,195,99441,195,,,99288,100,,,99199,100,,,99104,100,,,99076,100,,,99069,100
2019-06-28 10:03:22.703007274,100692,195,100081,195,100800,195,99988,295,100977,100,99919,195,101028,195,99458,195,101034,195,99441,195,101170,195,99288,100,,,99199,100,,,99104,100,,,99076,100,,,99069,100
2019-06-28 10:03:30.000000000,100692,262,100081,262,100800,257,99988,357,100977,257,99919,257,101028,100,99458,100,101034,100,99441,100,101170,100,99288,100,,,99199,100,,,99104,100,,,99076,100,,,99069,100
2019-06-28 10:03:33.687838267,100692,262,100081,262,100800,257,99988,357,100886,100,99919,257,100977,257,99458,100,101028,100,99441,100,101034,100,99288,100,101170,100,99199,100,,,99104,100,,,99076,100,,,99069,100
2019-06-28 10:03:40.000000000,100692,338,100081,338,100800,338,99988,438,100886,100,99919,100,100977,100,99458,100,101028,100,99441,100,101034,100,99288,100,101170,100,99199,100,,,99104,100,,,99076,100,,,99069,100
2019-06-28 10:03:50.000000000,100692,576,100081,576,100800,100,99988,200,100886,100,99919,100,100977,100,99458,100,101028,100,99441,100,101034,100,99288,100,101170,100,99199,100,,,99104,100,,,99076,100,,,99069,100
2019-06-28 10:04:00.000000000,100692,576,100081,576,100800,100,99988,200,100886,100,99919,100,100977,100,99458,100,101028,100,99441,100,101034,100,99288,100,101170,100,99199,100,,,99104,100,,,99076,100,,,99069,100
2019-06-28 10:04:08.499641930,100692,576,100081,576,100800,100,99988,200,100886,100,99919,100,100977,100,99458,100,101028,100,99441,100,101034,100,99288,100,101170,100,99199,100,101655,100,99104,100,,,99076,100,,,99069,100
2019-06-28 10:04:10.000000000,100692,219,100081,219,100800,219,99988,319,100886,219,99919,219,100977,219,99458,219,101028,100,99441,100,101034,100,99288,100,101170,100,99199,100,101655,100,99104,100,,,99076,100,,,99069,100
2019-06-28 10:04:20.000000000,100692,195,100081,195,100800,195,99988,295,100886,195,99919,195,100977,195,99458,195,101028,195,99441,195,101034,100,99288,100,101170,100,99199,100,101655,100,99104,100,,,99076,100,,,99069,100
2019-06-28 10:04:30.000000000,100692,576,100081,576,100800,100,99988,200,100886,100,99919,100,100977,100,99458,100,101028,100,99441,100,101034,100,99288,100,101170,100,99199,100,101655,100,99104,100,,,99076,100,,,99069,100
2019-06-28 10:04:36.359671517,100692,576,100081,576,100800,100,99988,200,100886,100,99919,100,100977,100,99458,100,101028,100,99441,100,101034,100,99288,100,101170,100,99199,100,101390,100,99104,100,,,99076,100,,,99069,100
2019-06-28 10:04:38.768009123,100692,576,100081,576,100800,100,99988,100,100886,100,99919,100,100977,100,99458,100,101028,100,99441,100,101034,100,99288,100,101170,100,99199,100,101390,100,99104,100,,,99076,100,,,99069,100
2019-06-28 10:04:40.000000000,100692,195,100081,195,100800,195,99988,195,100886,195,99919,195,100977,195,99458,195,101028,195,99441,195,101034,100,99288,100,101170,100,99199,100,101390,100,99104,100,,,99076,100,,,99069,100
2019-06-28 10:04:42.316948415,100692,95,100081,195,100800,195,99988,195,100886,195,99919,195,100977,195,99458,195,101028,195,99441,195,101034,100,99288,100,101170,100,99199,100,101390,100,99104,100,,,99076,100,,,99069,100
2019-06-28 10:04:50.000000000,100800,262,100081,262,100886,257,99988,257,100977,257,99919,257,101028,100,99458,100,101034,100,99441,100,101170,100,99288,100,101390,100,99199,100,,,99104,100,,,99076,100,,,99069,100
2019-06-28 10:05:00.000000000,100800,262,100081,262,100886,257,99988,257,100977,257,99919,257,101028,100,99458,100,101034,100,99441,100,101170,100,99288,100,101390,100,99199,100,,,99104,100,,,99076,100,,,99069,100
2019-06-28 10:05:10.000000000,100800,195,100081,195,100886,195,99988,195,100977,195,99919,195,101028,195,99458,195,101034,195,99441,195,101170,100,99288,100,101390,100,99199,100,,,99104,100,,,99076,100,,,99069,100
2019-06-28 10:05:20.000000000,100800,219,100081,219,100886,219,99988,219,100977,219,99919,219,101028,219,99458,219,101034,100,99441,100,101170,100,99288,100,101390,100,99199,100,,,99104,100,,,99076,100,,,99069,100
2019-06-28 10:05:30.000000000,100800,219,100081,219,100886,219,99988,219,100977,219,99919,219,101028,219,99458,219,101034,100,99441,100,101170,100,99288,100,101390,100,99199,100,,,99104,100,,,99076,100,,,99069,100
2019-06-28 10:05:40.000000000,100800,576,100081,576,100886,100,99988,100,100977,100,99919,100,101028,100,99458,100,101034,100,99441,100,101170,100,99288,100,101390,100,99199,100,,,99104,100,,,99076,100,,,99069,100
2019-06-28 10:05:50.000000000,100800,262,100081,262,100886,257,99988,257,100977,257,99919,257,101028,100,99458,100,101034,100,99441,100,101170,100,99288,100,101390,100,99199,100,,,99104,100,,,99076,100,,,99069,100
2019-06-28 10:06:00.000000000,100800,262,100081,262,100886,257,99988,257,100977,257,99919,257,101028,100,99458,100,101034,100,99441,100,101170,100,99288,100,101390,100,99199,100,,,99104,100,,,99076,100,,,99069,100
