,ask_price_1,ask_size_1,bid_price_1,bid_size_1,ask_price_2,ask_size_2,bid_price_2,bid_size_2,ask_price_3,ask_size_3,bid_price_3,bid_size_3,ask_price_4,ask_size_4,bid_price_4,bid_size_4,ask_price_5,ask_size_5,bid_price_5,bid_size_5,ask_price_6,ask_size_6,bid_price_6,bid_size_6,ask_price_7,ask_size_7,bid_price_7,bid_size_7,ask_price_8,ask_size_8,bid_price_8,bid_size_8,ask_price_9,ask_size_9,bid_price_9,bid_size_9,ask_price_10,ask_size_10,bid_price_10,bid_size_10
2019-06-28 09:30:00.000000000,100125,100,100012,100,,,,,,,,,,,,,,,,,,,,,,,,,,,,,,,,,,,,
2019-06-28 09:30:00.000000001,100125,100,100012,100,,,99989,100,,,,,,,,,,,,,,,,,,,,,,,,,,,,,,,,
2019-06-28 09:30:00.000000002,100125,100,100096,100,,,100012,100,,,100010,100,,,99989,100,,,,,,,,,,,,,,,,,,,,,,,,
2019-06-28 09:30:00.000000003,100125,100,100012,100,,,100010,100,,,99999,100,,,99989,100,,,,,,,,,,,,,,,,,,,,,,,,
2019-06-28 09:30:00.000000005,100125,100,100012,100,,,100011,100,,,100010,100,,,99999,100,,,99989,100,,,99871,100,,,,,,,,,,,,,,,,
2019-06-28 09:30:00.000000006,100125,100,100012,100,,,100011,100,,,100010,100,,,99999,100,,,99989,100,,,99871,100,,,99778,100,,,,,,,,,,,,
2019-06-28 09:30:00.000000009,100086,100,100012,100,100125,100,100011,100,,,100010,100,,,99999,100,,,99989,100,,,99963,100,,,99909,100,,,99871,100,,,99778,100,,,,
2019-06-28 09:30:00.000000010,100086,100,100012,100,100125,100,100011,100,100131,100,100010,100,,,99999,100,,,99989,100,,,99963,100,,,99909,100,,,99890,100,,,99871,100,,,99778,100
2019-06-28 09:30:00.000000013,100086,100,100012,100,100125,100,100011,100,100131,100,100010,100,,,99999,100,,,99989,100,,,99963,100,,,99922,100,,,99909,100,,,99890,100,,,99871,100
2019-06-28 09:30:00.000000021,100086,100,100012,100,100125,100,100011,100,100131,100,100010,100,100139,100,99999,100,,,99989,100,,,99963,100,,,99922,100,,,99909,100,,,99890,100,,,99871,100
2019-06-28 09:30:00.000000023,100086,100,100012,100,100125,100,100011,100,100131,100,100010,100,100139,100,99999,100,,,99989,100,,,99963,100,,,99922,100,,,99909,100,,,99890,100,,,99871,100
2019-06-28 09:30:00.000000026,100086,100,100012,100,100125,100,100011,100,100131,100,100010,100,100139,100,99999,100,100153,100,99989,100,,,99963,100,,,99922,100,,,99909,100,,,99890,100,,,99871,100
2019-06-28 09:30:00.000000027,100086,100,100012,100,100125,100,100011,100,100131,100,100010,100,100134,100,99999,100,100139,100,99989,100,100153,100,99985,100,,,99963,100,,,99922,100,,,99909,100,,,99890,100
2019-06-28 09:30:00.000000028,100050,100,100012,100,100086,100,100011,100,100125,100,100010,100,100131,100,99999,100,100134,100,99989,100,100139,100,99985,100,100153,100,99963,100,,,99922,100,,,99909,100,,,99897,100
2019-06-28 09:30:00.000000030,100050,100,100011,100,100086,100,100010,100,100125,100,99999,100,100131,100,99989,100,100134,100,99985,100,100139,100,99963,100,100153,100,99922,100,,,99909,100,,,99897,100,,,99890,100
2019-06-28 09:30:00.000000031,100037,100,100011,100,100050,100,100010,100,100086,100,99999,100,100125,100,99989,100,100131,100,99985,100,100134,100,99963,100,100139,100,99922,100,100153,100,99909,100,,,99897,100,,,99890,100
2019-06-28 09:30:00.000000033,100037,100,100010,100,100050,100,99999,100,100086,100,99989,100,100094,100,99985,100,100125,100,99963,100,100131,100,99922,100,100134,100,99909,100,100139,100,99897,100,100153,100,99890,100,,,99871,100
2019-06-28 09:30:00.000000038,100037,100,100010,100,100050,100,99999,100,100086,100,99989,100,100094,100,99985,100,100125,100,99963,100,100131,100,99922,100,100134,100,99909,100,100139,100,99897,100,100153,100,99890,100,,,99871,100
2019-06-28 09:30:00.000000042,100037,100,100010,100,100050,100,99999,100,100086,100,99989,100,100094,100,99985,100,100125,100,99963,100,100131,100,99922,100,100134,100,99909,100,100139,100,99897,100,100153,100,99890,100,100160,100,99871,100
2019-06-28 09:30:00.000000046,100037,100,99999,100,100050,100,99989,100,100086,100,99985,100,100094,100,99963,100,100125,100,99922,100,100131,100,99909,100,100134,100,99897,100,100139,100,99890,100,100153,100,99871,100,100160,100,99866,100
2019-06-28 09:30:00.000000047,100037,100,99999,100,100050,100,99989,100,100086,100,99985,100,100094,100,99978,100,100125,100,99963,100,100131,100,99922,100,100134,100,99909,100,100139,100,99897,100,100153,100,99890,100,100160,100,99871,100
2019-06-28 09:30:00.000000051,100008,100,99999,100,100037,100,99989,100,100050,100,99985,100,100086,100,99978,100,100094,100,99963,100,100125,100,99922,100,100131,100,99909,100,100134,100,99897,100,100139,100,99890,100,100153,100,99871,100
2019-06-28 09:30:00.000000052,100008,100,99999,100,100011,100,99989,100,100037,100,99985,100,100050,100,99978,100,100086,100,99963,100,100094,100,99922,100,100125,100,99909,100,100131,100,99897,100,100134,100,99890,100,100139,100,99871,100
2019-06-28 09:30:00.000000053,100008,100,99999,100,100011,100,99997,100,100037,100,99989,100,100050,100,99985,100,100086,100,99978,100,100094,100,99963,100,100125,100,99922,100,100131,100,99909,100,100134,100,99897,100,100139,100,99890,100
2019-06-28 09:30:00.000000054,100008,100,99997,100,100011,100,99989,100,100037,100,99985,100,100050,100,99978,100,100086,100,99963,100,100094,100,99922,100,100125,100,99909,100,100131,100,99897,100,100134,100,99890,100,100139,100,99871,100
2019-06-28 09:30:00.000000057,100008,100,99997,100,100011,100,99989,100,100037,100,99985,100,100050,100,99978,100,100086,100,99963,100,100089,100,99922,100,100094,100,99909,100,100125,100,99897,100,100131,100,99890,100,100134,100,99871,100
2019-06-28 09:30:00.000000058,100011,100,99997,100,100037,100,99989,100,100050,100,99985,100,100086,100,99978,100,100089,100,99963,100,100094,100,99922,100,100125,100,99909,100,100131,100,99897,100,100134,100,99890,100,100139,100,99871,100
2019-06-28 09:30:00.000000059,100008,100,99997,100,100011,100,99989,100,100037,100,99985,100,100040,100,99978,100,100050,100,99963,100,100086,100,99922,100,100089,100,99909,100,100094,100,99897,100,100125,100,99890,100,100131,100,99871,100
2019-06-28 09:30:00.000000063,100008,100,99997,100,100011,100,99989,100,100037,100,99985,100,100040,100,99978,100,100050,100,99973,100,100064,100,99963,100,100086,100,99922,100,100089,100,99909,100,100094,100,99897,100,100125,100,99890,100
2019-06-28 09:30:00.000000064,100008,100,99997,100,100011,100,99989,100,100037,100,99985,100,100040,100,99978,100,100050,100,99973,100,100064,100,99963,100,100086,100,99922,100,100089,100,99909,100,100094,100,99897,100,100117,100,99890,100
2019-06-28 09:30:00.000000065,100008,100,99997,100,100011,100,99989,100,100037,100,99985,100,100040,100,99978,100,100050,100,99973,100,100055,100,99963,100,100064,100,99922,100,100086,100,99909,100,100089,100,99897,100,100094,100,99890,100
2019-06-28 09:30:00.000000068,100008,100,99997,100,100011,100,99989,100,100037,100,99985,100,100040,100,99978,100,100050,100,99973,100,100055,100,99968,100,100064,100,99963,100,100086,100,99922,100,100089,100,99909,100,100094,100,99897,100
2019-06-28 09:30:00.000000071,100008,200,99997,100,100011,100,99995,100,100037,100,99989,100,100040,100,99985,100,100050,100,99978,100,100055,100,99973,100,100064,100,99968,100,100086,100,99963,100,100089,100,99922,100,100094,100,99909,100
2019-06-28 09:30:00.000000072,100008,200,99995,100,100011,100,99989,100,100037,100,99985,100,100040,100,99978,100,100050,100,99976,100,100055,100,99973,100,100064,100,99968,100,100086,100,99963,100,100089,100,99922,100,100094,100,99909,100
2019-06-28 09:30:00.000000073,100008,200,99997,100,100011,100,99995,100,100037,100,99989,100,100040,100,99985,100,100050,100,99978,100,100055,100,99976,100,100064,100,99973,100,100086,100,99968,100,100089,100,99963,100,100094,100,99922,100
2019-06-28 09:30:00.000000076,100008,200,99997,100,100011,100,99995,100,100037,100,99989,100,100040,100,99988,100,100050,100,99985,100,100055,100,99978,100,100064,100,99976,100,100086,100,99973,100,100089,100,99968,100,100094,100,99963,100
2019-06-28 09:30:00.000000079,100007,100,99997,200,100008,200,99995,100,100011,100,99989,100,100037,100,99988,100,100040,100,99985,100,100050,100,99978,100,100055,100,99976,100,100064,100,99973,100,100086,100,99968,100,100089,100,99963,100
2019-06-28 09:30:00.000000080,100007,100,99997,200,100008,200,99995,100,100011,100,99989,100,100037,100,99988,100,100040,100,99985,100,100050,100,99978,100,100055,100,99976,100,100064,100,99973,100,100086,100,99968,100,100089,100,99963,100
2019-06-28 09:30:00.000000084,100007,100,99997,200,100008,200,99995,100,100011,100,99989,100,100037,100,99988,100,100040,100,99985,100,100050,100,99978,100,100055,100,99976,100,100064,100,99973,100,100086,100,99968,100,100089,100,99963,100
2019-06-28 09:30:00.000000085,100007,100,99997,200,100008,200,99995,100,100011,100,99989,100,100037,100,99988,100,100040,100,99985,100,100050,100,99978,100,100055,100,99976,100,100064,100,99973,100,100086,100,99968,100,100089,100,99963,100
2019-06-28 09:30:00.000000086,100007,100,99997,300,100008,200,99995,100,100011,100,99989,100,100037,100,99988,100,100040,100,99985,100,100050,100,99978,100,100055,100,99976,100,100064,100,99973,100,100086,100,99968,100,100089,100,99963,100
2019-06-28 09:30:00.000000088,100007,100,99997,300,100008,200,99995,100,100011,100,99989,100,100037,100,99988,100,100040,100,99985,100,100050,100,99978,100,100055,100,99976,100,100061,100,99973,100,100064,100,99968,100,100086,100,99963,100
2019-06-28 09:30:00.000000090,100007,100,99997,200,100008,200,99995,100,100011,100,99989,100,100037,100,99988,100,100040,200,99985,100,100050,100,99978,100,100055,100,99976,100,100061,100,99973,100,100064,100,99968,100,100086,100,99963,100
2019-06-28 09:30:00.000000092,100007,100,99997,100,100008,200,99995,100,100011,100,99989,100,100037,100,99988,100,100040,200,99985,100,100049,100,99978,100,100050,100,99976,100,100055,100,99973,100,100061,100,99968,100,100064,100,99963,100
2019-06-28 09:30:00.000000093,100007,100,99997,100,100008,200,99995,100,100011,100,99989,100,100037,100,99988,100,100040,200,99985,100,100049,100,99978,100,100050,100,99976,100,100055,100,99973,100,100057,100,99968,100,100061,100,99963,100
2019-06-28 09:30:00.000000095,100007,100,99998,100,100008,200,99997,100,100011,100,99995,100,100037,100,99989,100,100040,200,99988,100,100049,100,99985,100,100050,100,99978,100,100055,100,99976,100,100057,100,99973,100,100061,100,99968,100
2019-06-28 09:30:08.196451701,100007,100,99998,100,100008,200,99997,100,100011,100,99995,100,100037,100,99988,100,100040,200,99985,100,100049,100,99978,100,100050,100,99976,100,100055,100,99973,100,100057,100,99968,100,100061,100,99963,100
2019-06-28 09:30:10.000000000,100007,220,99998,220,100008,316,99997,216,100011,216,99995,216,100037,100,99988,100,100040,200,99985,100,100049,100,99978,100,100050,100,99976,100,100055,100,99973,100,100057,100,99968,100,100061,100,99963,100
2019-06-28 09:30:15.318546288,100007,120,99998,220,100008,316,99997,216,100011,216,99995,216,100037,100,99988,100,100040,200,99985,100,100049,100,99978,100,100050,100,99976,100,100055,100,99973,100,100057,100,99968,100,100061,100,99963,100
2019-06-28 09:30:20.000000000,100008,288,99998,188,100011,188,99997,188,100037,188,99995,188,100040,288,99988,188,100049,100,99985,100,100050,100,99978,100,100055,100,99976,100,100057,100,99973,100,100061,100,99968,100,100064,100,99963,100
2019-06-28 09:30:30.000000000,100008,376,99998,276,100011,276,99997,276,100037,100,99995,100,100040,200,99988,100,100049,100,99985,100,100050,100,99978,100,100055,100,99976,100,100057,100,99973,100,100061,100,99968,100,100064,100,99963,100
2019-06-28 09:30:32.030790237,100008,376,99998,276,100011,276,99997,276,100037,100,99995,100,100040,200,99988,100,100049,100,99985,100,100050,100,99978,100,100055,100,99976,100,100057,100,99973,100,100061,100,99968,100,100064,100,99963,100
2019-06-28 09:30:34.781035899,100008,376,99998,276,100011,276,99997,276,100037,100,99995,100,100040,200,99988,100,100049,100,99985,100,100050,100,99978,100,100055,100,99976,100,100057,100,99973,100,100061,100,99968,100,100064,100,99963,100
2019-06-28 09:30:36.142737551,100008,376,99998,276,100011,276,99997,276,100037,100,99995,100,100040,200,99988,100,100049,100,99985,100,100050,100,99978,100,100055,100,99976,100,100057,100,99973,100,100061,100,99968,100,100064,100,99963,100
2019-06-28 09:30:40.000000000,100008,552,99998,452,100011,100,99997,100,100037,100,99995,100,100040,200,99988,100,100049,100,99985,100,100050,100,99978,100,100055,100,99976,100,100057,100,99973,100,100061,100,99968,100,100064,100,99963,100
2019-06-28 09:30:50.000000000,100008,288,99998,188,100011,188,99997,188,100037,188,99995,188,100040,288,99988,188,100049,100,99985,100,100050,100,99978,100,100055,100,99976,100,100057,100,99973,100,100061,100,99968,100,100064,100,99963,100
2019-06-28 09:30:50.253842773,100008,188,99998,188,100011,188,99997,188,100037,188,99995,188,100040,288,99988,188,100049,100,99985,100,100050,100,99978,100,100055,100,99973,100,100057,100,99968,100,100061,100,99963,100,100064,100,99949,100
2019-06-28 09:30:57.285555194,100008,188,99998,188,100011,188,99997,188,100037,188,99995,188,100040,288,99988,188,100049,100,99985,100,100050,100,99978,100,100055,100,99973,100,100057,100,99968,100,100061,100,99963,100,100064,100,99949,100
2019-06-28 09:31:00.000000000,100008,276,99998,276,100011,276,99997,276,100037,100,99995,100,100040,200,99988,100,100049,100,99985,100,100050,100,99978,100,100055,100,99973,100,100057,100,99968,100,100061,100,99963,100,100064,100,99949,100
2019-06-28 09:31:04.937601310,100008,276,99998,276,100011,276,99997,276,100037,100,99995,100,100040,200,99988,100,100049,100,99985,100,100055,100,99978,100,100057,100,99973,100,100061,100,99968,100,100064,100,99963,100,100086,100,99949,100
2019-06-28 09:31:10.000000000,100008,170,99998,170,100011,170,99997,170,100037,170,99995,170,100040,270,99988,170,100049,170,99985,170,100055,100,99978,100,100057,100,99973,100,100061,100,99968,100,100064,100,99963,100,100086,100,99949,100
2019-06-28 09:31:20.000000000,100008,220,99998,220,100011,216,99997,216,100037,216,99995,216,100040,200,99988,100,100049,100,99985,100,100055,100,99978,100,100057,100,99973,100,100061,100,99968,100,100064,100,99963,100,100086,100,99949,100
2019-06-28 09:31:26.896917190,100008,120,99998,220,100011,216,99997,216,100037,216,99995,216,100040,200,99988,100,100049,100,99985,100,100055,100,99978,100,100057,100,99973,100,100061,100,99968,100,100064,100,99963,100,100086,100,99949,100
2019-06-28 09:31:30.000000000,100011,276,99998,276,100037,276,99997,276,100040,200,99995,100,100049,100,99988,100,100055,100,99985,100,100057,100,99978,100,100061,100,99973,100,100064,100,99968,100,100086,100,99963,100,100089,100,99949,100
2019-06-28 09:31:31.164572958,100011,276,100008,100,100037,276,99998,276,100040,200,99997,276,100049,100,99995,100,100055,100,99988,100,100057,100,99985,100,100061,100,99978,100,100064,100,99973,100,100086,100,99968,100,100089,100,99963,100
2019-06-28 09:31:40.000000000,100011,188,100008,188,100037,188,99998,188,100040,288,99997,188,100049,188,99995,188,100055,100,99988,100,100057,100,99985,100,100061,100,99978,100,100064,100,99973,100,100086,100,99968,100,100089,100,99963,100
2019-06-28 09:31:50.000000000,100011,188,100008,188,100037,188,99998,188,100040,288,99997,188,100049,188,99995,188,100055,100,99988,100,100057,100,99985,100,100061,100,99978,100,100064,100,99973,100,100086,100,99968,100,100089,100,99963,100
2019-06-28 09:32:00.000000000,100011,170,100008,170,100037,170,99998,170,100040,270,99997,170,100049,170,99995,170,100055,170,99988,170,100057,100,99985,100,100061,100,99978,100,100064,100,99973,100,100086,100,99968,100,100089,100,99963,100
2019-06-28 09:32:10.000000000,100011,220,100008,220,100037,216,99998,216,100040,316,99997,216,100049,100,99995,100,100055,100,99988,100,100057,100,99985,100,100061,100,99978,100,100064,100,99973,100,100086,100,99968,100,100089,100,99963,100
2019-06-28 09:32:20.000000000,100011,452,100008,452,100037,100,99998,100,100040,200,99997,100,100049,100,99995,100,100055,100,99988,100,100057,100,99985,100,100061,100,99978,100,100064,100,99973,100,100086,100,99968,100,100089,100,99963,100
2019-06-28 09:32:22.166783136,100011,352,100008,452,100037,100,99998,100,100040,200,99997,100,100049,100,99995,100,100055,100,99988,100,100057,100,99985,100,100061,100,99978,100,100064,100,99973,100,100086,100,99968,100,100089,100,99963,100
2019-06-28 09:32:29.054909802,100011,352,100008,452,100037,100,99998,100,100040,200,99997,100,100049,100,99995,100,100055,100,99988,100,100057,100,99985,100,100061,100,99978,100,100064,100,99973,100,100086,100,99968,100,100089,100,99963,100
2019-06-28 09:32:30.000000000,100037,276,100008,276,100040,376,99998,276,100049,100,99997,100,100055,100,99995,100,100057,100,99988,100,100061,100,99985,100,100064,100,99978,100,100086,100,99973,100,100089,100,99968,100,100094,100,99963,100
2019-06-28 09:32:32.593441702,100037,276,100008,276,100040,376,99998,276,100049,100,99997,100,100055,100,99995,100,100057,100,99988,100,100061,100,99985,100,100064,100,99978,100,100086,100,99973,100,100089,100,99968,100,100094,100,99963,100
2019-06-28 09:32:40.000000000,100037,452,100008,452,100040,200,99998,100,100049,100,99997,100,100055,100,99995,100,100057,100,99988,100,100061,100,99985,100,100064,100,99978,100,100086,100,99973,100,100089,100,99968,100,100094,100,99963,100
2019-06-28 09:32:42.885719958,100037,452,100009,100,100040,200,100008,452,100049,100,99998,100,100055,100,99997,100,100057,100,99995,100,100061,100,99988,100,100064,100,99985,100,100086,100,99978,100,100089,100,99973,100,100094,100,99968,100
2019-06-28 09:32:50.000000000,100037,170,100009,170,100040,270,100008,170,100049,170,99998,170,100055,170,99997,170,100057,170,99995,170,100061,100,99988,100,100064,100,99985,100,100086,100,99978,100,100089,100,99973,100,100094,100,99968,100
2019-06-28 09:32:52.782569133,100037,70,100009,170,100040,270,100008,170,100049,170,99998,170,100055,170,99997,170,100057,170,99995,170,100061,100,99988,100,100064,100,99985,100,100086,100,99978,100,100089,100,99973,100,100094,100,99968,100
2019-06-28 09:33:00.000000000,100040,320,100009,220,100049,216,100008,216,100055,216,99998,216,100057,100,99997,100,100061,100,99995,100,100064,100,99988,100,100086,100,99985,100,100089,100,99978,100,100094,100,99973,100,100101,100,99968,100
2019-06-28 09:33:05.495155229,100040,320,100009,220,100049,216,100008,216,100055,216,99998,216,100057,100,99997,100,100061,100,99995,100,100064,100,99985,100,100086,100,99978,100,100089,100,99973,100,100094,100,99968,100,100101,100,99963,100
2019-06-28 09:33:10.000000000,100040,376,100009,276,100049,276,100008,276,100055,100,99998,100,100057,100,99997,100,100061,100,99995,100,100064,100,99985,100,100086,100,99978,100,100089,100,99973,100,100094,100,99968,100,100101,100,99963,100
2019-06-28 09:33:12.101722176,100040,276,100009,276,100049,276,100008,276,100055,100,99998,100,100057,100,99997,100,100061,100,99995,100,100064,100,99978,100,100086,100,99973,100,100089,100,99968,100,100094,100,99963,100,100101,100,99949,100
2019-06-28 09:33:20.000000000,100040,220,100009,220,100049,216,100008,216,100055,216,99998,216,100057,100,99997,100,100061,100,99995,100,100064,100,99978,100,100086,100,99973,100,100089,100,99968,100,100094,100,99963,100,100101,100,99949,100
2019-06-28 09:33:30.000000000,100040,276,100009,276,100049,276,100008,276,100055,100,99998,100,100057,100,99997,100,100061,100,99995,100,100064,100,99978,100,100086,100,99973,100,100089,100,99968,100,100094,100,99963,100,100101,100,99949,100
2019-06-28 09:33:40.000000000,100040,220,100009,220,100049,216,100008,216,100055,216,99998,216,100057,100,99997,100,100061,100,99995,100,100064,100,99978,100,100086,100,99973,100,100089,100,99968,100,100094,100,99963,100,100101,100,99949,100
2019-06-28 09:33:50.000000000,100040,170,100009,170,100049,170,100008,170,100055,170,99998,170,100057,170,99997,170,100061,170,99995,170,100064,100,99978,100,100086,100,99973,100,100089,100,99968,100,100094,100,99963,100,100101,100,99949,100
2019-06-28 09:34:00.000000000,100040,452,100009,452,100049,100,100008,100,100055,100,99998,100,100057,100,99997,100,100061,100,99995,100,100064,100,99978,100,100086,100,99973,100,100089,100,99968,100,100094,100,99963,100,100101,100,99949,100
2019-06-28 09:34:10.000000000,100040,276,100009,276,100049,276,100008,276,100055,100,99998,100,100057,100,99997,100,100061,100,99995,100,100064,100,99978,100,100086,100,99973,100,100089,100,99968,100,100094,100,99963,100,100101,100,99949,100
2019-06-28 09:34:20.000000000,100040,452,100009,452,100049,100,100008,100,100055,100,99998,100,100057,100,99997,100,100061,100,99995,100,100064,100,99978,100,100086,100,99973,100,100089,100,99968,100,100094,100,99963,100,100101,100,99949,100
2019-06-28 09:34:27.346586794,100040,452,100009,452,100049,100,100008,100,100055,100,99998,100,100057,100,99997,100,100061,100,99995,100,100064,100,99978,100,100086,100,99973,100,100089,100,99968,100,100094,100,99963,100,100101,100,99949,100
2019-06-28 09:34:30.000000000,100040,276,100009,276,100049,276,100008,276,100055,100,99998,100,100057,100,99997,100,100061,100,99995,100,100064,100,99978,100,100086,100,99973,100,100089,100,99968,100,100094,100,99963,100,100101,100,99949,100
2019-06-28 09:34:30.948168002,100040,176,100009,276,100049,276,100008,276,100055,100,99998,100,100057,100,99997,100,100061,100,99995,100,100064,100,99978,100,100086,100,99973,100,100089,100,99968,100,100094,100,99963,100,100101,100,99949,100
2019-06-28 09:34:40.000000000,100049,276,100009,276,100055,276,100008,276,100057,100,99998,100,100061,100,99997,100,100064,100,99995,100,100086,100,99978,100,100089,100,99973,100,100094,100,99968,100,100101,100,99963,100,100117,100,99949,100
2019-06-28 09:34:42.477092726,100049,176,100009,276,100055,276,100008,276,100057,100,99998,100,100061,100,99997,100,100064,100,99995,100,100086,100,99978,100,100089,100,99973,100,100094,100,99968,100,100101,100,99963,100,100117,100,99949,100
2019-06-28 09:34:45.097627733,100049,76,100009,276,100055,176,100008,276,100057,100,99998,100,100061,100,99997,100,100064,100,99995,100,100086,100,99978,100,100089,100,99973,100,100094,100,99968,100,100101,100,99963,100,100117,100,99949,100
2019-06-28 09:34:48.215052612,100049,76,100009,276,100055,176,100008,276,100057,100,99998,100,100061,100,99997,100,100064,100,99995,100,100086,100,99978,100,100089,100,99973,100,100094,100,99968,100,100101,100,99963,100,100117,100,99949,100
2019-06-28 09:34:48.412177530,100049,76,100009,276,100055,176,100008,276,100057,100,99998,100,100061,100,99997,100,100064,100,99995,100,100086,100,99978,100,100089,100,99973,100,100094,100,99968,100,100101,100,99963,100,100117,100,99949,100
2019-06-28 09:34:50.000000000,100057,170,100009,170,100061,170,100008,170,100064,170,99998,170,100086,170,99997,170,100089,170,99995,170,100094,100,99978,100,100101,100,99973,100,100117,100,99968,100,100131,100,99963,100,100145,100,99949,100
2019-06-28 09:35:00.000000000,100057,452,100009,452,100061,100,100008,100,100064,100,99998,100,100086,100,99997,100,100089,100,99995,100,100094,100,99978,100,100101,100,99973,100,100117,100,99968,100,100131,100,99963,100,100145,100,99949,100
2019-06-28 09:35:04.578652253,100057,352,100009,452,100061,100,100008,100,100064,100,99998,100,100086,100,99997,100,100089,100,99995,100,100094,100,99978,100,100101,100,99973,100,100117,100,99963,100,100131,100,99949,100,100145,100,99927,100
2019-06-28 09:35:10.000000000,100061,188,100009,188,100064,188,100008,188,100086,188,99998,188,100089,188,99997,188,100094,100,99995,100,100101,100,99978,100,100117,100,99973,100,100131,100,99963,100,100145,100,99949,100,100153,100,99927,100
2019-06-28 09:35:20.000000000,100061,220,100009,220,100064,216,100008,216,100086,216,99998,216,100089,100,99997,100,100094,100,99995,100,100101,100,99978,100,100117,100,99973,100,100131,100,99963,100,100145,100,99949,100,100153,100,99927,100
2019-06-28 09:35:30.000000000,100061,220,100009,220,100064,216,100008,216,100086,216,99998,216,100089,100,99997,100,100094,100,99995,100,100101,100,99978,100,100117,100,99973,100,100131,100,99963,100,100145,100,99949,100,100153,100,99927,100
2019-06-28 09:35:38.741304205,100061,220,100009,220,100064,216,100008,216,100086,216,99998,216,100089,100,99997,100,100094,100,99995,100,100101,100,99978,100,100117,100,99973,100,100131,100,99963,100,100145,100,99949,100,100153,100,99927,100
2019-06-28 09:35:40.000000000,100061,276,100009,276,100064,276,100008,276,100086,100,99998,100,100089,100,99997,100,100094,100,99995,100,100101,100,99978,100,100117,100,99973,100,100131,100,99963,100,100145,100,99949,100,100153,100,99927,100
2019-06-28 09:35:48.508881184,100061,276,100009,276,100064,276,100008,276,100086,100,99998,100,100089,100,99997,100,100094,100,99995,100,100101,100,99978,100,100117,100,99973,100,100131,100,99963,100,100145,100,99949,100,100153,100,99927,100
2019-06-28 09:35:50.000000000,100061,276,100009,276,100064,276,100008,276,100086,100,99998,100,100089,100,99997,100,100094,100,99995,100,100101,100,99978,100,100117,100,99973,100,100131,100,99963,100,100145,100,99949,100,100153,100,99927,100
2019-06-28 09:36:00.000000000,100061,170,100009,170,100064,170,100008,170,100086,170,99998,170,100089,170,99997,170,100094,170,99995,170,100101,100,99978,100,100117,100,99973,100,100131,100,99963,100,100145,100,99949,100,100153,100,99927,100
2019-06-28 09:36:10.000000000,100061,276,100009,276,100064,276,100008,276,100086,100,99998,100,100089,100,99997,100,100094,100,99995,100,100101,100,99978,100,100117,100,99973,100,100131,100,99963,100,100145,100,99949,100,100153,100,99927,100
2019-06-28 09:36:17.142399404,100061,176,100009,276,100064,276,100008,276,100086,100,99998,100,100089,100,99997,100,100094,100,99995,100,100101,100,99978,100,100117,100,99973,100,100131,100,99963,100,100145,100,99949,100,100153,100,99927,100
2019-06-28 09:36:20.000000000,100064,276,100009,276,100086,276,100008,276,100089,100,99998,100,100094,100,99997,100,100101,100,99995,100,100117,100,99978,100,100131,100,99973,100,100145,100,99963,100,100153,100,99949,100,100155,100,99927,100
2019-06-28 09:36:30.000000000,100064,452,100009,452,100086,100,100008,100,100089,100,99998,100,100094,100,99997,100,100101,100,99995,100,100117,100,99978,100,100131,100,99973,100,100145,100,99963,100,100153,100,99949,100,100155,100,99927,100
2019-06-28 09:36:40.000000000,100064,220,100009,220,100086,216,100008,216,100089,216,99998,216,100094,100,99997,100,100101,100,99995,100,100117,100,99978,100,100131,100,99973,100,100145,100,99963,100,100153,100,99949,100,100155,100,99927,100
2019-06-28 09:36:50.000000000,100064,188,100009,188,100086,188,100008,188,100089,188,99998,188,100094,188,99997,188,100101,100,99995,100,100117,100,99978,100,100131,100,99973,100,100145,100,99963,100,100153,100,99949,100,100155,100,99927,100
2019-06-28 09:36:51.587331345,100064,88,100009,188,100086,188,100008,188,100089,188,99998,188,100094,188,99997,188,100101,100,99995,100,100117,100,99978,100,100131,100,99973,100,100145,100,99963,100,100153,100,99949,100,100155,100,99927,100
2019-06-28 09:36:51.840575910,100064,88,100009,188,100086,188,100008,188,100089,188,99998,188,100094,188,99997,188,100101,100,99995,100,100117,100,99978,100,100131,100,99973,100,100145,100,99963,100,100153,100,99949,100,100155,100,99927,100
2019-06-28 09:37:00.000000000,100086,220,100009,220,100089,216,100008,216,100094,216,99998,216,100101,100,99997,100,100117,100,99995,100,100131,100,99978,100,100145,100,99973,100,100153,100,99963,100,100155,100,99949,100,100160,100,99927,100
2019-06-28 09:37:10.000000000,100086,188,100009,188,100089,188,100008,188,100094,188,99998,188,100101,188,99997,188,100117,100,99995,100,100131,100,99978,100,100145,100,99973,100,100153,100,99963,100,100155,100,99949,100,100160,100,99927,100
2019-06-28 09:37:20.000000000,100086,276,100009,276,100089,276,100008,276,100094,100,99998,100,100101,100,99997,100,100117,100,99995,100,100131,100,99978,100,100145,100,99973,100,100153,100,99963,100,100155,100,99949,100,100160,100,99927,100
2019-06-28 09:37:20.466046410,100086,276,100061,100,100089,276,100009,276,100094,100,100008,276,100101,100,99998,100,100117,100,99997,100,100131,100,99995,100,100145,100,99978,100,100153,100,99973,100,100155,100,99963,100,100160,100,99949,100
2019-06-28 09:37:20.542764707,100086,176,100061,100,100089,276,100009,276,100101,100,100008,276,100117,100,99998,100,100131,100,99997,100,100145,100,99995,100,100153,100,99978,100,100155,100,99973,100,100160,100,99963,100,100271,100,99949,100
2019-06-28 09:37:25.260960408,100086,76,100061,100,100089,276,100009,276,100101,100,100008,276,100117,100,99998,100,100145,100,99997,100,100153,100,99995,100,100155,100,99978,100,100160,100,99973,100,100271,100,99963,100,100307,100,99949,100
2019-06-28 09:37:30.000000000,100089,220,100061,220,100101,216,100009,216,100117,216,100008,216,100145,100,99998,100,100153,100,99997,100,100155,100,99995,100,100160,100,99978,100,100271,100,99973,100,100307,100,99963,100,100390,100,99949,100
2019-06-28 09:37:40.000000000,100089,188,100061,188,100101,188,100009,188,100117,188,100008,188,100145,188,99998,188,100153,100,99997,100,100155,100,99995,100,100160,100,99978,100,100271,100,99973,100,100307,100,99963,100,100390,100,99949,100
2019-06-28 09:37:50.000000000,100089,452,100061,452,100101,100,100009,100,100117,100,100008,100,100145,100,99998,100,100153,100,99997,100,100155,100,99995,100,100160,100,99978,100,100271,100,99973,100,100307,100,99963,100,100390,100,99949,100
2019-06-28 09:38:00.000000000,100089,276,100061,276,100101,276,100009,276,100117,100,100008,100,100145,100,99998,100,100153,100,99997,100,100155,100,99995,100,100160,100,99978,100,100271,100,99973,100,100307,100,99963,100,100390,100,99949,100
2019-06-28 09:38:10.000000000,100089,170,100061,170,100101,170,100009,170,100117,170,100008,170,100145,170,99998,170,100153,170,99997,170,100155,100,99995,100,100160,100,99978,100,100271,100,99973,100,100307,100,99963,100,100390,100,99949,100
2019-06-28 09:38:20.000000000,100089,452,100061,452,100101,100,100009,100,100117,100,100008,100,100145,100,99998,100,100153,100,99997,100,100155,100,99995,100,100160,100,99978,100,100271,100,99973,100,100307,100,99963,100,100390,100,99949,100
2019-06-28 09:38:20.028221179,100089,452,100061,452,100101,100,100009,100,100117,100,100008,100,100153,100,99998,100,100155,100,99997,100,100160,100,99995,100,100271,100,99978,100,100307,100,99973,100,100390,100,99963,100,100444,100,99949,100
2019-06-28 09:38:23.960171897,100089,352,100061,452,100101,100,100009,100,100117,100,100008,100,100153,100,99998,100,100155,100,99997,100,100160,100,99995,100,100271,100,99978,100,100307,100,99973,100,100390,100,99963,100,100444,100,99949,100
2019-06-28 09:38:30.000000000,100101,170,100061,170,100117,170,100009,170,100153,170,100008,170,100155,170,99998,170,100160,170,99997,170,100271,100,99995,100,100307,100,99978,100,100390,100,99973,100,100444,100,99963,100,100534,100,99949,100
2019-06-28 09:38:40.000000000,100101,452,100061,452,100117,100,100009,100,100153,100,100008,100,100155,100,99998,100,100160,100,99997,100,100271,100,99995,100,100307,100,99978,100,100390,100,99973,100,100444,100,99963,100,100534,100,99949,100
2019-06-28 09:38:50.000000000,100101,220,100061,220,100117,216,100009,216,100153,216,100008,216,100155,100,99998,100,100160,100,99997,100,100271,100,99995,100,100307,100,99978,100,100390,100,99973,100,100444,100,99963,100,100534,100,99949,100
2019-06-28 09:39:00.000000000,100101,170,100061,170,100117,170,100009,170,100153,170,100008,170,100155,170,99998,170,100160,170,99997,170,100271,100,99995,100,100307,100,99978,100,100390,100,99973,100,100444,100,99963,100,100534,100,99949,100
2019-06-28 09:39:01.325238187,100101,70,100061,170,100117,70,100009,170,100153,170,100008,170,100155,170,99998,170,100160,170,99997,170,100271,100,99995,100,100307,100,99978,100,100390,100,99973,100,100444,100,99963,100,100534,100,99949,100
2019-06-28 09:39:05.040374504,100117,70,100101,30,100153,170,100061,170,100155,170,100009,170,100160,170,100008,170,100271,100,99998,170,100307,100,99997,170,100390,100,99995,100,100444,100,99978,100,100534,100,99973,100,100568,100,99963,100
2019-06-28 09:39:05.240050954,100117,70,100101,130,100153,170,100061,170,100155,170,100009,170,100160,170,100008,170,100271,100,99998,170,100307,100,99997,170,100390,100,99995,100,100444,100,99978,100,100534,100,99973,100,100568,100,99963,100
2019-06-28 09:39:10.000000000,100153,188,100101,218,100155,188,100061,188,100160,188,100009,188,100271,188,100008,188,100307,100,99998,100,100390,100,99997,100,100444,100,99995,100,100534,100,99978,100,100568,100,99973,100,100621,100,99963,100
2019-06-28 09:39:14.740214872,100153,188,100101,318,100155,188,100061,188,100160,188,100009,188,100271,188,100008,188,100307,100,99998,100,100390,100,99997,100,100444,100,99995,100,100534,100,99978,100,100568,100,99973,100,100621,100,99963,100
2019-06-28 09:39:16.193110084,100153,88,100101,318,100155,188,100061,188,100160,188,100009,188,100271,188,100008,188,100307,100,99998,100,100390,100,99997,100,100444,100,99995,100,100534,100,99978,100,100621,100,99973,100,100963,100,99963,100
2019-06-28 09:39:20.000000000,100155,452,100101,582,100160,100,100061,100,100271,100,100009,100,100307,100,100008,100,100390,100,99998,100,100444,100,99997,100,100534,100,99995,100,100621,100,99978,100,100963,100,99973,100,,,99963,100
2019-06-28 09:39:27.308817694,100155,452,100102,100,100160,100,100101,482,100271,100,100061,100,100307,100,100009,100,100390,100,100008,100,100444,100,99998,100,100534,100,99997,100,100621,100,99995,100,100963,100,99978,100,,,99973,100
2019-06-28 09:39:30.000000000,100155,220,100102,220,100160,216,100101,246,100271,216,100061,216,100307,100,100009,100,100390,100,100008,100,100444,100,99998,100,100534,100,99997,100,100621,100,99995,100,100963,100,99978,100,,,99973,100
2019-06-28 09:39:30.430312007,100155,120,100102,220,100160,216,100101,246,100271,216,100061,216,100307,100,100009,100,100390,100,100008,100,100444,100,99998,100,100534,100,99997,100,100621,100,99995,100,100963,100,99978,100,,,99973,100
2019-06-28 09:39:40.000000000,100160,220,100102,220,100271,216,100101,246,100307,216,100061,216,100390,100,100009,100,100444,100,100008,100,100534,100,99998,100,100621,100,99997,100,100963,100,99995,100,,,99978,100,,,99973,100
2019-06-28 09:39:46.964765826,100160,220,100102,120,100271,216,100101,246,100307,216,100061,216,100390,100,100009,100,100444,100,100008,100,100534,100,99998,100,100621,100,99997,100,100963,100,99995,100,,,99978,100,,,99973,100
2019-06-28 09:39:50.000000000,100160,276,100101,306,100271,276,100061,276,100307,100,100009,100,100390,100,100008,100,100444,100,99998,100,100534,100,99997,100,100621,100,99995,100,100963,100,99978,100,,,99973,100,,,99963,100
2019-06-28 09:39:58.338258795,100160,276,100101,206,100271,276,100061,276,100390,100,100009,100,100444,100,100008,100,100534,100,99998,100,100621,100,99997,100,100963,100,99995,100,,,99978,100,,,99973,100,,,99963,100
2019-06-28 09:40:00.000000000,100160,170,100101,100,100271,170,100061,170,100390,170,100009,170,100444,170,100008,170,100534,170,99998,170,100621,100,99997,100,100963,100,99995,100,,,99978,100,,,99973,100,,,99963,100
2019-06-28 09:40:02.496725038,100102,100,100101,100,100160,170,100061,170,100271,170,100009,170,100390,170,100008,170,100444,170,99998,170,100534,170,99997,100,100621,100,99995,100,100963,100,99978,100,,,99973,100,,,99963,100
2019-06-28 09:40:06.750282927,100160,170,100101,100,100271,170,100061,170,100390,170,100009,170,100444,170,100008,170,100534,170,99998,170,100621,100,99997,100,100963,100,99995,100,,,99978,100,,,99973,100,,,99963,100
2019-06-28 09:40:10.000000000,100160,220,100101,150,100271,216,100061,216,100390,216,100009,216,100444,100,100008,100,100534,100,99998,100,100621,100,99997,100,100963,100,99995,100,,,99978,100,,,99973,100,,,99963,100
2019-06-28 09:40:19.438341645,100102,100,100101,150,100160,220,100061,116,100271,216,100009,216,100390,216,100008,100,100444,100,99998,100,100534,100,99997,100,100621,100,99995,100,100963,100,99978,100,,,99973,100,,,99963,100
2019-06-28 09:40:20.000000000,100102,276,100101,206,100160,276,100009,276,100271,100,100008,100,100390,100,99998,100,100444,100,99997,100,100534,100,99995,100,100621,100,99978,100,100963,100,99973,100,,,99963,100,,,99949,100
2019-06-28 09:40:30.000000000,100102,220,100101,150,100160,216,100009,216,100271,216,100008,216,100390,100,99998,100,100444,100,99997,100,100534,100,99995,100,100621,100,99978,100,100963,100,99973,100,,,99963,100,,,99949,100
2019-06-28 09:40:40.000000000,100102,276,100101,206,100160,276,100009,276,100271,100,100008,100,100390,100,99998,100,100444,100,99997,100,100534,100,99995,100,100621,100,99978,100,100963,100,99973,100,,,99963,100,,,99949,100
2019-06-28 09:40:40.506767267,100102,276,100101,106,100160,276,100009,276,100271,100,100008,100,100390,100,99998,100,100444,100,99997,100,100534,100,99995,100,100621,100,99978,100,100963,100,99973,100,,,99963,100,,,99949,100
2019-06-28 09:40:40.587868333,100102,276,100101,106,100160,276,100009,276,100271,100,100008,100,100390,100,99998,100,100444,100,99997,100,100534,100,99995,100,100621,100,99978,100,100963,100,99973,100,,,99963,100,,,99949,100
2019-06-28 09:40:50.000000000,100102,276,100009,276,100160,276,100008,276,100271,100,99998,100,100390,100,99997,100,100444,100,99995,100,100534,100,99978,100,100621,100,99973,100,100963,100,99963,100,,,99949,100,,,99927,100
2019-06-28 09:40:53.002014757,100102,276,100009,276,100160,276,100008,276,100271,100,99998,100,100390,100,99997,100,100444,100,99995,100,100534,100,99978,100,100963,100,99973,100,,,99963,100,,,99949,100,,,99927,100
2019-06-28 09:41:00.000000000,100102,220,100009,220,100160,216,100008,216,100271,216,99998,216,100390,100,99997,100,100444,100,99995,100,100534,100,99978,100,100963,100,99973,100,,,99963,100,,,99949,100,,,99927,100
2019-06-28 09:41:07.624850830,100102,220,100009,220,100160,116,100008,216,100271,216,99998,216,100390,100,99997,100,100444,100,99995,100,100534,100,99978,100,100963,100,99973,100,,,99963,100,,,99949,100,,,99927,100
2019-06-28 09:41:10.000000000,100102,276,100009,276,100271,276,100008,276,100390,100,99998,100,100444,100,99997,100,100534,100,99995,100,100963,100,99978,100,,,99973,100,,,99963,100,,,99949,100,,,99927,100
2019-06-28 09:41:20.000000000,100102,452,100009,452,100271,100,100008,100,100390,100,99998,100,100444,100,99997,100,100534,100,99995,100,100963,100,99978,100,,,99973,100,,,99963,100,,,99949,100,,,99927,100
2019-06-28 09:41:30.000000000,100102,188,100009,188,100271,188,100008,188,100390,188,99998,188,100444,188,99997,188,100534,100,99995,100,100963,100,99978,100,,,99973,100,,,99963,100,,,99949,100,,,99927,100
2019-06-28 09:41:34.373769734,100102,188,100009,88,100271,188,100008,188,100390,188,99998,188,100444,188,99997,188,100534,100,99995,100,100963,100,99978,100,,,99973,100,,,99963,100,,,99949,100,,,99927,100
2019-06-28 09:41:40.000000000,100102,188,100008,188,100271,188,99998,188,100390,188,99997,188,100444,188,99995,188,100534,100,99978,100,100963,100,99973,100,,,99963,100,,,99949,100,,,99927,100,,,99909,100
2019-06-28 09:41:50.000000000,100102,170,100008,170,100271,170,99998,170,100390,170,99997,170,100444,170,99995,170,100534,170,99978,170,100963,100,99973,100,,,99963,100,,,99949,100,,,99927,100,,,99909,100
2019-06-28 09:42:00.000000000,100102,170,100008,170,100271,170,99998,170,100390,170,99997,170,100444,170,99995,170,100534,170,99978,170,100963,100,99973,100,,,99963,100,,,99949,100,,,99927,100,,,99909,100
2019-06-28 09:42:10.000000000,100102,452,100008,452,100271,100,99998,100,100390,100,99997,100,100444,100,99995,100,100534,100,99978,100,100963,100,99973,100,,,99963,100,,,99949,100,,,99927,100,,,99909,100
2019-06-28 09:42:20.000000000,100102,452,100008,452,100271,100,99998,100,100390,100,99997,100,100444,100,99995,100,100534,100,99978,100,100963,100,99973,100,,,99963,100,,,99949,100,,,99927,100,,,99909,100
2019-06-28 09:42:29.618571987,100102,352,100008,452,100271,100,99998,100,100390,100,99997,100,100444,100,99995,100,100534,100,99978,100,100963,100,99973,100,,,99963,100,,,99949,100,,,99927,100,,,99909,100
2019-06-28 09:42:30.000000000,100271,276,100008,276,100390,276,99998,276,100444,100,99997,100,100534,100,99995,100,100963,100,99978,100,,,99973,100,,,99963,100,,,99949,100,,,99927,100,,,99909,100
2019-06-28 09:42:38.211554866,100101,100,100008,276,100271,276,99998,276,100390,276,99997,100,100444,100,99995,100,100534,100,99978,100,100963,100,99973,100,,,99963,100,,,99949,100,,,99927,100,,,99909,100
2019-06-28 09:42:40.000000000,100101,170,100008,170,100271,170,99998,170,100390,170,99997,170,100444,170,99995,170,100534,170,99978,170,100963,100,99973,100,,,99963,100,,,99949,100,,,99927,100,,,99909,100
2019-06-28 09:42:43.062641158,100101,170,100008,70,100271,170,99998,170,100390,170,99997,170,100444,170,99995,170,100534,170,99978,170,100963,100,99973,100,,,99963,100,,,99949,100,,,99927,100,,,99909,100
2019-06-28 09:42:50.000000000,100101,220,99998,220,100271,216,99997,216,100390,216,99995,216,100444,100,99978,100,100534,100,99973,100,100963,100,99963,100,,,99949,100,,,99927,100,,,99909,100,,,99890,100
2019-06-28 09:43:00.000000000,100101,188,99998,188,100271,188,99997,188,100390,188,99995,188,100444,188,99978,188,100534,100,99973,100,100963,100,99963,100,,,99949,100,,,99927,100,,,99909,100,,,99890,100
2019-06-28 09:43:06.475348475,100101,188,99998,188,100271,188,99997,188,100390,188,99995,188,100444,188,99978,188,100534,100,99973,100,100963,100,99963,100,,,99949,100,,,99927,100,,,99909,100,,,99890,100
2019-06-28 09:43:10.000000000,100101,220,99998,220,100271,216,99997,216,100390,216,99995,216,100444,100,99978,100,100534,100,99973,100,100963,100,99963,100,,,99949,100,,,99927,100,,,99909,100,,,99890,100
2019-06-28 09:43:18.221863237,100101,220,99998,220,100271,216,99997,216,100390,216,99995,216,100444,100,99978,100,100534,100,99973,100,100963,100,99963,100,,,99949,100,,,99927,100,,,99909,100,,,99890,100
2019-06-28 09:43:20.000000000,100101,276,99998,276,100271,276,99997,276,100390,100,99995,100,100444,100,99978,100,100534,100,99973,100,100963,100,99963,100,,,99949,100,,,99927,100,,,99909,100,,,99890,100
2019-06-28 09:43:23.200744537,100101,276,99998,276,100271,276,99997,276,100390,100,99995,100,100444,100,99978,100,100534,100,99973,100,100963,100,99963,100,,,99949,100,,,99927,100,,,99909,100,,,99890,100
2019-06-28 09:43:25.822476985,100101,276,99998,276,100271,276,99997,276,100390,100,99995,100,100444,100,99978,100,100534,100,99973,100,100963,100,99963,100,,,99949,100,,,99927,100,,,99909,100,,,99890,100
2019-06-28 09:43:30.000000000,100101,170,99998,170,100271,170,99997,170,100390,170,99995,170,100444,170,99978,170,100534,170,99973,170,100963,100,99963,100,,,99949,100,,,99927,100,,,99909,100,,,99890,100
2019-06-28 09:43:39.108440975,100101,170,99998,70,100271,170,99997,170,100390,170,99995,170,100444,170,99978,170,100534,170,99973,170,100963,100,99963,100,,,99949,100,,,99927,100,,,99909,100,,,99890,100
2019-06-28 09:43:40.000000000,100101,170,99997,170,100271,170,99995,170,100390,170,99978,170,100444,170,99973,170,100534,170,99963,170,100963,100,99949,100,,,99927,100,,,99909,100,,,99890,100,,,99823,100
2019-06-28 09:43:43.826284455,100101,170,99997,70,100271,170,99995,170,100390,70,99978,170,100444,170,99973,170,100534,170,99963,170,100963,100,99949,100,,,99927,100,,,99909,100,,,99890,100,,,99823,100
2019-06-28 09:43:43.931438901,99998,100,99997,70,100101,70,99995,170,100271,170,99978,170,100390,70,99973,170,100444,170,99963,170,100534,170,99949,100,100963,100,99927,100,,,99909,100,,,99890,100,,,99823,100
2019-06-28 09:43:44.627033412,99998,100,99997,70,100101,70,99995,170,100271,170,99978,170,100390,70,99973,170,100444,170,99963,170,100534,170,99949,100,100963,100,99927,100,,,99909,100,,,99890,100,,,99823,100
2019-06-28 09:43:48.142442900,99998,100,99997,70,100101,70,99995,170,100271,170,99978,170,100390,70,99973,170,100444,170,99963,170,100534,170,99949,100,100963,100,99927,100,,,99909,100,,,99890,100,,,99823,100
2019-06-28 09:43:50.000000000,99998,220,99995,220,100271,216,99978,216,100444,216,99973,216,100534,100,99963,100,100963,100,99949,100,,,99927,100,,,99909,100,,,99890,100,,,99823,100,,,99559,100
2019-06-28 09:43:58.096546197,99998,220,99995,120,100271,216,99978,216,100444,216,99973,216,100534,100,99963,100,100963,100,99949,100,,,99927,100,,,99909,100,,,99890,100,,,99823,100,,,99559,100
2019-06-28 09:44:00.000000000,99998,188,99978,188,100271,188,99973,188,100444,188,99963,188,100534,188,99949,188,100963,100,99927,100,,,99909,100,,,99890,100,,,99823,100,,,99559,100,,,99539,100
2019-06-28 09:44:02.733307360,99998,188,99978,188,100271,188,99973,188,100444,188,99963,188,100534,188,99949,188,100963,100,99927,100,,,99909,100,,,99890,100,,,99823,100,,,99559,100,,,99539,100
2019-06-28 09:44:10.000000000,99998,276,99978,276,100271,276,99973,276,100444,100,99963,100,100534,100,99949,100,100963,100,99927,100,,,99909,100,,,99890,100,,,99823,100,,,99559,100,,,99539,100
2019-06-28 09:44:20.000000000,99998,170,99978,170,100271,170,99973,170,100444,170,99963,170,100534,170,99949,170,100963,170,99927,170,,,99909,100,,,99890,100,,,99823,100,,,99559,100,,,99539,100
2019-06-28 09:44:30.000000000,99998,170,99978,170,100271,170,99973,170,100444,170,99963,170,100534,170,99949,170,100963,170,99927,170,,,99909,100,,,99890,100,,,99823,100,,,99559,100,,,99539,100
2019-06-28 09:44:40.000000000,99998,452,99978,452,100271,100,99973,100,100444,100,99963,100,100534,100,99949,100,100963,100,99927,100,,,99909,100,,,99890,100,,,99823,100,,,99559,100,,,99539,100
2019-06-28 09:44:47.590488587,99998,452,99978,352,100271,100,99973,100,100444,100,99963,100,100534,100,99949,100,100963,100,99927,100,,,99909,100,,,99890,100,,,99823,100,,,99559,100,,,99539,100
2019-06-28 09:44:50.000000000,99998,220,99973,220,100271,216,99963,216,100444,216,99949,216,100534,100,99927,100,100963,100,99909,100,,,99890,100,,,99823,100,,,99559,100,,,99539,100,,,99428,100
2019-06-28 09:44:51.372918183,99998,220,99973,120,100271,216,99963,216,100444,216,99949,216,100534,100,99927,100,100963,100,99909,100,,,99890,100,,,99823,100,,,99559,100,,,99539,100,,,99428,100
2019-06-28 09:44:59.014477711,99998,220,99973,20,100271,216,99963,216,100444,216,99949,216,100534,100,99927,100,100963,100,99909,100,,,99890,100,,,99823,100,,,99559,100,,,99539,100,,,99428,100
2019-06-28 09:45:00.000000000,99998,188,99963,188,100271,188,99949,188,100444,188,99927,188,100534,188,99909,188,100963,100,99890,100,,,99823,100,,,99559,100,,,99539,100,,,99428,100,,,99374,100
2019-06-28 09:45:05.009661737,99973,100,99963,188,99998,188,99949,188,100271,188,99927,188,100444,188,99909,188,100534,188,99890,100,100963,100,99823,100,,,99559,100,,,99539,100,,,99428,100,,,99374,100
2019-06-28 09:45:10.000000000,99973,220,99963,220,99998,216,99949,216,100271,216,99927,216,100444,100,99909,100,100534,100,99890,100,100963,100,99823,100,,,99559,100,,,99539,100,,,99428,100,,,99374,100
2019-06-28 09:45:10.428138635,99973,220,99963,120,99998,216,99949,216,100271,216,99927,216,100444,100,99909,100,100534,100,99890,100,100963,100,99823,100,,,99559,100,,,99539,100,,,99428,100,,,99374,100
2019-06-28 09:45:15.040669881,99972,100,99963,120,99973,220,99949,216,99998,216,99927,216,100271,216,99909,100,100444,100,99890,100,100534,100,99823,100,100963,100,99559,100,,,99539,100,,,99428,100,,,99374,100
2019-06-28 09:45:16.920574490,99972,100,99963,120,99973,220,99949,216,99998,216,99927,216,100271,216,99909,100,100444,100,99890,100,100534,100,99823,100,100963,100,99559,100,,,99539,100,,,99525,100,,,99428,100
2019-06-28 09:45:20.000000000,99972,276,99949,276,99973,276,99927,276,99998,100,99909,100,100271,100,99890,100,100444,100,99823,100,100534,100,99559,100,100963,100,99539,100,,,99525,100,,,99428,100,,,99374,100
2019-06-28 09:45:30.000000000,99972,220,99949,220,99973,216,99927,216,99998,216,99909,216,100271,100,99890,100,100444,100,99823,100,100534,100,99559,100,100963,100,99539,100,,,99525,100,,,99428,100,,,99374,100
2019-06-28 09:45:32.768671248,99972,220,99949,120,99973,216,99927,216,99998,216,99909,216,100271,100,99890,100,100444,100,99823,100,100534,100,99559,100,100963,100,99539,100,,,99525,100,,,99428,100,,,99374,100
2019-06-28 09:45:40.000000000,99972,188,99927,188,99973,188,99909,188,99998,188,99890,188,100271,188,99823,188,100444,100,99559,100,100534,100,99539,100,100963,100,99525,100,,,99428,100,,,99374,100,,,99366,100
2019-06-28 09:45:44.297525975,99972,188,99927,188,99973,188,99909,188,99998,188,99890,188,100066,100,99823,188,100271,188,99559,100,100444,100,99539,100,100534,100,99525,100,100963,100,99428,100,,,99366,100,,,99300,100
2019-06-28 09:45:50.000000000,99972,170,99927,170,99973,170,99909,170,99998,170,99890,170,100066,170,99823,170,100271,170,99559,170,100444,100,99539,100,100534,100,99525,100,100963,100,99428,100,,,99366,100,,,99300,100
2019-06-28 09:46:00.000000000,99972,452,99927,452,99973,100,99909,100,99998,100,99890,100,100066,100,99823,100,100271,100,99559,100,100444,100,99539,100,100534,100,99525,100,100963,100,99428,100,,,99366,100,,,99300,100
2019-06-28 09:46:02.060262954,99931,100,99927,452,99972,452,99909,100,99973,100,99890,100,99998,100,99823,100,100066,100,99559,100,100271,100,99539,100,100444,100,99525,100,100534,100,99428,100,100963,100,99366,100,,,99300,100
2019-06-28 09:46:10.000000000,99931,276,99927,276,99972,276,99909,276,99973,100,99890,100,99998,100,99823,100,100066,100,99559,100,100271,100,99539,100,100444,100,99525,100,100534,100,99428,100,100963,100,99366,100,,,99300,100
2019-06-28 09:46:20.000000000,99931,452,99927,452,99972,100,99909,100,99973,100,99890,100,99998,100,99823,100,100066,100,99559,100,100271,100,99539,100,100444,100,99525,100,100534,100,99428,100,100963,100,99366,100,,,99300,100
2019-06-28 09:46:24.295326074,99931,452,99927,452,99972,100,99909,100,99973,100,99890,100,99998,100,99823,100,100066,100,99677,100,100271,100,99559,100,100444,100,99539,100,100534,100,99525,100,100963,100,99428,100,,,99366,100
2019-06-28 09:46:30.000000000,99931,188,99927,188,99972,188,99909,188,99973,188,99890,188,99998,188,99823,188,100066,100,99677,100,100271,100,99559,100,100444,100,99539,100,100534,100,99525,100,100963,100,99428,100,,,99366,100
2019-06-28 09:46:40.000000000,99931,276,99927,276,99972,276,99909,276,99973,100,99890,100,99998,100,99823,100,100066,100,99677,100,100271,100,99559,100,100444,100,99539,100,100534,100,99525,100,100963,100,99428,100,,,99366,100
2019-06-28 09:46:41.806908070,99931,276,99927,176,99972,276,99909,276,99973,100,99890,100,99998,100,99823,100,100066,100,99677,100,100271,100,99559,100,100444,100,99539,100,100534,100,99525,100,100963,100,99428,100,,,99366,100
2019-06-28 09:46:45.672393580,99931,276,99927,76,99972,276,99909,276,99973,100,99890,100,99998,100,99823,100,100066,100,99677,100,100271,100,99559,100,100444,100,99539,100,100534,100,99525,100,100963,100,99428,100,,,99366,100
2019-06-28 09:46:50.000000000,99931,220,99909,220,99972,216,99890,216,99973,216,99823,216,99998,100,99677,100,100066,100,99559,100,100271,100,99539,100,100444,100,99525,100,100534,100,99428,100,100963,100,99366,100,,,99300,100
2019-06-28 09:47:00.000000000,99931,220,99909,220,99972,216,99890,216,99973,216,99823,216,99998,100,99677,100,100066,100,99559,100,100271,100,99539,100,100444,100,99525,100,100534,100,99428,100,100963,100,99366,100,,,99300,100
2019-06-28 09:47:03.779048480,99931,220,99909,120,99972,216,99890,216,99973,216,99823,216,99998,100,99677,100,100066,100,99559,100,100271,100,99539,100,100444,100,99525,100,100534,100,99428,100,100963,100,99366,100,,,99300,100
2019-06-28 09:47:10.000000000,99931,188,99890,188,99972,188,99823,188,99973,188,99677,188,99998,188,99559,188,100066,100,99539,100,100271,100,99525,100,100444,100,99428,100,100534,100,99366,100,100963,100,99300,100,,,99260,100
2019-06-28 09:47:20.000000000,99931,188,99890,188,99972,188,99823,188,99973,188,99677,188,99998,188,99559,188,100066,100,99539,100,100271,100,99525,100,100444,100,99428,100,100534,100,99366,100,100963,100,99300,100,,,99260,100
2019-06-28 09:47:28.426278690,99931,188,99890,188,99972,188,99823,188,99973,188,99677,188,99998,188,99559,188,100066,100,99539,100,100181,100,99525,100,100271,100,99428,100,100444,100,99366,100,100534,100,99300,100,100963,100,99260,100
2019-06-28 09:47:30.000000000,99931,452,99890,452,99972,100,99823,100,99973,100,99677,100,99998,100,99559,100,100066,100,99539,100,100181,100,99525,100,100271,100,99428,100,100444,100,99366,100,100534,100,99300,100,100963,100,99260,100
2019-06-28 09:47:38.738594547,99931,452,99890,452,99972,100,99823,100,99973,100,99677,100,99998,100,99559,100,100066,100,99539,100,100102,100,99525,100,100181,100,99428,100,100271,100,99366,100,100444,100,99300,100,100534,100,99260,100
2019-06-28 09:47:40.000000000,99931,170,99890,170,99972,170,99823,170,99973,170,99677,170,99998,170,99559,170,100066,170,99539,170,100102,100,99525,100,100181,100,99428,100,100271,100,99366,100,100444,100,99300,100,100534,100,99260,100
2019-06-28 09:47:50.000000000,99931,276,99890,276,99972,276,99823,276,99973,100,99677,100,99998,100,99559,100,100066,100,99539,100,100102,100,99525,100,100181,100,99428,100,100271,100,99366,100,100444,100,99300,100,100534,100,99260,100
2019-06-28 09:47:53.599859146,99931,276,99890,276,99972,276,99823,276,99973,100,99677,100,99998,100,99559,100,100066,100,99539,100,100102,100,99525,100,100181,100,99428,100,100196,100,99366,100,100271,100,99300,100,100444,100,99260,100
2019-06-28 09:47:57.866769489,99931,176,99890,276,99972,276,99823,276,99973,100,99677,100,99998,100,99559,100,100066,100,99525,100,100102,100,99428,100,100181,100,99366,100,100196,100,99300,100,100271,100,99260,100,100444,100,,
2019-06-28 09:47:58.902904039,99931,176,99910,100,99972,276,99890,276,99973,100,99823,276,99998,100,99677,100,100066,100,99559,100,100102,100,99525,100,100181,100,99428,100,100196,100,99366,100,100271,100,99300,100,100444,100,99260,100
2019-06-28 09:48:00.000000000,99972,220,99910,220,99973,216,99890,216,99998,216,99823,216,100066,100,99677,100,100102,100,99559,100,100181,100,99525,100,100196,100,99428,100,100271,100,99366,100,100444,100,99300,100,100534,100,99260,100
2019-06-28 09:48:00.656252053,99972,220,99910,320,99973,216,99890,216,99998,216,99823,216,100066,100,99677,100,100102,100,99559,100,100181,100,99525,100,100196,100,99428,100,100271,100,99366,100,100444,100,99300,100,100534,100,99260,100
2019-06-28 09:48:09.842552862,99972,220,99910,320,99973,216,99890,216,99998,216,99823,216,100066,100,99677,100,100102,100,99559,100,100181,100,99525,100,100196,200,99428,100,100271,100,99366,100,100444,100,99300,100,100534,100,99260,100
2019-06-28 09:48:10.000000000,99972,170,99910,270,99973,170,99890,170,99998,170,99823,170,100066,170,99677,170,100102,170,99559,170,100181,100,99525,100,100196,200,99428,100,100271,100,99366,100,100444,100,99300,100,100534,100,99260,100
2019-06-28 09:48:20.000000000,99972,452,99910,552,99973,100,99890,100,99998,100,99823,100,100066,100,99677,100,100102,100,99559,100,100181,100,99525,100,100196,200,99428,100,100271,100,99366,100,100444,100,99300,100,100534,100,99260,100
2019-06-28 09:48:30.000000000,99972,276,99910,376,99973,276,99890,276,99998,100,99823,100,100066,100,99677,100,100102,100,99559,100,100181,100,99525,100,100196,200,99428,100,100271,100,99366,100,100444,100,99300,100,100534,100,99260,100
2019-06-28 09:48:33.913446123,99972,276,99910,476,99973,276,99890,276,99998,100,99823,100,100066,100,99677,100,100102,100,99559,100,100181,100,99525,100,100196,200,99428,100,100271,100,99366,100,100444,100,99300,100,100534,100,99260,100
2019-06-28 09:48:38.227871050,99972,276,99910,476,99973,276,99890,276,99998,100,99823,100,100066,100,99677,100,100102,100,99559,100,100181,100,99525,100,100196,200,99428,100,100271,100,99366,100,100444,100,99300,100,100469,100,99260,100
2019-06-28 09:48:40.000000000,99972,170,99910,370,99973,170,99890,170,99998,170,99823,170,100066,170,99677,170,100102,170,99559,170,100181,100,99525,100,100196,200,99428,100,100271,100,99366,100,100444,100,99300,100,100469,100,99260,100
2019-06-28 09:48:50.000000000,99972,276,99910,476,99973,276,99890,276,99998,100,99823,100,100066,100,99677,100,100102,100,99559,100,100181,100,99525,100,100196,200,99428,100,100271,100,99366,100,100444,100,99300,100,100469,100,99260,100
2019-06-28 09:49:00.000000000,99972,170,99910,370,99973,170,99890,170,99998,170,99823,170,100066,170,99677,170,100102,170,99559,170,100181,100,99525,100,100196,200,99428,100,100271,100,99366,100,100444,100,99300,100,100469,100,99260,100
2019-06-28 09:49:10.000000000,99972,276,99910,476,99973,276,99890,276,99998,100,99823,100,100066,100,99677,100,100102,100,99559,100,100181,100,99525,100,100196,200,99428,100,100271,100,99366,100,100444,100,99300,100,100469,100,99260,100
2019-06-28 09:49:17.266622009,99972,176,99910,476,99973,276,99890,276,99998,100,99823,100,100066,100,99677,100,100102,100,99559,100,100181,100,99525,100,100196,200,99428,100,100271,100,99366,100,100444,100,99300,100,100469,100,99260,100
2019-06-28 09:49:20.000000000,99973,220,99910,420,99998,216,99890,216,100066,216,99823,216,100102,100,99677,100,100181,100,99559,100,100196,200,99525,100,100271,100,99428,100,100444,100,99366,100,100469,100,99300,100,100534,100,99260,100
2019-06-28 09:49:23.292491505,99973,220,99931,100,99998,216,99910,420,100066,216,99890,216,100102,100,99823,216,100181,100,99677,100,100196,200,99559,100,100271,100,99525,100,100444,100,99428,100,100469,100,99366,100,100534,100,99300,100
2019-06-28 09:49:30.000000000,99973,220,99931,220,99998,216,99910,416,100066,216,99890,216,100102,100,99823,100,100181,100,99677,100,100196,200,99559,100,100271,100,99525,100,100444,100,99428,100,100469,100,99366,100,100534,100,99300,100
2019-06-28 09:49:40.000000000,99973,170,99931,170,99998,170,99910,370,100066,170,99890,170,100102,170,99823,170,100181,170,99677,170,100196,200,99559,100,100271,100,99525,100,100444,100,99428,100,100469,100,99366,100,100534,100,99300,100
2019-06-28 09:49:50.000000000,99973,170,99931,170,99998,170,99910,370,100066,170,99890,170,100102,170,99823,170,100181,170,99677,170,100196,200,99559,100,100271,100,99525,100,100444,100,99428,100,100469,100,99366,100,100534,100,99300,100
2019-06-28 09:50:00.000000000,99973,276,99931,276,99998,276,99910,476,100066,100,99890,100,100102,100,99823,100,100181,100,99677,100,100196,200,99559,100,100271,100,99525,100,100444,100,99428,100,100469,100,99366,100,100534,100,99300,100
2019-06-28 09:50:05.548506453,99973,176,99931,276,99998,276,99910,476,100066,100,99890,100,100102,100,99823,100,100181,100,99559,100,100196,200,99525,100,100271,100,99428,100,100444,100,99366,100,100469,100,99300,100,100534,100,99260,100
2019-06-28 09:50:08.421083294,99973,176,99931,276,99998,276,99910,476,100066,100,99890,100,100102,100,99823,100,100181,100,99559,100,100196,200,99525,100,100271,100,99428,100,100444,100,99366,100,100469,100,99300,100,100534,100,99260,100
2019-06-28 09:50:10.000000000,99998,276,99931,276,100066,276,99910,476,100102,100,99890,100,100181,100,99823,100,100196,200,99559,100,100271,100,99525,100,100444,100,99428,100,100469,100,99366,100,100534,100,99300,100,100779,100,99260,100
2019-06-28 09:50:10.549940955,99998,176,99931,276,100066,276,99910,476,100102,100,99890,100,100181,100,99823,100,100196,200,99559,100,100271,100,99525,100,100444,100,99428,100,100469,100,99366,100,100534,100,99300,100,100779,100,,
2019-06-28 09:50:20.000000000,100066,276,99931,276,100102,276,99910,476,100181,100,99890,100,100196,200,99823,100,100271,100,99559,100,100444,100,99525,100,100469,100,99428,100,100534,100,99366,100,100779,100,99300,100,100963,100,,
2019-06-28 09:50:30.000000000,100066,276,99931,276,100102,276,99910,476,100181,100,99890,100,100196,200,99823,100,100271,100,99559,100,100444,100,99525,100,100469,100,99428,100,100534,100,99366,100,100779,100,99300,100,100963,100,,
2019-06-28 09:50:33.988162803,100066,76,99931,276,100102,276,99910,476,100181,100,99890,100,100196,200,99823,100,100271,100,99559,100,100444,100,99525,100,100469,100,99428,100,100534,100,99366,100,100779,100,99300,100,100963,100,,
2019-06-28 09:50:40.000000000,100102,452,99931,452,100181,100,99910,300,100196,200,99890,100,100271,100,99823,100,100444,100,99559,100,100469,100,99525,100,100534,100,99428,100,100779,100,99366,100,100963,100,99300,100,,,,
2019-06-28 09:50:50.000000000,100102,276,99931,276,100181,276,99910,476,100196,200,99890,100,100271,100,99823,100,100444,100,99559,100,100469,100,99525,100,100534,100,99428,100,100779,100,99366,100,100963,100,99300,100,,,,
2019-06-28 09:50:52.389978149,100102,276,99931,276,100181,276,99910,476,100196,200,99890,100,100271,200,99559,100,100444,100,99525,100,100469,100,99428,100,100534,100,99366,100,100779,100,99300,100,100963,100,,,,,,
2019-06-28 09:51:00.000000000,100102,188,99931,188,100181,188,99910,388,100196,288,99890,188,100271,288,99559,188,100444,100,99525,100,100469,100,99428,100,100534,100,99366,100,100779,100,99300,100,100963,100,,,,,,
2019-06-28 09:51:07.282075295,100102,88,99931,188,100181,188,99910,388,100196,188,99890,188,100271,288,99559,188,100444,100,99525,100,100469,100,99428,100,100534,100,99366,100,100779,100,99300,100,100963,100,,,,,,
2019-06-28 09:51:10.000000000,100181,452,99931,452,100196,100,99910,300,100271,200,99890,100,100444,100,99559,100,100469,100,99525,100,100534,100,99428,100,100779,100,99366,100,100963,100,99300,100,,,,,,,,
2019-06-28 09:51:17.505198824,100181,352,99931,452,100196,100,99910,300,100271,200,99890,100,100444,100,99559,100,100469,100,99525,100,100534,100,99428,100,100779,100,99366,100,100963,100,99300,100,,,,,,,,
2019-06-28 09:51:19.430879318,100181,352,100102,100,100196,100,99931,452,100271,200,99910,300,100444,100,99890,100,100469,100,99559,100,100534,100,99525,100,100779,100,99428,100,100963,100,99366,100,,,99300,100,,,,
2019-06-28 09:51:20.000000000,100196,452,100102,452,100271,200,99931,100,100444,100,99910,300,100469,100,99890,100,100534,100,99559,100,100779,100,99525,100,100963,100,99428,100,,,99366,100,,,99300,100,,,,
2019-06-28 09:51:28.376546571,100196,452,100168,100,100271,100,100102,452,100444,100,99931,100,100469,100,99910,300,100534,100,99890,100,100779,100,99559,100,100963,100,99525,100,,,99428,100,,,99366,100,,,99300,100
2019-06-28 09:51:30.000000000,100196,188,100168,188,100271,188,100102,188,100444,188,99931,188,100469,188,99910,388,100534,100,99890,100,100779,100,99559,100,100963,100,99525,100,,,99428,100,,,99366,100,,,99300,100
2019-06-28 09:51:34.766147367,100196,188,100168,188,100271,188,100102,188,100444,188,99931,188,100469,188,99910,288,100534,100,99890,100,100779,100,99559,100,100963,100,99525,100,,,99428,100,,,99366,100,,,99300,100
2019-06-28 09:51:39.962190565,100196,188,100168,188,100271,188,100102,188,100396,100,99931,188,100444,188,99910,288,100469,88,99890,100,100534,100,99559,100,100779,100,99525,100,100963,100,99428,100,,,99366,100,,,99300,100
2019-06-28 09:51:40.000000000,100196,452,100168,452,100271,100,100102,100,100396,100,99931,100,100444,100,99910,200,100534,100,99890,100,100779,100,99559,100,100963,100,99525,100,,,99428,100,,,99366,100,,,99300,100
2019-06-28 09:51:50.000000000,100196,188,100168,188,100271,188,100102,188,100396,188,99931,188,100444,188,99910,288,100534,100,99890,100,100779,100,99559,100,100963,100,99525,100,,,99428,100,,,99366,100,,,99300,100
2019-06-28 09:51:54.001891858,100196,88,100168,188,100271,188,100102,188,100396,188,99931,188,100444,188,99910,288,100534,100,99890,100,100779,100,99559,100,100963,100,99525,100,,,99428,100,,,99366,100,,,99300,100
2019-06-28 09:52:00.000000000,100271,452,100168,452,100396,100,100102,100,100444,100,99931,100,100534,100,99910,200,100779,100,99890,100,100963,100,99559,100,,,99525,100,,,99428,100,,,99366,100,,,99300,100
2019-06-28 09:52:10.000000000,100271,220,100168,220,100396,216,100102,216,100444,216,99931,216,100534,100,99910,200,100779,100,99890,100,100963,100,99559,100,,,99525,100,,,99428,100,,,99366,100,,,99300,100
2019-06-28 09:52:20.000000000,100271,170,100168,170,100396,170,100102,170,100444,170,99931,170,100534,170,99910,270,100779,170,99890,170,100963,100,99559,100,,,99525,100,,,99428,100,,,99366,100,,,99300,100
2019-06-28 09:52:27.797834371,100271,170,100168,170,100396,170,100102,170,100422,100,99931,170,100444,170,99910,270,100534,170,99890,170,100779,170,99559,100,100963,100,99525,100,,,99366,100,,,99300,100,,,,
2019-06-28 09:52:30.000000000,100271,452,100168,452,100396,100,100102,100,100422,100,99931,100,100444,100,99910,200,100534,100,99890,100,100779,100,99559,100,100963,100,99525,100,,,99366,100,,,99300,100,,,,
2019-06-28 09:52:40.000000000,100271,452,100168,452,100396,100,100102,100,100422,100,99931,100,100444,100,99910,200,100534,100,99890,100,100779,100,99559,100,100963,100,99525,100,,,99366,100,,,99300,100,,,,
2019-06-28 09:52:41.482932146,100196,100,100168,452,100271,452,100102,100,100396,100,99931,100,100422,100,99910,200,100444,100,99890,100,100534,100,99559,100,100779,100,99525,100,100963,100,99366,100,,,99300,100,,,,
2019-06-28 09:52:50.000000000,100196,220,100168,220,100271,216,100102,216,100396,216,99931,216,100422,100,99910,200,100444,100,99890,100,100534,100,99559,100,100779,100,99525,100,100963,100,99366,100,,,99300,100,,,,
2019-06-28 09:53:00.000000000,100196,188,100168,188,100271,188,100102,188,100396,188,99931,188,100422,188,99910,288,100444,100,99890,100,100534,100,99559,100,100779,100,99525,100,100963,100,99366,100,,,99300,100,,,,
2019-06-28 09:53:10.000000000,100196,188,100168,188,100271,188,100102,188,100396,188,99931,188,100422,188,99910,288,100444,100,99890,100,100534,100,99559,100,100779,100,99525,100,100963,100,99366,100,,,99300,100,,,,
2019-06-28 09:53:10.059738508,100196,188,100168,188,100271,188,100102,188,100292,100,99931,188,100396,188,99910,288,100422,188,99890,100,100444,100,99559,100,100534,100,99525,100,100779,100,99366,100,100963,100,99300,100,,,,
2019-06-28 09:53:12.365084643,100196,188,100168,188,100271,188,100102,188,100292,100,99931,188,100373,100,99910,288,100396,188,99890,100,100422,88,99559,100,100444,100,99525,100,100534,100,99366,100,100779,100,99300,100,100963,100,,
2019-06-28 09:53:14.395315012,100196,188,100168,88,100271,188,100102,188,100292,100,99931,188,100373,100,99910,288,100396,188,99890,100,100422,88,99559,100,100444,100,99525,100,100534,100,99366,100,100779,100,99300,100,100963,100,,
2019-06-28 09:53:20.000000000,100196,188,100102,188,100271,188,99931,188,100292,188,99910,288,100373,188,99890,188,100396,100,99559,100,100444,100,99525,100,100534,100,99366,100,100779,100,99300,100,100963,100,,,,,,
2019-06-28 09:53:30.000000000,100196,452,100102,452,100271,100,99931,100,100292,100,99910,200,100373,100,99890,100,100396,100,99559,100,100444,100,99525,100,100534,100,99366,100,100779,100,99300,100,100963,100,,,,,,
2019-06-28 09:53:38.117650245,100196,452,100102,452,100271,100,99931,100,100292,100,99910,200,100373,100,99890,100,100396,100,99559,100,100444,100,99525,100,100534,100,99375,100,100779,100,99366,100,100963,100,99300,100,,,,
2019-06-28 09:53:40.000000000,100196,452,100102,452,100271,100,99931,100,100292,100,99910,200,100373,100,99890,100,100396,100,99559,100,100444,100,99525,100,100534,100,99375,100,100779,100,99366,100,100963,100,99300,100,,,,
2019-06-28 09:53:46.607373067,100196,452,100102,452,100271,100,99931,100,100292,100,99910,200,100373,100,99890,100,100396,100,99559,100,100444,100,99525,100,100534,100,99454,100,100779,100,99375,100,100963,100,99366,100,,,99300,100
2019-06-28 09:53:50.000000000,100196,170,100102,170,100271,170,99931,170,100292,170,99910,270,100373,170,99890,170,100396,170,99559,170,100444,100,99525,100,100534,100,99454,100,100779,100,99375,100,100963,100,99366,100,,,99300,100
2019-06-28 09:54:00.000000000,100196,452,100102,452,100271,100,99931,100,100292,100,99910,200,100373,100,99890,100,100396,100,99559,100,100444,100,99525,100,100534,100,99454,100,100779,100,99375,100,100963,100,99366,100,,,99300,100
2019-06-28 09:54:10.000000000,100196,220,100102,220,100271,216,99931,216,100292,216,99910,316,100373,100,99890,100,100396,100,99559,100,100444,100,99525,100,100534,100,99454,100,100779,100,99375,100,100963,100,99366,100,,,99300,100
2019-06-28 09:54:14.777967828,100195,100,100102,220,100196,220,99931,216,100271,216,99910,316,100292,216,99890,100,100373,100,99559,100,100396,100,99525,100,100444,100,99454,100,100534,100,99375,100,100779,100,99366,100,100963,100,99300,100
2019-06-28 09:54:20.000000000,100195,276,100102,276,100196,276,99931,276,100271,100,99910,200,100292,100,99890,100,100373,100,99559,100,100396,100,99525,100,100444,100,99454,100,100534,100,99375,100,100779,100,99366,100,100963,100,99300,100
2019-06-28 09:54:21.343212728,100195,276,100102,176,100196,276,99931,276,100271,100,99910,200,100292,100,99890,100,100373,100,99559,100,100396,100,99525,100,100444,100,99454,100,100534,100,99375,100,100779,100,99366,100,100963,100,99300,100
2019-06-28 09:54:30.000000000,100195,170,99931,170,100196,170,99910,270,100271,170,99890,170,100292,170,99559,170,100373,170,99525,170,100396,100,99454,100,100444,100,99375,100,100534,100,99366,100,100779,100,99300,100,100963,100,,
2019-06-28 09:54:30.917608857,100195,170,99931,170,100196,170,99910,270,100271,170,99890,170,100292,170,99559,170,100373,170,99525,170,100396,100,99468,100,100444,100,99454,100,100534,100,99375,100,100779,100,99366,100,100963,100,99300,100
2019-06-28 09:54:40.000000000,100195,188,99931,188,100196,188,99910,288,100271,188,99890,188,100292,188,99559,188,100373,100,99525,100,100396,100,99468,100,100444,100,99454,100,100534,100,99375,100,100779,100,99366,100,100963,100,99300,100
2019-06-28 09:54:50.000000000,100195,188,99931,188,100196,188,99910,288,100271,188,99890,188,100292,188,99559,188,100373,100,99525,100,100396,100,99468,100,100444,100,99454,100,100534,100,99375,100,100779,100,99366,100,100963,100,99300,100
2019-06-28 09:54:56.258677134,100195,188,99931,188,100196,188,99910,288,100271,188,99890,188,100292,188,99559,188,100373,100,99525,100,100396,100,99468,100,100444,100,99454,100,100534,100,99375,100,100779,100,99366,100,100963,100,99324,100
2019-06-28 09:54:59.353111913,100195,188,99931,88,100196,188,99910,288,100271,188,99890,188,100292,188,99559,188,100373,100,99525,100,100396,100,99468,100,100444,100,99454,100,100534,100,99375,100,100779,100,99366,100,100963,100,99324,100
2019-06-28 09:55:00.000000000,100195,170,99910,270,100196,170,99890,170,100271,170,99559,170,100292,170,99525,170,100373,170,99468,170,100396,100,99454,100,100444,100,99375,100,100534,100,99366,100,100779,100,99324,100,100963,100,99300,100
2019-06-28 09:55:10.000000000,100195,276,99910,376,100196,276,99890,276,100271,100,99559,100,100292,100,99525,100,100373,100,99468,100,100396,100,99454,100,100444,100,99375,100,100534,100,99366,100,100779,100,99324,100,100963,100,99300,100
2019-06-28 09:55:18.577244899,100195,276,99910,376,100196,276,99890,276,100271,100,99559,100,100373,100,99525,100,100396,100,99468,100,100444,100,99454,100,100534,100,99398,100,100779,100,99375,100,100963,100,99366,100,,,99324,100
2019-06-28 09:55:20.000000000,100195,188,99910,288,100196,188,99890,188,100271,188,99559,188,100373,188,99525,188,100396,100,99468,100,100444,100,99454,100,100534,100,99398,100,100779,100,99375,100,100963,100,99366,100,,,99324,100
2019-06-28 09:55:29.665935266,100102,100,99910,288,100195,188,99890,188,100196,188,99559,188,100271,188,99525,188,100373,188,99468,100,100396,100,99454,100,100444,100,99398,100,100534,100,99375,100,100779,100,99366,100,100963,100,99324,100
2019-06-28 09:55:30.000000000,100102,220,99910,320,100195,216,99890,216,100196,216,99559,216,100271,100,99525,100,100373,100,99468,100,100396,100,99454,100,100444,100,99398,100,100534,100,99375,100,100779,100,99366,100,100963,100,99324,100
2019-06-28 09:55:32.630668604,100102,220,99910,320,100195,216,99890,216,100196,216,99559,216,100271,100,99545,100,100373,100,99525,100,100396,100,99468,100,100444,100,99454,100,100534,100,99398,100,100779,100,99375,100,100963,100,99366,100
2019-06-28 09:55:39.223049184,100102,220,99910,320,100195,216,99890,216,100196,216,99559,216,100271,100,99545,100,100373,100,99525,100,100396,100,99468,100,100444,100,99454,100,100534,100,99398,100,100779,100,99375,100,100963,100,99366,100
2019-06-28 09:55:40.000000000,100102,452,99910,552,100195,100,99890,100,100196,100,99559,100,100271,100,99545,100,100373,100,99525,100,100396,100,99468,100,100444,100,99454,100,100534,100,99398,100,100779,100,99375,100,100963,100,99366,100
2019-06-28 09:55:50.000000000,100102,188,99910,288,100195,188,99890,188,100196,188,99559,188,100271,188,99545,188,100373,100,99525,100,100396,100,99468,100,100444,100,99454,100,100534,100,99398,100,100779,100,99375,100,100963,100,99366,100
2019-06-28 09:55:54.807749178,100102,288,99910,288,100195,188,99890,188,100196,188,99559,188,100271,188,99545,188,100373,100,99525,100,100396,100,99468,100,100444,100,99454,100,100534,100,99398,100,100779,100,99375,100,100963,100,99366,100
2019-06-28 09:56:00.000000000,100102,376,99910,376,100195,276,99890,276,100196,100,99559,100,100271,100,99545,100,100373,100,99525,100,100396,100,99468,100,100444,100,99454,100,100534,100,99398,100,100779,100,99375,100,100963,100,99366,100
2019-06-28 09:56:10.000000000,100102,270,99910,270,100195,170,99890,170,100196,170,99559,170,100271,170,99545,170,100373,170,99525,170,100396,100,99468,100,100444,100,99454,100,100534,100,99398,100,100779,100,99375,100,100963,100,99366,100
2019-06-28 09:56:12.187422494,100102,270,99910,170,100195,170,99890,170,100196,170,99559,170,100271,170,99545,170,100373,170,99525,170,100396,100,99468,100,100444,100,99454,100,100534,100,99398,100,100779,100,99375,100,100963,100,99366,100
2019-06-28 09:56:20.000000000,100102,270,99910,170,100195,170,99890,170,100196,170,99559,170,100271,170,99545,170,100373,170,99525,170,100396,100,99468,100,100444,100,99454,100,100534,100,99398,100,100779,100,99375,100,100963,100,99366,100
2019-06-28 09:56:30.000000000,100102,288,99910,188,100195,188,99890,188,100196,188,99559,188,100271,188,99545,188,100373,100,99525,100,100396,100,99468,100,100444,100,99454,100,100534,100,99398,100,100779,100,99375,100,100963,100,99366,100
2019-06-28 09:56:38.833299513,100040,100,99910,188,100102,288,99890,188,100195,188,99559,188,100196,188,99545,188,100271,188,99525,100,100373,100,99468,100,100396,100,99454,100,100444,100,99398,100,100534,100,99375,100,100779,100,99366,100
2019-06-28 09:56:40.000000000,100040,452,99910,452,100102,200,99890,100,100195,100,99559,100,100196,100,99545,100,100271,100,99525,100,100373,100,99468,100,100396,100,99454,100,100444,100,99398,100,100534,100,99375,100,100779,100,99366,100
2019-06-28 09:56:50.000000000,100040,188,99910,188,100102,288,99890,188,100195,188,99559,188,100196,188,99545,188,100271,100,99525,100,100373,100,99468,100,100396,100,99454,100,100444,100,99398,100,100534,100,99375,100,100779,100,99366,100
2019-06-28 09:56:50.605525336,99975,100,99910,188,100040,188,99890,188,100102,288,99559,188,100195,188,99545,188,100196,188,99525,100,100271,100,99468,100,100373,100,99398,100,100396,100,99375,100,100444,100,99366,100,100534,100,99324,100
2019-06-28 09:57:00.000000000,99975,452,99910,452,100040,100,99890,100,100102,200,99559,100,100195,100,99545,100,100196,100,99525,100,100271,100,99468,100,100373,100,99398,100,100396,100,99375,100,100444,100,99366,100,100534,100,99324,100
2019-06-28 09:57:05.503471998,99975,452,99910,452,100040,100,99890,100,100102,200,99559,100,100195,100,99545,100,100196,100,99468,100,100271,100,99398,100,100373,100,99375,100,100376,100,99366,100,100396,100,99324,100,100444,100,,
2019-06-28 09:57:08.883997615,99975,352,99910,452,100040,100,99890,100,100102,200,99559,100,100195,100,99545,100,100196,100,99468,100,100271,100,99398,100,100373,100,99375,100,100376,100,99366,100,100396,100,99324,100,100444,100,,
2019-06-28 09:57:10.000000000,100040,276,99910,276,100102,376,99890,276,100195,100,99559,100,100196,100,99545,100,100271,100,99468,100,100373,100,99398,100,100376,100,99375,100,100396,100,99366,100,100444,100,99324,100,100534,100,,
2019-06-28 09:57:13.271664134,100040,276,99910,276,100102,376,99890,276,100195,100,99559,100,100196,100,99545,100,100271,100,99468,100,100324,100,99398,100,100373,100,99375,100,100376,100,99366,100,100396,100,99324,100,100444,100,,
2019-06-28 09:57:20.000000000,100040,220,99910,220,100102,316,99890,216,100195,216,99559,216,100196,100,99545,100,100271,100,99468,100,100324,100,99398,100,100373,100,99375,100,100376,100,99366,100,100396,100,99324,100,100444,100,,
2019-06-28 09:57:30.000000000,100040,170,99910,170,100102,270,99890,170,100195,170,99559,170,100196,170,99545,170,100271,170,99468,170,100324,100,99398,100,100373,100,99375,100,100376,100,99366,100,100396,100,99324,100,100444,100,,
2019-06-28 09:57:40.000000000,100040,220,99910,220,100102,316,99890,216,100195,216,99559,216,100196,100,99545,100,100271,100,99468,100,100324,100,99398,100,100373,100,99375,100,100376,100,99366,100,100396,100,99324,100,100444,100,,
2019-06-28 09:57:40.578408729,100040,220,99911,100,100102,316,99910,220,100195,216,99890,216,100196,100,99559,216,100271,100,99545,100,100324,100,99468,100,100373,100,99398,100,100376,100,99375,100,100396,100,99366,100,100444,100,99324,100
2019-06-28 09:57:50.000000000,100040,188,99911,188,100102,288,99910,188,100195,188,99890,188,100196,188,99559,188,100271,100,99545,100,100324,100,99468,100,100373,100,99398,100,100376,100,99375,100,100396,100,99366,100,100444,100,99324,100
2019-06-28 09:58:00.000000000,100040,276,99911,276,100102,376,99910,276,100195,100,99890,100,100196,100,99559,100,100271,100,99545,100,100324,100,99468,100,100373,100,99398,100,100376,100,99375,100,100396,100,99366,100,100444,100,99324,100
2019-06-28 09:58:10.000000000,100040,188,99911,188,100102,288,99910,188,100195,188,99890,188,100196,188,99559,188,100271,100,99545,100,100324,100,99468,100,100373,100,99398,100,100376,100,99375,100,100396,100,99366,100,100444,100,99324,100
2019-06-28 09:58:20.000000000,100040,276,99911,276,100102,376,99910,276,100195,100,99890,100,100196,100,99559,100,100271,100,99545,100,100324,100,99468,100,100373,100,99398,100,100376,100,99375,100,100396,100,99366,100,100444,100,99324,100
2019-06-28 09:58:23.636742322,100040,276,99911,176,100102,376,99910,276,100195,100,99890,100,100196,100,99559,100,100271,100,99545,100,100324,100,99468,100,100373,100,99398,100,100396,100,99375,100,100444,100,99366,100,100534,100,99324,100
2019-06-28 09:58:25.616947293,100040,276,99911,76,100102,376,99910,276,100195,100,99890,100,100196,100,99559,100,100271,100,99545,100,100324,100,99468,100,100373,100,99398,100,100396,100,99375,100,100444,100,99366,100,100534,100,99324,100
2019-06-28 09:58:30.000000000,100040,220,99910,220,100102,316,99890,216,100195,216,99559,216,100196,100,99545,100,100271,100,99468,100,100324,100,99398,100,100373,100,99375,100,100396,100,99366,100,100444,100,99324,100,100534,100,,
2019-06-28 09:58:31.033259156,100040,220,99910,220,100102,316,99890,216,100195,216,99598,100,100196,100,99559,216,100271,100,99545,100,100324,100,99468,100,100373,100,99398,100,100396,100,99375,100,100444,100,99366,100,100534,100,99324,100
2019-06-28 09:58:40.000000000,100040,276,99910,276,100102,376,99890,276,100195,100,99598,100,100196,100,99559,100,100271,100,99545,100,100324,100,99468,100,100373,100,99398,100,100396,100,99375,100,100444,100,99366,100,100534,100,99324,100
2019-06-28 09:58:50.000000000,100040,276,99910,276,100102,376,99890,276,100195,100,99598,100,100196,100,99559,100,100271,100,99545,100,100324,100,99468,100,100373,100,99398,100,100396,100,99375,100,100444,100,99366,100,100534,100,99324,100
2019-06-28 09:59:00.000000000,100040,188,99910,188,100102,288,99890,188,100195,188,99598,188,100196,188,99559,188,100271,100,99545,100,100324,100,99468,100,100373,100,99398,100,100396,100,99375,100,100444,100,99366,100,100534,100,99324,100
2019-06-28 09:59:01.980673146,100040,188,99910,88,100102,288,99890,188,100195,188,99598,88,100196,188,99559,188,100271,100,99545,100,100324,100,99468,100,100373,100,99398,100,100396,100,99375,100,100444,100,99366,100,100534,100,99324,100
2019-06-28 09:59:10.000000000,100040,276,99890,276,100102,376,99559,276,100195,100,99545,100,100196,100,99468,100,100271,100,99398,100,100324,100,99375,100,100373,100,99366,100,100396,100,99324,100,100444,100,,,100534,100,,
2019-06-28 09:59:20.000000000,100040,188,99890,188,100102,288,99559,188,100195,188,99545,188,100196,188,99468,188,100271,100,99398,100,100324,100,99375,100,100373,100,99366,100,100396,100,99324,100,100444,100,,,100534,100,,
2019-06-28 09:59:27.736796698,99911,100,99890,188,100040,188,99559,188,100102,188,99545,188,100195,188,99468,188,100196,188,99398,100,100271,100,99375,100,100324,100,99366,100,100373,100,99324,100,100396,100,,,100444,100,,
2019-06-28 09:59:30.000000000,99911,170,99890,170,100040,170,99559,170,100102,170,99545,170,100195,170,99468,170,100196,170,99398,170,100271,100,99375,100,100324,100,99366,100,100373,100,99324,100,100396,100,,,100444,100,,
2019-06-28 09:59:35.839406555,99911,170,99890,70,100040,170,99559,170,100102,170,99545,170,100195,170,99468,170,100196,170,99398,170,100271,100,99375,100,100324,100,99366,100,100373,100,,,100396,100,,,100444,100,,
2019-06-28 09:59:40.000000000,99911,220,99559,220,100040,216,99545,216,100102,216,99468,216,100195,100,99398,100,100196,100,99375,100,100271,100,99366,100,100324,100,,,100373,100,,,100396,100,,,100444,100,,
2019-06-28 09:59:50.000000000,99911,188,99559,188,100040,188,99545,188,100102,188,99468,188,100195,188,99398,188,100196,100,99375,100,100271,100,99366,100,100324,100,,,100373,100,,,100396,100,,,100444,100,,
2019-06-28 09:59:50.341180883,99911,188,99559,88,100040,188,99545,188,100102,188,99468,188,100195,188,99398,188,100196,100,99375,100,100271,100,99366,100,100324,100,,,100373,100,,,100396,100,,,100444,100,,
2019-06-28 10:00:00.000000000,99911,452,99545,452,100040,100,99468,100,100102,100,99398,100,100195,100,99375,100,100196,100,99366,100,100271,100,,,100324,100,,,100373,100,,,100396,100,,,100444,100,,
2019-06-28 10:00:01.760428713,99911,452,99545,452,100040,100,99468,100,100102,100,99398,100,100195,100,99366,100,100196,100,98426,100,100271,100,,,100324,100,,,100373,100,,,100396,100,,,100444,100,,
2019-06-28 10:00:05.448203176,99911,452,99545,352,100040,100,99468,100,100102,100,99398,100,100195,100,99366,100,100196,100,98426,100,100271,100,,,100324,100,,,100373,100,,,100396,100,,,100444,100,,
2019-06-28 10:00:10.000000000,99911,170,99468,170,100040,170,99398,170,100102,170,99366,170,100195,170,98426,170,100196,170,98425,70,100271,100,,,100324,100,,,100373,100,,,100396,100,,,100444,100,,
2019-06-28 10:00:13.398017838,99911,170,99468,170,100040,170,99398,170,100102,170,99366,170,100195,170,98653,100,100196,170,98426,170,100271,100,98425,70,100324,100,,,100373,100,,,100396,100,,,100444,100,,
2019-06-28 10:00:20.000000000,99911,452,99468,452,100040,100,99398,100,100102,100,99366,100,100195,100,98653,100,100196,100,98426,100,100271,100,,,100324,100,,,100373,100,,,100396,100,,,100444,100,,
2019-06-28 10:00:30.000000000,99911,170,99468,170,100040,170,99398,170,100102,170,99366,170,100195,170,98653,170,100196,170,98426,170,100271,100,,,100324,100,,,100373,100,,,100396,100,,,100444,100,,
2019-06-28 10:00:36.593523668,99911,170,99468,70,100040,170,99398,170,100102,170,99366,170,100195,170,98653,170,100196,170,98426,170,100271,100,,,100324,100,,,100373,100,,,100396,100,,,100444,100,,
2019-06-28 10:00:40.000000000,99911,452,99398,452,100040,100,99366,100,100102,100,98653,100,100195,100,98426,100,100196,100,,,100271,100,,,100324,100,,,100373,100,,,100396,100,,,100444,100,,
2019-06-28 10:00:46.940451274,99911,452,99398,452,100040,100,99366,100,100102,100,98653,100,100195,100,98516,100,100196,100,98426,100,100271,100,,,100324,100,,,100373,100,,,100396,100,,,100444,100,,
2019-06-28 10:00:50.000000000,99911,276,99398,276,100040,276,99366,276,100102,100,98653,100,100195,100,98516,100,100196,100,98426,100,100271,100,,,100324,100,,,100373,100,,,100396,100,,,100444,100,,
2019-06-28 10:01:00.000000000,99911,452,99398,452,100040,100,99366,100,100102,100,98653,100,100195,100,98516,100,100196,100,98426,100,100271,100,,,100324,100,,,100373,100,,,100396,100,,,100444,100,,
2019-06-28 10:01:10.000000000,99911,170,99398,170,100040,170,99366,170,100102,170,98653,170,100195,170,98516,170,100196,170,98426,170,100271,100,,,100324,100,,,100373,100,,,100396,100,,,100444,100,,
2019-06-28 10:01:20.000000000,99911,188,99398,188,100040,188,99366,188,100102,188,98653,188,100195,188,98516,188,100196,100,98426,100,100271,100,,,100324,100,,,100373,100,,,100396,100,,,100444,100,,
2019-06-28 10:01:30.000000000,99911,452,99398,452,100040,100,99366,100,100102,100,98653,100,100195,100,98516,100,100196,100,98426,100,100271,100,,,100324,100,,,100373,100,,,100396,100,,,100444,100,,
2019-06-28 10:01:40.000000000,99911,452,99398,452,100040,100,99366,100,100102,100,98653,100,100195,100,98516,100,100196,100,98426,100,100271,100,,,100324,100,,,100373,100,,,100396,100,,,100444,100,,
2019-06-28 10:01:50.000000000,99911,170,99398,170,100040,170,99366,170,100102,170,98653,170,100195,170,98516,170,100196,170,98426,170,100271,100,,,100324,100,,,100373,100,,,100396,100,,,100444,100,,
2019-06-28 10:02:00.000000000,99911,276,99398,276,100040,276,99366,276,100102,100,98653,100,100195,100,98516,100,100196,100,98426,100,100271,100,,,100324,100,,,100373,100,,,100396,100,,,100444,100,,
2019-06-28 10:02:10.000000000,99911,452,99398,452,100040,100,99366,100,100102,100,98653,100,100195,100,98516,100,100196,100,98426,100,100271,100,,,100324,100,,,100373,100,,,100396,100,,,100444,100,,
2019-06-28 10:02:20.000000000,99911,170,99398,170,100040,170,99366,170,100102,170,98653,170,100195,170,98516,170,100196,170,98426,170,100271,100,,,100324,100,,,100373,100,,,100396,100,,,100444,100,,
2019-06-28 10:02:30.000000000,99911,188,99398,188,100040,188,99366,188,100102,188,98653,188,100195,188,98516,188,100196,100,98426,100,100271,100,,,100324,100,,,100373,100,,,100396,100,,,100444,100,,
2019-06-28 10:02:37.567069461,99911,88,99398,188,100040,188,99366,188,100102,188,98653,188,100195,188,98516,188,100196,100,98426,100,100271,100,,,100324,100,,,100373,100,,,100396,100,,,100444,100,,
2019-06-28 10:02:40.000000000,100040,188,99398,188,100102,188,99366,188,100195,188,98653,188,100196,188,98516,188,100271,100,98426,100,100324,100,,,100373,100,,,100396,100,,,100444,100,,,100534,100,,
2019-06-28 10:02:50.000000000,100040,188,99398,188,100102,188,99366,188,100195,188,98653,188,100196,188,98516,188,100271,100,98426,100,100324,100,,,100373,100,,,100396,100,,,100444,100,,,100534,100,,
2019-06-28 10:03:00.000000000,100040,276,99398,276,100102,276,99366,276,100195,100,98653,100,100196,100,98516,100,100271,100,98426,100,100324,100,,,100373,100,,,100396,100,,,100444,100,,,100534,100,,
2019-06-28 10:03:03.843611940,100040,176,99398,276,100102,276,99366,276,100195,100,98653,100,100196,100,98516,100,100324,100,98426,100,100373,100,,,100396,100,,,100444,100,,,100534,100,,,100779,100,,
2019-06-28 10:03:05.643428722,100040,76,99398,276,100102,276,99366,276,100195,100,98653,100,100196,100,98516,100,100324,100,98426,100,100373,100,,,100396,100,,,100444,100,,,100534,100,,,100779,100,,
2019-06-28 10:03:10.000000000,100102,452,99398,452,100195,100,99366,100,100196,100,98653,100,100324,100,98516,100,100373,100,98426,100,100396,100,,,100444,100,,,100534,100,,,100779,100,,,100963,100,,
2019-06-28 10:03:20.000000000,100102,452,99398,452,100195,100,99366,100,100196,100,98653,100,100324,100,98516,100,100373,100,98426,100,100396,100,,,100444,100,,,100534,100,,,100779,100,,,100963,100,,
2019-06-28 10:03:30.000000000,100102,220,99398,220,100195,216,99366,216,100196,216,98653,216,100324,100,98516,100,100373,100,98426,100,100396,100,,,100444,100,,,100534,100,,,100779,100,,,100963,100,,
2019-06-28 10:03:33.392692418,100102,220,99398,220,100195,116,99366,216,100196,216,98653,216,100324,100,98516,100,100373,100,98426,100,100396,100,,,100444,100,,,100534,100,,,100779,100,,,100963,100,,
2019-06-28 10:03:40.000000000,100102,276,99398,276,100196,276,99366,276,100324,100,98653,100,100373,100,98516,100,100396,100,98426,100,100444,100,,,100534,100,,,100779,100,,,100963,100,,,,,,
2019-06-28 10:03:50.000000000,100102,188,99398,188,100196,188,99366,188,100324,188,98653,188,100373,188,98516,188,100396,100,98426,100,100444,100,,,100534,100,,,100779,100,,,100963,100,,,,,,
2019-06-28 10:03:59.350570579,100102,88,99398,188,100196,188,99366,188,100324,188,98653,188,100373,188,98516,188,100396,100,98426,100,100444,100,,,100534,100,,,100779,100,,,100963,100,,,,,,
2019-06-28 10:04:00.000000000,100196,170,99398,170,100324,170,99366,170,100373,170,98653,170,100396,170,98516,170,100444,170,98426,170,100534,100,,,100779,100,,,100963,100,,,,,,,,,,
2019-06-28 10:04:09.057300249,100196,170,100040,100,100324,170,99398,170,100373,170,99366,170,100396,170,98653,170,100444,170,98516,170,100534,100,98426,170,100779,100,,,100963,100,,,,,,,,,,
2019-06-28 10:04:10.000000000,100196,452,100040,452,100324,100,99398,100,100373,100,99366,100,100396,100,98653,100,100444,100,98516,100,100534,100,98426,100,100779,100,,,100963,100,,,,,,,,,,
2019-06-28 10:04:15.715199127,100196,452,100040,452,100324,100,99398,100,100373,100,98653,100,100396,100,98516,100,100444,100,98426,100,100534,100,,,100779,100,,,100963,100,,,100975,100,,,,,,
2019-06-28 10:04:18.058212806,100196,452,100040,552,100324,100,99398,100,100373,100,98653,100,100396,100,98516,100,100444,100,98426,100,100534,100,,,100779,100,,,100963,100,,,100975,100,,,,,,
2019-06-28 10:04:20.000000000,100196,188,100040,288,100324,188,99398,188,100373,188,98653,188,100396,188,98516,188,100444,100,98426,100,100534,100,,,100779,100,,,100963,100,,,100975,100,,,,,,
2019-06-28 10:04:21.969754123,100196,188,100040,288,100324,188,99398,188,100373,188,98653,188,100396,188,98516,188,100444,100,98426,100,100534,100,,,100779,100,,,100963,100,,,100975,100,,,101026,100,,
2019-06-28 10:04:30.000000000,100196,188,100040,288,100324,188,99398,188,100373,188,98653,188,100396,188,98516,188,100444,100,98426,100,100534,100,,,100779,100,,,100963,100,,,100975,100,,,101026,100,,
2019-06-28 10:04:35.861900203,100196,188,100040,288,100324,188,99398,188,100373,188,98653,188,100396,188,98516,188,100444,100,98426,100,100534,100,,,100779,100,,,100963,100,,,100975,100,,,101026,100,,
2019-06-28 10:04:40.000000000,100196,452,100040,552,100324,100,99398,100,100373,100,98653,100,100396,100,98516,100,100444,100,98426,100,100534,100,,,100779,100,,,100963,100,,,100975,100,,,101026,100,,
2019-06-28 10:04:49.654796990,100196,352,100040,552,100324,100,99398,100,100373,100,98653,100,100396,100,98516,100,100444,100,98426,100,100534,100,,,100779,100,,,100963,100,,,100975,100,,,101026,100,,
2019-06-28 10:04:50.000000000,100324,452,100040,552,100373,100,99398,100,100396,100,98653,100,100444,100,98516,100,100534,100,98426,100,100779,100,,,100963,100,,,100975,100,,,101026,100,,,101153,100,,
2019-06-28 10:05:00.000000000,100324,220,100040,320,100373,216,99398,216,100396,216,98653,216,100444,100,98516,100,100534,100,98426,100,100779,100,,,100963,100,,,100975,100,,,101026,100,,,101153,100,,
2019-06-28 10:05:10.000000000,100324,220,100040,320,100373,216,99398,216,100396,216,98653,216,100444,100,98516,100,100534,100,98426,100,100779,100,,,100963,100,,,100975,100,,,101026,100,,,101153,100,,
2019-06-28 10:05:20.000000000,100324,220,100040,320,100373,216,99398,216,100396,216,98653,216,100444,100,98516,100,100534,100,98426,100,100779,100,,,100963,100,,,100975,100,,,101026,100,,,101153,100,,
2019-06-28 10:05:20.788250218,100324,220,100040,320,100373,216,99398,216,100396,216,98653,216,100444,100,98516,100,100534,100,98426,100,100779,100,,,100963,100,,,100975,100,,,101026,100,,,101153,100,,
2019-06-28 10:05:24.812694716,100324,220,100041,100,100373,216,100040,320,100396,216,99398,216,100444,100,98653,216,100534,100,98516,100,100779,100,98426,100,100963,100,,,100975,100,,,101026,100,,,101153,100,,
2019-06-28 10:05:30.000000000,100324,220,100041,220,100373,216,100040,316,100396,216,99398,216,100444,100,98653,100,100534,100,98516,100,100779,100,98426,100,100963,100,,,100975,100,,,101026,100,,,101153,100,,
2019-06-28 10:05:32.701364411,100324,120,100041,220,100373,216,100040,316,100396,216,99398,216,100444,100,98653,100,100534,100,98516,100,100779,100,98426,100,100963,100,,,100975,100,,,101026,100,,,101153,100,,
2019-06-28 10:05:35.014618530,100324,120,100102,100,100373,216,100041,220,100396,216,100040,316,100444,100,99398,216,100534,100,98653,100,100779,100,98516,100,100963,100,98426,100,100975,100,,,101026,100,,,101153,100,,
2019-06-28 10:05:40.000000000,100373,452,100102,452,100396,100,100041,100,100444,100,100040,200,100534,100,99398,100,100779,100,98653,100,100963,100,98516,100,100975,100,98426,100,101026,100,,,101153,100,,,101351,100,,
2019-06-28 10:05:50.000000000,100373,220,100102,220,100396,216,100041,216,100444,216,100040,316,100534,100,99398,100,100779,100,98653,100,100963,100,98516,100,100975,100,98426,100,101026,100,,,101153,100,,,101351,100,,
2019-06-28 10:05:53.898111677,100373,220,100102,220,100396,216,100041,216,100444,216,100040,316,100534,100,99398,100,100779,100,98653,100,100963,100,98516,100,100975,100,98426,100,101026,100,,,101109,100,,,101153,100,,
2019-06-28 10:06:00.000000000,100373,188,100102,188,100396,188,100041,188,100444,188,100040,288,100534,188,99398,188,100779,100,98653,100,100963,100,98516,100,100975,100,98426,100,101026,100,,,101109,100,,,101153,100,,
2019-06-28 10:06:10.000000000,100373,452,100102,452,100396,100,100041,100,100444,100,100040,200,100534,100,99398,100,100779,100,98653,100,100963,100,98516,100,100975,100,98426,100,101026,100,,,101109,100,,,101153,100,,
2019-06-28 10:06:20.000000000,100373,220,100102,220,100396,216,100041,216,100444,216,100040,316,100534,100,99398,100,100779,100,98653,100,100963,100,98516,100,100975,100,98426,100,101026,100,,,101109,100,,,101153,100,,
2019-06-28 10:06:23.640849427,100373,120,100102,220,100396,216,100041,216,100444,216,100040,316,100534,100,99398,100,100779,100,98653,100,100963,100,98516,100,100975,100,98426,100,101026,100,,,101109,100,,,101153,100,,
2019-06-28 10:06:30.000000000,100396,170,100102,170,100444,170,100041,170,100534,170,100040,270,100779,170,99398,170,100963,170,98653,170,100975,100,98516,100,101026,100,98426,100,101109,100,,,101153,100,,,101351,100,,
2019-06-28 10:06:40.000000000,100396,276,100102,276,100444,276,100041,276,100534,100,100040,200,100779,100,99398,100,100963,100,98653,100,100975,100,98516,100,101026,100,98426,100,101109,100,,,101153,100,,,101351,100,,
2019-06-28 10:06:42.972370480,100396,176,100102,276,100444,276,100041,276,100534,100,100040,200,100779,100,99398,100,100963,100,98653,100,100975,100,98516,100,101026,100,98426,100,101109,100,,,101153,100,,,101351,100,,
2019-06-28 10:06:47.964734949,100396,76,100102,276,100444,276,100041,276,100534,100,100040,200,100779,100,99398,100,100963,100,98653,100,100975,100,98516,100,101026,100,98426,100,101109,100,,,101153,100,,,101351,100,,
2019-06-28 10:06:48.810627435,100396,76,100102,276,100444,276,100041,276,100534,100,100040,100,100779,100,99398,100,100963,100,98653,100,100975,100,98516,100,101026,100,98426,100,101109,100,,,101153,100,,,101351,100,,
2019-06-28 10:06:49.272022500,100396,76,100102,276,100444,276,100041,276,100534,100,100040,100,100779,100,99398,100,100963,100,98653,100,100975,100,98516,100,101026,100,98426,100,101109,100,,,101153,100,,,101297,100,,
2019-06-28 10:06:50.000000000,100444,170,100102,170,100534,170,100041,170,100779,170,100040,170,100963,170,99398,170,100975,170,98653,170,101026,100,98516,100,101109,100,98426,100,101153,100,,,101297,100,,,101351,100,,
2019-06-28 10:06:51.128496103,100444,170,100396,100,100534,170,100102,70,100779,170,100041,170,100963,170,100040,170,100975,170,99398,170,101026,100,98653,170,101109,100,98516,100,101153,100,98426,100,101297,100,,,101351,100,,
2019-06-28 10:06:51.538263569,100444,170,100396,100,100534,170,100102,70,100779,170,100041,170,100963,170,100040,170,100975,170,99398,170,101026,100,98653,170,101109,100,98516,100,101153,100,98426,100,101297,100,,,101351,100,,
2019-06-28 10:06:52.199698319,100444,70,100396,100,100534,170,100102,70,100779,170,100041,170,100963,170,100040,170,100975,170,99398,170,101026,100,98653,170,101109,100,98516,100,101153,100,98426,100,101297,100,,,101351,100,,
2019-06-28 10:06:57.009594472,100534,170,100444,30,100779,170,100396,100,100963,170,100102,70,100975,170,100041,170,101026,100,100040,170,101109,100,99398,170,101153,100,98653,170,101297,100,98516,100,101351,100,98426,100,101513,100,,
2019-06-28 10:07:00.000000000,100534,276,100444,206,100779,276,100396,276,100963,100,100041,100,100975,100,100040,100,101026,100,99398,100,101109,100,98653,100,101153,100,98516,100,101297,100,98426,100,101351,100,,,101513,100,,
2019-06-28 10:07:03.218244346,100534,276,100444,206,100779,276,100396,276,100963,100,100041,100,100975,100,100040,100,101026,100,99398,100,101109,100,98653,100,101153,100,98516,100,101297,100,98426,100,101327,100,,,101351,100,,
2019-06-28 10:07:10.000000000,100534,452,100444,382,100779,100,100396,100,100963,100,100041,100,100975,100,100040,100,101026,100,99398,100,101109,100,98653,100,101153,100,98516,100,101297,100,98426,100,101327,100,,,101351,100,,
2019-06-28 10:07:20.000000000,100534,170,100444,100,100779,170,100396,170,100963,170,100041,170,100975,170,100040,170,101026,170,99398,170,101109,100,98653,100,101153,100,98516,100,101297,100,98426,100,101327,100,,,101351,100,,
2019-06-28 10:07:30.000000000,100534,170,100444,100,100779,170,100396,170,100963,170,100041,170,100975,170,100040,170,101026,170,99398,170,101109,100,98653,100,101153,100,98516,100,101297,100,98426,100,101327,100,,,101351,100,,
2019-06-28 10:07:40.000000000,100534,170,100444,100,100779,170,100396,170,100963,170,100041,170,100975,170,100040,170,101026,170,99398,170,101109,100,98653,100,101153,100,98516,100,101297,100,98426,100,101327,100,,,101351,100,,
2019-06-28 10:07:40.541180436,100534,170,100444,100,100779,170,100396,170,100963,170,100041,170,100975,170,100040,170,101026,170,99398,170,101109,100,98653,100,101153,100,98516,100,101205,100,98426,100,101297,100,,,101327,100,,
2019-06-28 10:07:50.000000000,100534,276,100444,206,100779,276,100396,276,100963,100,100041,100,100975,100,100040,100,101026,100,99398,100,101109,100,98653,100,101153,100,98516,100,101205,100,98426,100,101297,100,,,101327,100,,
2019-06-28 10:07:54.662433211,100534,176,100444,206,100779,276,100396,276,100963,100,100041,100,100975,100,100040,100,101026,100,99398,100,101109,100,98653,100,101153,100,98516,100,101205,100,98426,100,101297,100,,,101327,100,,
2019-06-28 10:08:00.000000000,100779,452,100444,382,100963,100,100396,100,100975,100,100041,100,101026,100,100040,100,101109,100,99398,100,101153,100,98653,100,101205,100,98516,100,101297,100,98426,100,101327,100,,,101351,100,,
2019-06-28 10:08:10.000000000,100779,170,100444,100,100963,170,100396,170,100975,170,100041,170,101026,170,100040,170,101109,170,99398,170,101153,100,98653,100,101205,100,98516,100,101297,100,98426,100,101327,100,,,101351,100,,
2019-06-28 10:08:20.000000000,100779,276,100444,206,100963,276,100396,276,100975,100,100041,100,101026,100,100040,100,101109,100,99398,100,101153,100,98653,100,101205,100,98516,100,101297,100,98426,100,101327,100,,,101351,100,,
2019-06-28 10:08:30.000000000,100779,452,100444,382,100963,100,100396,100,100975,100,100041,100,101026,100,100040,100,101109,100,99398,100,101153,100,98653,100,101205,100,98516,100,101297,100,98426,100,101327,100,,,101351,100,,
2019-06-28 10:08:33.773771304,100779,452,100444,382,100963,100,100396,100,100975,100,100041,100,101026,100,100040,100,101059,100,99398,100,101109,100,98653,100,101153,100,98516,100,101205,100,98426,100,101297,100,,,101327,100,,
2019-06-28 10:08:40.000000000,100779,170,100444,100,100963,170,100396,170,100975,170,100041,170,101026,170,100040,170,101059,170,99398,170,101109,100,98653,100,101153,100,98516,100,101205,100,98426,100,101297,100,,,101327,100,,
2019-06-28 10:08:50.000000000,100779,452,100444,382,100963,100,100396,100,100975,100,100041,100,101026,100,100040,100,101059,100,99398,100,101109,100,98653,100,101153,100,98516,100,101205,100,98426,100,101297,100,,,101327,100,,
