,ask_price_1,ask_size_1,bid_price_1,bid_size_1,ask_price_2,ask_size_2,bid_price_2,bid_size_2,ask_price_3,ask_size_3,bid_price_3,bid_size_3,ask_price_4,ask_size_4,bid_price_4,bid_size_4,ask_price_5,ask_size_5,bid_price_5,bid_size_5,ask_price_6,ask_size_6,bid_price_6,bid_size_6,ask_price_7,ask_size_7,bid_price_7,bid_size_7,ask_price_8,ask_size_8,bid_price_8,bid_size_8,ask_price_9,ask_size_9,bid_price_9,bid_size_9,ask_price_10,ask_size_10,bid_price_10,bid_size_10
2019-06-28 09:30:00.000000000,99952,100,,,100019,100,,,100180,100,,,,,,,,,,,,,,,,,,,,,,,,,,,,,,
2019-06-28 09:30:00.000000004,100019,100,,,100032,100,,,100039,100,,,100180,100,,,100235,100,,,,,,,,,,,,,,,,,,,,,,
2019-06-28 09:30:00.000000005,100019,100,,,100032,100,,,100039,100,,,100148,100,,,100180,100,,,100235,100,,,,,,,,,,,,,,,,,,
2019-06-28 09:30:00.000000007,100019,100,99955,100,100032,100,,,100039,100,,,100148,100,,,100180,100,,,100235,100,,,,,,,,,,,,,,,,,,
2019-06-28 09:30:00.000000008,99975,100,99955,100,100019,100,,,100032,100,,,100039,100,,,100148,100,,,100180,100,,,100235,100,,,,,,,,,,,,,,
2019-06-28 09:30:00.000000009,99975,100,99955,100,100019,100,99897,100,100032,100,,,100039,100,,,100148,100,,,100180,100,,,100235,100,,,,,,,,,,,,,,
2019-06-28 09:30:00.000000013,99975,100,99955,100,100019,100,99897,100,100032,100,,,100039,100,,,100083,100,,,100148,100,,,100156,100,,,100180,100,,,100235,100,,,,,,
2019-06-28 09:30:00.000000015,99975,100,99955,100,100019,100,99897,100,100032,100,99822,100,100039,100,,,100083,100,,,100148,100,,,100156,100,,,100180,100,,,100235,100,,,,,,
2019-06-28 09:30:00.000000018,100019,100,99955,100,100032,100,99897,100,100039,100,99822,100,100083,100,,,100148,100,,,100156,100,,,100180,100,,,100235,100,,,,,,,,,,
2019-06-28 09:30:00.000000019,100019,100,99956,100,100032,100,99955,100,100039,100,99897,100,100083,100,99822,100,100148,100,,,100156,100,,,100180,100,,,100235,100,,,,,,,,,,
2019-06-28 09:30:00.000000020,100019,100,99955,100,100032,100,99897,100,100039,100,99822,100,100083,100,,,100148,100,,,100156,100,,,100180,100,,,100235,100,,,,,,,,,,
2019-06-28 09:30:00.000000023,100019,100,99955,100,100032,100,99897,100,100039,100,99822,100,100047,100,,,100083,100,,,100148,100,,,100156,100,,,100180,100,,,100235,100,,,,,,
2019-06-28 09:30:00.000000024,100019,100,100010,100,100032,100,99955,100,100039,100,99897,100,100047,100,99822,100,100083,100,,,100148,100,,,100156,100,,,100180,100,,,100235,100,,,,,,
2019-06-28 09:30:00.000000028,100019,100,100010,100,100032,100,99955,100,100039,100,99897,100,100042,100,99822,100,100047,100,,,100083,100,,,100148,100,,,100156,100,,,100180,100,,,100195,100,,
2019-06-28 09:30:00.000000030,100019,100,100010,100,100032,100,99955,100,100039,100,99897,100,100042,100,99853,100,100047,100,99822,100,100083,100,,,100148,100,,,100156,100,,,100180,100,,,100195,100,,
2019-06-28 09:30:00.000000031,100032,100,100019,100,100039,100,100010,100,100042,100,99955,100,100045,100,99897,100,100047,100,99853,100,100083,100,99822,100,100148,100,,,100156,100,,,100180,100,,,100195,100,,
2019-06-28 09:30:00.000000032,100032,100,100019,100,100039,100,100011,100,100042,100,100010,100,100045,100,99955,100,100047,100,99897,200,100083,100,99853,100,100148,100,99822,100,100156,100,,,100180,100,,,100195,100,,
2019-06-28 09:30:00.000000033,100039,100,100019,100,100042,100,100011,100,100045,100,100010,100,100047,100,99955,100,100083,100,99897,200,100148,100,99853,100,100156,100,99822,100,100180,100,,,100195,100,,,100235,100,,
2019-06-28 09:30:00.000000035,100032,100,100019,100,100039,100,100011,100,100042,100,100010,100,100045,100,99955,100,100047,100,99897,200,100083,100,99853,100,100148,100,99822,100,100156,100,,,100180,100,,,100195,100,,
2019-06-28 09:30:00.000000038,100032,100,100019,100,100039,100,100011,100,100042,100,100010,100,100045,100,99955,100,100047,100,99897,200,100083,100,99853,100,100148,100,99835,100,100156,100,99822,100,100180,100,,,100195,100,,
2019-06-28 09:30:00.000000042,100032,100,100019,100,100039,100,100011,100,100042,100,100010,100,100045,100,99955,100,100047,100,99897,200,100083,100,99853,100,100140,100,99835,100,100148,100,99822,100,100156,100,,,100180,100,,
2019-06-28 09:30:00.000000044,100039,100,100019,100,100042,100,100011,100,100045,100,100010,100,100047,100,99955,100,100083,100,99897,200,100140,100,99888,100,100148,100,99853,100,100156,100,99835,100,100180,100,99822,100,100195,100,,
2019-06-28 09:30:00.000000046,100036,100,100019,100,100039,100,100011,100,100042,100,100010,100,100045,100,99955,100,100047,100,99897,200,100083,100,99888,100,100140,100,99853,100,100148,100,99835,100,100156,100,99822,100,100180,100,,
2019-06-28 09:30:00.000000047,100036,100,100019,100,100039,100,100011,100,100042,100,100010,100,100045,100,99955,100,100047,100,99897,200,100083,100,99888,100,100090,100,99853,100,100140,100,99835,100,100148,100,99822,100,100156,100,,
2019-06-28 09:30:00.000000048,100036,100,100019,100,100039,100,100011,100,100042,100,100010,100,100045,100,99955,100,100047,100,99944,100,100083,100,99897,200,100090,100,99888,100,100140,100,99853,100,100148,100,99835,100,100156,100,99822,100
2019-06-28 09:30:00.000000049,100036,100,100019,100,100039,100,100011,100,100042,100,100010,100,100045,100,99955,100,100047,100,99944,100,100083,100,99897,200,100090,100,99888,100,100127,100,99853,100,100140,100,99835,100,100148,100,99822,100
2019-06-28 09:30:00.000000052,100036,100,100019,100,100039,100,100011,100,100042,100,100010,100,100045,100,99955,100,100047,100,99944,100,100083,100,99916,100,100090,100,99897,200,100127,100,99888,100,100140,100,99853,100,100148,100,99835,100
2019-06-28 09:30:00.000000053,100033,100,100019,100,100036,100,100011,100,100039,100,100010,100,100042,100,99955,100,100045,100,99944,100,100047,100,99916,100,100083,100,99897,200,100090,100,99888,100,100127,100,99853,100,100140,100,99835,100
2019-06-28 09:30:00.000000054,100033,100,100019,100,100036,100,100011,100,100039,100,100010,100,100042,100,99955,100,100045,100,99944,200,100047,100,99916,100,100083,100,99897,200,100090,100,99888,100,100127,100,99853,100,100140,100,99835,100
2019-06-28 09:30:00.000000057,100033,100,100019,100,100036,100,100011,100,100039,100,100010,100,100042,100,99955,100,100045,100,99949,100,100047,100,99944,200,100083,100,99916,100,100090,100,99897,200,100127,100,99888,100,100140,100,99853,100
2019-06-28 09:30:00.000000058,100033,100,100019,100,100036,100,100011,100,100038,100,100010,100,100039,100,99955,100,100042,100,99949,100,100045,100,99944,200,100047,100,99916,100,100083,100,99897,200,100090,100,99888,100,100127,100,99853,100
2019-06-28 09:30:00.000000062,100033,100,100019,100,100036,100,100011,100,100038,100,100010,100,100039,100,99955,100,100042,100,99949,100,100045,100,99944,200,100047,100,99916,100,100083,100,99897,200,100090,100,99888,100,100127,100,99853,100
2019-06-28 09:30:00.000000063,100033,100,100019,100,100036,100,100011,100,100038,100,100010,100,100039,100,99955,100,100042,100,99949,100,100045,100,99944,300,100047,100,99916,100,100083,100,99897,200,100090,100,99888,100,100127,100,99853,100
2019-06-28 09:30:00.000000065,100033,100,100019,100,100036,100,100011,100,100038,100,100010,100,100039,100,99956,100,100042,100,99955,100,100045,100,99949,100,100047,100,99944,300,100083,100,99916,100,100090,100,99897,200,100127,100,99888,100
2019-06-28 09:30:00.000000069,100033,100,100019,100,100036,100,100011,100,100038,100,100010,100,100039,100,99966,100,100042,100,99956,100,100045,100,99955,100,100047,100,99949,100,100083,100,99944,300,100090,100,99916,100,100127,100,99897,200
2019-06-28 09:30:00.000000070,100033,100,100011,100,100036,100,100010,100,100038,100,99966,100,100039,100,99956,100,100042,100,99955,100,100045,100,99949,100,100047,100,99944,300,100083,100,99916,100,100090,100,99897,200,100127,100,99888,100
2019-06-28 09:30:00.000000074,100033,100,100010,100,100036,100,99966,100,100038,100,99956,100,100039,100,99955,100,100042,100,99949,100,100045,100,99944,300,100047,100,99916,100,100083,100,99897,200,100090,100,99888,100,100127,100,99853,100
2019-06-28 09:30:00.000000076,100033,100,100010,100,100036,100,99966,100,100038,100,99956,100,100039,100,99955,100,100042,200,99949,100,100045,100,99944,300,100047,100,99916,100,100083,100,99897,200,100090,100,99888,100,100127,100,99853,100
2019-06-28 09:30:00.000000078,100033,100,100010,100,100036,100,99966,100,100038,100,99956,100,100039,100,99955,100,100042,200,99949,100,100045,100,99944,300,100047,100,99929,100,100083,100,99916,100,100090,100,99897,200,100127,100,99891,100
2019-06-28 09:30:00.000000082,100033,100,100010,100,100036,100,99966,100,100038,100,99956,100,100039,100,99955,100,100042,200,99949,100,100045,100,99945,100,100047,100,99944,300,100083,100,99929,100,100090,100,99916,100,100127,100,99897,200
2019-06-28 09:30:00.000000085,100033,100,100014,100,100036,100,100010,100,100038,100,99966,100,100039,100,99956,100,100042,200,99955,100,100045,100,99949,100,100047,100,99945,100,100083,100,99944,300,100090,100,99929,100,100127,100,99916,100
2019-06-28 09:30:00.000000091,100033,100,100014,100,100036,100,100010,100,100038,100,99966,100,100039,100,99956,100,100042,200,99955,100,100045,100,99949,100,100047,100,99945,100,100083,100,99944,300,100090,100,99929,100,100117,100,99916,100
2019-06-28 09:30:00.000000093,100033,100,100014,100,100036,100,100010,100,100038,100,99966,100,100039,100,99956,100,100042,200,99955,100,100045,100,99949,100,100047,100,99945,100,100083,100,99944,300,100090,100,99929,100,100117,100,99916,100
2019-06-28 09:30:00.000000096,100019,100,100014,100,100033,100,100011,100,100036,100,100010,100,100038,100,99966,100,100039,100,99956,100,100042,200,99955,100,100045,100,99949,100,100047,100,99945,100,100083,100,99944,300,100090,100,99929,100
2019-06-28 09:30:00.000000098,100019,100,100014,100,100033,100,100011,100,100034,100,100010,100,100036,100,99966,100,100038,100,99956,100,100039,100,99955,100,100042,200,99949,100,100045,100,99945,100,100047,100,99944,300,100083,100,99929,100
2019-06-28 09:30:10.000000000,100019,205,100014,205,100033,202,100011,202,100034,202,100010,202,100036,100,99966,100,100038,100,99956,100,100039,100,99955,100,100042,200,99949,100,100045,100,99945,100,100047,100,99944,300,100083,100,99929,100
2019-06-28 09:30:20.000000000,100019,205,100014,205,100033,202,100011,202,100034,202,100010,202,100036,100,99966,100,100038,100,99956,100,100039,100,99955,100,100042,200,99949,100,100045,100,99945,100,100047,100,99944,300,100083,100,99929,100
2019-06-28 09:30:30.000000000,100019,162,100014,162,100033,162,100011,162,100034,162,100010,162,100036,162,99966,162,100038,162,99956,162,100039,100,99955,100,100042,200,99949,100,100045,100,99945,100,100047,100,99944,300,100083,100,99929,100
2019-06-28 09:30:40.000000000,100019,162,100014,162,100033,162,100011,162,100034,162,100010,162,100036,162,99966,162,100038,162,99956,162,100039,100,99955,100,100042,200,99949,100,100045,100,99945,100,100047,100,99944,300,100083,100,99929,100
2019-06-28 09:30:50.000000000,100019,162,100014,162,100033,162,100011,162,100034,162,100010,162,100036,162,99966,162,100038,162,99956,162,100039,100,99955,100,100042,200,99949,100,100045,100,99945,100,100047,100,99944,300,100083,100,99929,100
2019-06-28 09:31:00.000000000,100019,162,100014,162,100033,162,100011,162,100034,162,100010,162,100036,162,99966,162,100038,162,99956,162,100039,100,99955,100,100042,200,99949,100,100045,100,99945,100,100047,100,99944,300,100083,100,99929,100
2019-06-28 09:31:10.000000000,100019,254,100014,254,100033,254,100011,254,100034,100,100010,100,100036,100,99966,100,100038,100,99956,100,100039,100,99955,100,100042,200,99949,100,100045,100,99945,100,100047,100,99944,300,100083,100,99929,100
2019-06-28 09:31:20.000000000,100019,177,100014,177,100033,177,100011,177,100034,177,100010,177,100036,177,99966,177,100038,100,99956,100,100039,100,99955,100,100042,200,99949,100,100045,100,99945,100,100047,100,99944,300,100083,100,99929,100
2019-06-28 09:31:20.167429943,100019,177,100014,77,100033,177,100011,177,100034,177,100010,177,100036,177,99966,177,100038,100,99956,100,100039,100,99955,100,100042,200,99949,100,100045,100,99945,100,100047,100,99944,300,100083,100,99929,100
2019-06-28 09:31:24.946946619,100014,23,100011,177,100019,177,100010,177,100033,177,99966,177,100034,177,99956,100,100036,177,99955,100,100038,100,99949,100,100039,100,99945,100,100042,200,99944,300,100045,100,99929,100,100047,100,99916,100
2019-06-28 09:31:30.000000000,100014,100,100011,177,100019,177,100010,177,100033,177,99966,177,100034,177,99956,177,100036,100,99955,100,100038,100,99949,100,100039,100,99945,100,100042,200,99944,300,100045,100,99929,100,100047,100,99916,100
2019-06-28 09:31:37.262133715,100014,100,100011,177,100019,177,100010,177,100033,177,99966,177,100034,177,99956,177,100036,100,99955,100,100038,100,99949,100,100039,100,99945,100,100042,200,99944,300,100045,100,99929,100,100047,100,99916,100
2019-06-28 09:31:40.000000000,100014,85,100011,162,100019,162,100010,162,100033,162,99966,162,100034,162,99956,162,100036,162,99955,162,100038,100,99949,100,100039,100,99945,100,100042,200,99944,300,100045,100,99929,100,100047,100,99916,100
2019-06-28 09:31:50.000000000,100014,85,100011,162,100019,162,100010,162,100033,162,99966,162,100034,162,99956,162,100036,162,99955,162,100038,100,99949,100,100039,100,99945,100,100042,200,99944,300,100045,100,99929,100,100047,100,99916,100
2019-06-28 09:32:00.000000000,100014,177,100011,254,100019,254,100010,254,100033,100,99966,100,100034,100,99956,100,100036,100,99955,100,100038,100,99949,100,100039,100,99945,100,100042,200,99944,300,100045,100,99929,100,100047,100,99916,100
2019-06-28 09:32:03.382168311,100014,177,100011,254,100019,254,100010,254,100033,100,99966,100,100034,100,99956,100,100036,100,99955,100,100038,100,99949,100,100039,100,99945,100,100042,200,99944,300,100045,100,99929,100,100047,100,99916,100
2019-06-28 09:32:08.023822174,100014,77,100011,254,100019,254,100010,254,100033,100,99966,100,100034,100,99956,100,100036,100,99955,100,100038,100,99949,100,100039,100,99945,100,100042,200,99944,300,100045,100,99929,100,100047,100,99916,100
2019-06-28 09:32:10.000000000,100019,162,100011,162,100033,162,100010,162,100034,162,99966,162,100036,162,99956,162,100038,162,99955,162,100039,100,99949,100,100042,200,99945,100,100045,100,99944,300,100047,100,99929,100,100083,100,99916,100
2019-06-28 09:32:18.549600422,100019,62,100011,162,100033,162,100010,162,100034,162,99966,162,100036,162,99956,162,100038,162,99955,162,100039,100,99949,100,100042,200,99945,100,100045,100,99944,300,100047,100,99929,100,100083,100,99916,100
2019-06-28 09:32:20.000000000,100033,162,100011,162,100034,162,100010,162,100036,162,99966,162,100038,162,99956,162,100039,162,99955,162,100042,200,99949,100,100045,100,99945,100,100047,100,99944,300,100083,100,99929,100,100090,100,99916,100
2019-06-28 09:32:30.000000000,100033,177,100011,177,100034,177,100010,177,100036,177,99966,177,100038,177,99956,177,100039,100,99955,100,100042,200,99949,100,100045,100,99945,100,100047,100,99944,300,100083,100,99929,100,100090,100,99916,100
2019-06-28 09:32:32.399761133,100033,177,100011,177,100034,177,100010,177,100036,177,99966,177,100038,177,99956,177,100039,100,99955,100,100042,200,99949,100,100045,100,99944,300,100047,100,99929,100,100083,100,99916,100,100090,100,99906,100
2019-06-28 09:32:40.000000000,100033,254,100011,254,100034,254,100010,254,100036,100,99966,100,100038,100,99956,100,100039,100,99955,100,100042,200,99949,100,100045,100,99944,300,100047,100,99929,100,100083,100,99916,100,100090,100,99906,100
2019-06-28 09:32:50.000000000,100033,177,100011,177,100034,177,100010,177,100036,177,99966,177,100038,177,99956,177,100039,100,99955,100,100042,200,99949,100,100045,100,99944,300,100047,100,99929,100,100083,100,99916,100,100090,100,99906,100
2019-06-28 09:32:51.895268891,100033,177,100011,77,100034,177,100010,177,100036,177,99966,177,100038,177,99956,177,100039,100,99955,100,100042,200,99949,100,100045,100,99944,300,100047,100,99929,100,100083,100,99916,100,100090,100,99906,100
2019-06-28 09:32:52.326383999,100018,100,100011,77,100033,177,100010,177,100034,177,99966,177,100036,177,99956,177,100038,177,99955,100,100039,100,99949,100,100042,200,99944,300,100045,100,99929,100,100047,100,99916,100,100083,100,99906,100
2019-06-28 09:33:00.000000000,100018,177,100010,177,100033,177,99966,177,100034,177,99956,177,100036,177,99955,177,100038,100,99949,100,100039,100,99944,300,100042,200,99929,100,100045,100,99916,100,100047,100,99906,100,100083,100,99897,300
2019-06-28 09:33:10.000000000,100018,162,100010,162,100033,162,99966,162,100034,162,99956,162,100036,162,99955,162,100038,162,99949,162,100039,100,99944,300,100042,200,99929,100,100045,100,99916,100,100047,100,99906,100,100083,100,99897,300
2019-06-28 09:33:20.000000000,100018,205,100010,205,100033,202,99966,202,100034,202,99956,202,100036,100,99955,100,100038,100,99949,100,100039,100,99944,300,100042,200,99929,100,100045,100,99916,100,100047,100,99906,100,100083,100,99897,300
2019-06-28 09:33:30.000000000,100018,254,100010,254,100033,254,99966,254,100034,100,99956,100,100036,100,99955,100,100038,100,99949,100,100039,100,99944,300,100042,200,99929,100,100045,100,99916,100,100047,100,99906,100,100083,100,99897,300
2019-06-28 09:33:40.000000000,100018,205,100010,205,100033,202,99966,202,100034,202,99956,202,100036,100,99955,100,100038,100,99949,100,100039,100,99944,300,100042,200,99929,100,100045,100,99916,100,100047,100,99906,100,100083,100,99897,300
2019-06-28 09:33:47.518556821,100018,205,100010,205,100033,202,99966,202,100034,202,99956,202,100036,100,99955,100,100038,100,99949,100,100039,100,99944,300,100042,200,99929,100,100045,100,99916,100,100047,100,99906,100,100083,100,99897,300
2019-06-28 09:33:50.000000000,100018,254,100010,254,100033,254,99966,254,100034,100,99956,100,100036,100,99955,100,100038,100,99949,100,100039,100,99944,300,100042,200,99929,100,100045,100,99916,100,100047,100,99906,100,100083,100,99897,300
2019-06-28 09:34:00.000000000,100018,408,100010,408,100033,100,99966,100,100034,100,99956,100,100036,100,99955,100,100038,100,99949,100,100039,100,99944,300,100042,200,99929,100,100045,100,99916,100,100047,100,99906,100,100083,100,99897,300
2019-06-28 09:34:10.000000000,100018,205,100010,205,100033,202,99966,202,100034,202,99956,202,100036,100,99955,100,100038,100,99949,100,100039,100,99944,300,100042,200,99929,100,100045,100,99916,100,100047,100,99906,100,100083,100,99897,300
2019-06-28 09:34:20.000000000,100018,254,100010,254,100033,254,99966,254,100034,100,99956,100,100036,100,99955,100,100038,100,99949,100,100039,100,99944,300,100042,200,99929,100,100045,100,99916,100,100047,100,99906,100,100083,100,99897,300
2019-06-28 09:34:30.000000000,100018,177,100010,177,100033,177,99966,177,100034,177,99956,177,100036,177,99955,177,100038,100,99949,100,100039,100,99944,300,100042,200,99929,100,100045,100,99916,100,100047,100,99906,100,100083,100,99897,300
2019-06-28 09:34:35.712466828,100018,177,100012,100,100033,177,100010,177,100034,177,99966,177,100036,177,99956,177,100038,100,99955,177,100039,100,99949,100,100042,200,99944,300,100045,100,99929,100,100047,100,99916,100,100083,100,99906,100
2019-06-28 09:34:40.000000000,100018,177,100012,177,100033,177,100010,177,100034,177,99966,177,100036,177,99956,177,100038,100,99955,100,100039,100,99949,100,100042,200,99944,300,100045,100,99929,100,100047,100,99916,100,100083,100,99906,100
2019-06-28 09:34:42.258531598,100014,100,100012,177,100018,177,100010,177,100033,177,99966,177,100034,177,99956,177,100036,77,99955,100,100038,100,99949,100,100039,100,99944,300,100042,200,99929,100,100045,100,99916,100,100047,100,99906,100
2019-06-28 09:34:45.566805797,100018,177,100012,177,100033,177,100010,177,100034,177,99966,177,100036,77,99956,177,100038,100,99955,100,100039,100,99949,100,100042,200,99944,300,100045,100,99916,100,100047,100,99906,100,100083,100,99897,300
2019-06-28 09:34:50.000000000,100018,177,100012,177,100033,177,100010,177,100034,177,99966,177,100038,177,99956,177,100039,100,99955,100,100042,200,99949,100,100045,100,99944,300,100047,100,99916,100,100083,100,99906,100,100090,100,99897,300
2019-06-28 09:34:59.343709647,100018,77,100012,177,100033,177,100010,177,100034,177,99966,177,100038,177,99956,177,100039,100,99955,100,100042,200,99949,100,100045,100,99944,300,100047,100,99916,100,100083,100,99906,100,100090,100,99897,200
2019-06-28 09:35:00.000000000,100033,205,100012,205,100034,202,100010,202,100038,202,99966,202,100039,100,99956,100,100042,200,99955,100,100045,100,99949,100,100047,100,99944,300,100083,100,99916,100,100090,100,99906,100,100117,100,99897,200
2019-06-28 09:35:03.349851784,100033,205,100014,100,100034,202,100012,205,100038,202,100010,202,100039,100,99966,202,100042,200,99956,100,100045,100,99955,100,100047,100,99949,100,100083,100,99944,300,100090,100,99916,100,100117,100,99906,100
2019-06-28 09:35:03.627494127,100033,205,100014,100,100034,202,100012,205,100038,102,100010,202,100039,100,99966,202,100042,200,99956,100,100045,100,99955,100,100047,100,99949,100,100083,100,99944,300,100090,100,99916,100,100117,100,99906,100
2019-06-28 09:35:10.000000000,100033,205,100014,205,100034,202,100012,202,100039,202,100010,202,100042,200,99966,100,100045,100,99956,100,100047,100,99955,100,100083,100,99949,100,100090,100,99944,300,100117,100,99916,100,100127,100,99906,100
2019-06-28 09:35:10.960155961,100033,105,100014,205,100034,202,100012,202,100039,202,100010,202,100042,200,99966,100,100045,100,99956,100,100047,100,99955,100,100083,100,99949,100,100090,100,99944,300,100117,100,99916,100,100127,100,99906,100
2019-06-28 09:35:11.558417772,100033,105,100014,205,100034,102,100012,202,100039,202,100010,202,100042,200,99966,100,100045,100,99956,100,100047,100,99955,100,100083,100,99949,100,100090,100,99944,300,100117,100,99916,100,100127,100,99906,100
2019-06-28 09:35:16.031211989,100033,5,100014,205,100034,102,100012,202,100039,202,100010,202,100042,200,99966,100,100045,100,99956,100,100047,100,99955,100,100083,100,99949,100,100090,100,99944,200,100117,100,99916,100,100127,100,99906,100
2019-06-28 09:35:16.416982248,100033,5,100014,205,100034,102,100012,202,100039,202,100010,202,100042,200,99966,100,100045,100,99956,100,100047,100,99955,100,100083,100,99949,100,100090,100,99944,200,100117,100,99916,100,100127,100,99906,100
2019-06-28 09:35:17.527932355,100033,5,100014,205,100034,102,100012,202,100039,202,100010,202,100042,200,99966,100,100045,100,99956,100,100047,100,99955,100,100083,100,99949,100,100090,100,99944,200,100117,100,99916,100,100127,100,99906,100
2019-06-28 09:35:20.000000000,100039,177,100014,177,100042,277,100012,177,100045,177,100010,177,100047,177,99966,177,100083,100,99956,100,100090,100,99955,100,100117,100,99949,100,100127,100,99944,200,100140,100,99916,100,100148,100,99906,100
2019-06-28 09:35:30.000000000,100039,254,100014,254,100042,354,100012,254,100045,100,100010,100,100047,100,99966,100,100083,100,99956,100,100090,100,99955,100,100117,100,99949,100,100127,100,99944,200,100140,100,99916,100,100148,100,99906,100
2019-06-28 09:35:40.000000000,100039,254,100014,254,100042,354,100012,254,100045,100,100010,100,100047,100,99966,100,100083,100,99956,100,100090,100,99955,100,100117,100,99949,100,100127,100,99944,200,100140,100,99916,100,100148,100,99906,100
2019-06-28 09:35:50.000000000,100039,177,100014,177,100042,277,100012,177,100045,177,100010,177,100047,177,99966,177,100083,100,99956,100,100090,100,99955,100,100117,100,99949,100,100127,100,99944,200,100140,100,99916,100,100148,100,99906,100
2019-06-28 09:35:58.036537284,100039,177,100014,177,100042,277,100012,177,100045,177,100010,177,100047,177,99966,177,100083,100,99956,100,100090,100,99955,100,100117,100,99949,100,100127,100,99944,200,100140,100,99916,100,100148,100,99906,100
2019-06-28 09:36:00.000000000,100039,254,100014,254,100042,354,100012,254,100045,100,100010,100,100047,100,99966,100,100083,100,99956,100,100090,100,99955,100,100117,100,99949,100,100127,100,99944,200,100140,100,99916,100,100148,100,99906,100
2019-06-28 09:36:00.536438132,100039,154,100014,254,100042,354,100012,254,100045,100,100010,100,100047,100,99966,100,100083,100,99956,100,100090,100,99955,100,100117,100,99949,100,100127,100,99944,200,100140,100,99916,100,100148,100,99906,100
2019-06-28 09:36:04.688154582,100039,154,100014,254,100042,354,100012,254,100045,100,100010,100,100047,100,99966,100,100083,100,99956,100,100090,100,99955,100,100117,100,99949,100,100127,100,99944,200,100140,100,99916,100,100148,100,99906,100
2019-06-28 09:36:10.000000000,100042,262,100014,162,100045,162,100012,162,100047,162,100010,162,100083,162,99966,162,100090,162,99956,162,100117,100,99955,100,100127,100,99949,100,100140,100,99944,200,100148,100,99916,100,100156,100,99906,100
2019-06-28 09:36:20.000000000,100042,262,100014,162,100045,162,100012,162,100047,162,100010,162,100083,162,99966,162,100090,162,99956,162,100117,100,99955,100,100127,100,99949,100,100140,100,99944,200,100148,100,99916,100,100156,100,99906,100
2019-06-28 09:36:30.000000000,100042,262,100014,162,100045,162,100012,162,100047,162,100010,162,100083,162,99966,162,100090,162,99956,162,100117,100,99955,100,100127,100,99949,100,100140,100,99944,200,100148,100,99916,100,100156,100,99906,100
2019-06-28 09:36:34.764485771,100042,162,100014,162,100045,162,100012,162,100047,162,100010,162,100083,162,99966,162,100090,162,99956,162,100117,100,99955,100,100127,100,99949,100,100140,100,99944,200,100148,100,99916,100,100156,100,99906,100
2019-06-28 09:36:40.000000000,100042,408,100014,408,100045,100,100012,100,100047,100,100010,100,100083,100,99966,100,100090,100,99956,100,100117,100,99955,100,100127,100,99949,100,100140,100,99944,200,100148,100,99916,100,100156,100,99906,100
2019-06-28 09:36:50.000000000,100042,408,100014,408,100045,100,100012,100,100047,100,100010,100,100083,100,99966,100,100090,100,99956,100,100117,100,99955,100,100127,100,99949,100,100140,100,99944,200,100148,100,99916,100,100156,100,99906,100
2019-06-28 09:37:00.000000000,100042,408,100014,408,100045,100,100012,100,100047,100,100010,100,100083,100,99966,100,100090,100,99956,100,100117,100,99955,100,100127,100,99949,100,100140,100,99944,200,100148,100,99916,100,100156,100,99906,100
2019-06-28 09:37:10.000000000,100042,205,100014,205,100045,202,100012,202,100047,202,100010,202,100083,100,99966,100,100090,100,99956,100,100117,100,99955,100,100127,100,99949,100,100140,100,99944,200,100148,100,99916,100,100156,100,99906,100
2019-06-28 09:37:16.199958232,100042,205,100014,205,100045,302,100012,202,100047,202,100010,202,100083,100,99966,100,100090,100,99956,100,100117,100,99955,100,100127,100,99949,100,100140,100,99944,200,100148,100,99916,100,100156,100,99906,100
2019-06-28 09:37:20.000000000,100042,408,100014,408,100045,200,100012,100,100047,100,100010,100,100083,100,99966,100,100090,100,99956,100,100117,100,99955,100,100127,100,99949,100,100140,100,99944,200,100148,100,99916,100,100156,100,99906,100
2019-06-28 09:37:25.815194773,100042,408,100014,408,100045,200,100012,100,100047,100,100010,100,100083,100,99966,100,100090,100,99956,100,100117,100,99955,100,100127,100,99949,100,100140,100,99944,200,100148,100,99916,100,100156,100,99906,100
2019-06-28 09:37:30.000000000,100042,177,100014,177,100045,277,100012,177,100047,177,100010,177,100083,177,99966,177,100090,100,99956,100,100117,100,99955,100,100127,100,99949,100,100140,100,99944,200,100148,100,99916,100,100156,100,99906,100
2019-06-28 09:37:30.034334327,100042,177,100014,177,100045,277,100012,177,100047,177,100010,177,100083,177,99966,177,100090,100,99956,100,100117,100,99955,100,100127,100,99949,100,100140,100,99944,200,100148,100,99916,100,100156,100,99906,100
2019-06-28 09:37:36.208669135,100042,77,100014,177,100045,277,100012,177,100047,177,100010,177,100083,177,99966,177,100090,100,99956,100,100117,100,99955,100,100127,100,99949,100,100140,100,99944,200,100148,100,99916,100,100156,100,99906,100
2019-06-28 09:37:40.000000000,100045,262,100014,162,100047,162,100012,162,100083,162,100010,162,100090,162,99966,162,100117,162,99956,162,100127,100,99955,100,100140,100,99949,100,100148,100,99944,200,100156,100,99916,100,100307,100,99906,100
2019-06-28 09:37:46.884656735,100041,100,100014,162,100045,262,100012,162,100047,162,100010,162,100083,162,99966,162,100090,162,99956,162,100117,162,99955,100,100127,100,99949,100,100140,100,99944,200,100148,100,99916,100,100156,100,99906,100
2019-06-28 09:37:50.000000000,100041,408,100014,408,100045,200,100012,100,100047,100,100010,100,100083,100,99966,100,100090,100,99956,100,100117,100,99955,100,100127,100,99949,100,100140,100,99944,200,100148,100,99916,100,100156,100,99906,100
2019-06-28 09:37:53.377156548,100041,308,100014,408,100045,200,100012,100,100047,100,100010,100,100083,100,99966,100,100090,100,99956,100,100117,100,99955,100,100127,100,99949,100,100140,100,99944,200,100148,100,99916,100,100156,100,99906,100
2019-06-28 09:38:00.000000000,100045,508,100014,408,100047,100,100012,100,100083,100,100010,100,100090,100,99966,100,100117,100,99956,100,100127,100,99955,100,100140,100,99949,100,100148,100,99944,200,100156,100,99916,100,100307,100,99906,100
2019-06-28 09:38:10.000000000,100045,262,100014,162,100047,162,100012,162,100083,162,100010,162,100090,162,99966,162,100117,162,99956,162,100127,100,99955,100,100140,100,99949,100,100148,100,99944,200,100156,100,99916,100,100307,100,99906,100
2019-06-28 09:38:20.000000000,100045,354,100014,254,100047,254,100012,254,100083,100,100010,100,100090,100,99966,100,100117,100,99956,100,100127,100,99955,100,100140,100,99949,100,100148,100,99944,200,100156,100,99916,100,100307,100,99906,100
2019-06-28 09:38:22.141629171,100045,354,100014,254,100047,254,100012,254,100083,100,100010,100,100090,100,99966,100,100117,100,99962,100,100127,100,99956,100,100140,100,99955,100,100148,100,99949,100,100156,100,99944,100,100307,100,99916,100
2019-06-28 09:38:30.000000000,100045,262,100014,162,100047,162,100012,162,100083,162,100010,162,100090,162,99966,162,100117,162,99962,162,100127,100,99956,100,100140,100,99955,100,100148,100,99949,100,100156,100,99944,100,100307,100,99916,100
2019-06-28 09:38:39.511958373,100045,262,100014,162,100047,162,100012,62,100083,162,100010,162,100090,162,99966,162,100117,162,99962,162,100127,100,99956,100,100140,100,99955,100,100148,100,99949,100,100156,100,99944,100,100307,100,99916,100
2019-06-28 09:38:40.000000000,100045,354,100014,254,100047,254,100010,254,100083,100,99966,100,100090,100,99962,100,100117,100,99956,100,100127,100,99955,100,100140,100,99949,100,100148,100,99944,100,100156,100,99916,100,100307,100,99906,100
2019-06-28 09:38:50.000000000,100045,354,100014,254,100047,254,100010,254,100083,100,99966,100,100090,100,99962,100,100117,100,99956,100,100127,100,99955,100,100140,100,99949,100,100148,100,99944,100,100156,100,99916,100,100307,100,99906,100
2019-06-28 09:38:50.471622027,100045,354,100041,100,100047,254,100014,254,100083,100,100010,254,100090,100,99966,100,100117,100,99962,100,100127,100,99956,100,100140,100,99955,100,100148,100,99949,100,100156,100,99944,100,100307,100,99916,100
2019-06-28 09:38:59.526106173,100045,354,100041,100,100047,254,100014,254,100083,100,100010,254,100090,100,99966,100,100117,100,99962,100,100127,100,99956,100,100140,100,99949,100,100148,100,99944,100,100156,100,99916,100,100307,100,99906,100
2019-06-28 09:39:00.000000000,100045,277,100041,177,100047,177,100014,177,100083,177,100010,177,100090,177,99966,177,100117,100,99962,100,100127,100,99956,100,100140,100,99949,100,100148,100,99944,100,100156,100,99916,100,100307,100,99906,100
2019-06-28 09:39:00.210973279,100045,177,100041,177,100047,177,100014,177,100083,177,100010,177,100090,177,99966,77,100117,100,99962,100,100127,100,99956,100,100140,100,99949,100,100148,100,99944,100,100156,100,99916,100,100307,100,99906,100
2019-06-28 09:39:10.000000000,100045,205,100041,205,100047,202,100014,202,100083,202,100010,202,100090,100,99962,100,100117,100,99956,100,100127,100,99949,100,100140,100,99944,100,100148,100,99916,100,100156,100,99906,100,100307,100,99897,200
2019-06-28 09:39:11.638400005,100045,205,100041,205,100047,202,100014,202,100083,202,100010,202,100090,100,99962,100,100117,100,99956,100,100127,100,99949,100,100140,100,99944,100,100148,100,99916,100,100156,100,99906,100,100307,100,99897,200
2019-06-28 09:39:13.571418078,100045,205,100042,100,100047,202,100041,205,100083,202,100014,202,100090,100,100010,202,100117,100,99962,100,100127,100,99956,100,100140,100,99949,100,100148,100,99944,100,100156,100,99916,100,100307,100,99906,100
2019-06-28 09:39:20.000000000,100045,408,100042,408,100047,100,100041,100,100083,100,100014,100,100090,100,100010,100,100117,100,99962,100,100127,100,99956,100,100140,100,99949,100,100148,100,99944,100,100156,100,99916,100,100307,100,99906,100
2019-06-28 09:39:20.049587302,100045,308,100042,408,100047,100,100041,100,100083,100,100014,100,100090,100,100010,100,100117,100,99962,100,100127,100,99956,100,100140,100,99949,100,100148,100,99944,100,100156,100,99916,100,100307,100,99906,100
2019-06-28 09:39:30.000000000,100047,177,100042,177,100083,177,100041,177,100090,177,100014,177,100117,177,100010,177,100127,100,99962,100,100140,100,99956,100,100148,100,99949,100,100156,100,99944,100,100307,100,99916,100,100392,100,99906,100
2019-06-28 09:39:39.330344706,100047,177,100045,100,100083,177,100042,177,100090,177,100041,177,100117,177,100014,177,100127,100,100010,177,100140,100,99962,100,100148,100,99956,100,100156,100,99949,100,100307,100,99944,100,100392,100,99916,100
2019-06-28 09:39:40.000000000,100047,177,100045,177,100083,177,100042,177,100090,177,100041,177,100117,177,100014,177,100127,100,100010,100,100140,100,99962,100,100148,100,99956,100,100156,100,99949,100,100307,100,99944,100,100392,100,99916,100
2019-06-28 09:39:42.987105031,100047,177,100045,177,100083,177,100042,177,100090,177,100041,177,100117,177,100014,177,100127,100,100010,100,100140,100,99962,100,100148,100,99956,100,100156,100,99949,100,100307,100,99944,100,100392,100,99916,100
2019-06-28 09:39:50.000000000,100047,162,100045,162,100083,162,100042,162,100090,162,100041,162,100117,162,100014,162,100127,162,100010,162,100140,100,99962,100,100148,100,99956,100,100156,100,99949,100,100307,100,99944,100,100392,100,99916,100
2019-06-28 09:40:00.000000000,100047,408,100045,408,100083,100,100042,100,100090,100,100041,100,100117,100,100014,100,100127,100,100010,100,100140,100,99962,100,100148,100,99956,100,100156,100,99949,100,100307,100,99944,100,100392,100,99916,100
2019-06-28 09:40:10.000000000,100047,205,100045,205,100083,202,100042,202,100090,202,100041,202,100117,100,100014,100,100127,100,100010,100,100140,100,99962,100,100148,100,99956,100,100156,100,99949,100,100307,100,99944,100,100392,100,99916,100
2019-06-28 09:40:19.428707436,100047,205,100045,205,100083,202,100042,202,100090,202,100041,202,100117,100,100014,100,100127,100,100010,100,100140,100,99962,100,100148,100,99956,100,100156,100,99949,100,100307,100,99944,100,100392,100,99916,100
2019-06-28 09:40:20.000000000,100047,177,100045,177,100083,177,100042,177,100090,177,100041,177,100117,177,100014,177,100127,100,100010,100,100140,100,99962,100,100148,100,99956,100,100156,100,99949,100,100307,100,99944,100,100392,100,99916,100
2019-06-28 09:40:30.000000000,100047,205,100045,205,100083,202,100042,202,100090,202,100041,202,100117,100,100014,100,100127,100,100010,100,100140,100,99962,100,100148,100,99956,100,100156,100,99949,100,100307,100,99944,100,100392,100,99916,100
2019-06-28 09:40:34.200777456,100047,205,100045,205,100083,202,100042,202,100090,202,100041,202,100117,100,100014,100,100127,100,100010,100,100140,100,99962,100,100148,100,99956,100,100156,100,99949,100,100307,100,99944,100,100392,100,99916,100
2019-06-28 09:40:40.000000000,100047,177,100045,177,100083,177,100042,177,100090,177,100041,177,100117,177,100014,177,100127,100,100010,100,100140,100,99962,100,100148,100,99956,100,100156,100,99949,100,100307,100,99944,100,100392,100,99916,100
2019-06-28 09:40:40.250532563,100047,77,100045,177,100083,177,100042,177,100090,177,100041,177,100117,177,100014,177,100127,100,100010,100,100140,100,99962,100,100148,100,99956,100,100156,100,99949,100,100307,100,99944,100,100392,100,99916,100
2019-06-28 09:40:50.000000000,100083,177,100045,177,100090,177,100042,177,100117,177,100041,177,100127,177,100014,177,100140,100,100010,100,100148,100,99962,100,100156,100,99956,100,100307,100,99949,100,100392,100,99944,100,100453,100,99916,100
2019-06-28 09:41:00.000000000,100083,254,100045,254,100090,254,100042,254,100117,100,100041,100,100127,100,100014,100,100140,100,100010,100,100148,100,99962,100,100156,100,99956,100,100307,100,99949,100,100392,100,99944,100,100453,100,99916,100
2019-06-28 09:41:09.632985012,100083,254,100046,100,100090,254,100045,254,100117,100,100042,254,100127,100,100041,100,100140,100,100014,100,100148,100,100010,100,100156,100,99962,100,100307,100,99956,100,100392,100,99949,100,100453,100,99944,100
2019-06-28 09:41:10.000000000,100083,408,100046,408,100090,100,100045,100,100117,100,100042,100,100127,100,100041,100,100140,100,100014,100,100148,100,100010,100,100156,100,99962,100,100307,100,99956,100,100392,100,99949,100,100453,100,99944,100
2019-06-28 09:41:12.147175340,100083,408,100046,508,100090,100,100045,100,100117,100,100042,100,100127,100,100041,100,100140,100,100014,100,100148,100,100010,100,100156,100,99962,100,100307,100,99956,100,100392,100,99949,100,100453,100,99944,100
2019-06-28 09:41:16.817467566,100083,408,100046,508,100090,100,100045,100,100117,100,100042,100,100127,100,100041,100,100140,100,100014,100,100148,100,100010,100,100156,100,99962,100,100307,100,99956,100,100392,100,99949,100,100453,100,99944,100
2019-06-28 09:41:20.000000000,100083,205,100046,305,100090,202,100045,202,100117,202,100042,202,100127,100,100041,100,100140,100,100014,100,100148,100,100010,100,100156,100,99962,100,100307,100,99956,100,100392,100,99949,100,100453,100,99944,100
2019-06-28 09:41:21.341551382,100083,105,100046,305,100090,202,100045,202,100117,202,100042,202,100127,100,100041,100,100140,100,100014,100,100148,100,100010,100,100156,100,99962,100,100392,100,99956,100,100453,100,99949,100,100456,100,99944,100
2019-06-28 09:41:30.000000000,100090,408,100046,508,100117,100,100045,100,100127,100,100042,100,100140,100,100041,100,100148,100,100014,100,100156,100,100010,100,100392,100,99962,100,100453,100,99956,100,100456,100,99949,100,100461,100,99944,100
2019-06-28 09:41:39.028353651,100090,308,100046,508,100117,100,100045,100,100127,100,100042,100,100140,100,100041,100,100148,100,100014,100,100156,100,100010,100,100392,100,99962,100,100453,100,99956,100,100456,100,99949,100,100461,100,99944,100
2019-06-28 09:41:40.000000000,100117,177,100046,277,100127,177,100045,177,100140,177,100042,177,100148,177,100041,177,100156,100,100014,100,100392,100,100010,100,100453,100,99962,100,100456,100,99956,100,100461,100,99949,100,100524,100,99944,100
2019-06-28 09:41:46.396034370,100117,177,100046,277,100124,100,100045,177,100127,177,100042,177,100140,177,100041,177,100148,177,100014,100,100156,100,100010,100,100392,100,99962,100,100453,100,99956,100,100456,100,99949,100,100461,100,99944,100
2019-06-28 09:41:50.000000000,100117,408,100046,508,100124,100,100045,100,100127,100,100042,100,100140,100,100041,100,100148,100,100014,100,100156,100,100010,100,100392,100,99962,100,100453,100,99956,100,100456,100,99949,100,100461,100,99944,100
2019-06-28 09:42:00.000000000,100117,162,100046,262,100124,162,100045,162,100127,162,100042,162,100140,162,100041,162,100148,162,100014,162,100156,100,100010,100,100392,100,99962,100,100453,100,99956,100,100456,100,99949,100,100461,100,99944,100
2019-06-28 09:42:02.677624646,100117,162,100046,262,100124,162,100045,162,100127,162,100042,162,100140,162,100041,162,100148,162,100014,162,100156,100,100010,100,100392,100,99962,100,100453,100,99956,100,100456,100,99949,100,100524,100,99944,100
2019-06-28 09:42:10.000000000,100117,177,100046,277,100124,177,100045,177,100127,177,100042,177,100140,177,100041,177,100148,100,100014,100,100156,100,100010,100,100392,100,99962,100,100453,100,99956,100,100456,100,99949,100,100524,100,99944,100
2019-06-28 09:42:13.519985057,100117,177,100046,177,100124,177,100045,177,100127,177,100042,177,100140,177,100041,177,100148,100,100014,100,100156,100,100010,100,100392,100,99962,100,100453,100,99956,100,100456,100,99949,100,100524,100,99944,100
2019-06-28 09:42:20.000000000,100117,408,100046,408,100124,100,100045,100,100127,100,100042,100,100140,100,100041,100,100148,100,100014,100,100156,100,100010,100,100392,100,99962,100,100453,100,99956,100,100456,100,99949,100,100524,100,99944,100
2019-06-28 09:42:30.000000000,100117,162,100046,162,100124,162,100045,162,100127,162,100042,162,100140,162,100041,162,100148,162,100014,162,100156,100,100010,100,100392,100,99962,100,100453,100,99956,100,100456,100,99949,100,100524,100,99944,100
2019-06-28 09:42:40.000000000,100117,408,100046,408,100124,100,100045,100,100127,100,100042,100,100140,100,100041,100,100148,100,100014,100,100156,100,100010,100,100392,100,99962,100,100453,100,99956,100,100456,100,99949,100,100524,100,99944,100
2019-06-28 09:42:43.401487612,100117,308,100046,408,100124,100,100045,100,100127,100,100042,100,100140,100,100041,100,100148,100,100014,100,100156,100,100010,100,100392,100,99962,100,100453,100,99956,100,100456,100,99949,100,100524,100,99944,100
2019-06-28 09:42:43.974192400,100117,308,100046,408,100124,100,100045,100,100127,100,100042,100,100140,100,100041,100,100148,100,100014,100,100156,100,100010,100,100392,100,99962,100,100453,100,99956,100,100456,100,99949,100,100524,100,99944,100
2019-06-28 09:42:49.336678966,100117,208,100046,408,100124,100,100045,100,100127,100,100042,100,100140,100,100041,100,100148,100,100014,100,100156,100,100010,100,100392,100,99962,100,100453,100,99956,100,100456,100,99949,100,100524,100,99944,100
2019-06-28 09:42:50.000000000,100124,177,100046,177,100127,177,100045,177,100140,177,100042,177,100148,177,100041,177,100156,100,100014,100,100392,100,100010,100,100453,100,99962,100,100456,100,99956,100,100524,100,99949,100,100542,100,99944,100
2019-06-28 09:42:52.186742894,100124,177,100117,100,100127,177,100046,177,100140,177,100045,177,100148,177,100042,177,100156,100,100041,177,100392,100,100014,100,100453,100,100010,100,100456,100,99962,100,100524,100,99956,100,100542,100,99949,100
2019-06-28 09:42:58.457286509,100124,77,100117,100,100127,177,100046,177,100140,177,100045,177,100148,177,100042,177,100156,100,100041,177,100392,100,100014,100,100453,100,100010,100,100456,100,99962,100,100524,100,99956,100,100542,100,99949,100
2019-06-28 09:43:00.000000000,100127,177,100117,177,100140,177,100046,177,100148,177,100045,177,100156,177,100042,177,100392,100,100041,100,100453,100,100014,100,100456,100,100010,100,100524,100,99962,100,100542,100,99956,100,100574,100,99949,100
2019-06-28 09:43:10.000000000,100127,254,100117,254,100140,254,100046,254,100148,100,100045,100,100156,100,100042,100,100392,100,100041,100,100453,100,100014,100,100456,100,100010,100,100524,100,99962,100,100542,100,99956,100,100574,100,99949,100
2019-06-28 09:43:20.000000000,100127,254,100117,254,100140,254,100046,254,100148,100,100045,100,100156,100,100042,100,100392,100,100041,100,100453,100,100014,100,100456,100,100010,100,100524,100,99962,100,100542,100,99956,100,100574,100,99949,100
2019-06-28 09:43:23.641309039,100127,154,100117,254,100140,254,100046,254,100148,100,100045,100,100156,100,100042,100,100392,100,100041,100,100453,100,100014,100,100456,100,100010,100,100524,100,99962,100,100542,100,99956,100,100574,100,99949,100
2019-06-28 09:43:30.000000000,100140,408,100117,408,100148,100,100046,100,100156,100,100045,100,100392,100,100042,100,100453,100,100041,100,100456,100,100014,100,100524,100,100010,100,100542,100,99962,100,100574,100,99956,100,100626,100,99949,100
2019-06-28 09:43:40.000000000,100140,254,100117,254,100148,254,100046,254,100156,100,100045,100,100392,100,100042,100,100453,100,100041,100,100456,100,100014,100,100524,100,100010,100,100542,100,99962,100,100574,100,99956,100,100626,100,99949,100
2019-06-28 09:43:41.147174877,100140,254,100117,254,100148,254,100046,254,100156,100,100045,100,100392,100,100042,100,100453,100,100041,100,100456,100,100014,100,100524,100,100010,100,100542,100,99962,100,100574,100,99956,100,100626,100,99949,100
2019-06-28 09:43:50.000000000,100140,205,100117,205,100148,202,100046,202,100156,202,100045,202,100392,100,100042,100,100453,100,100041,100,100456,100,100014,100,100524,100,100010,100,100542,100,99962,100,100574,100,99956,100,100626,100,99949,100
2019-06-28 09:44:00.000000000,100140,254,100117,254,100148,254,100046,254,100156,100,100045,100,100392,100,100042,100,100453,100,100041,100,100456,100,100014,100,100524,100,100010,100,100542,100,99962,100,100574,100,99956,100,100626,100,99949,100
2019-06-28 09:44:10.000000000,100140,177,100117,177,100148,177,100046,177,100156,177,100045,177,100392,177,100042,177,100453,100,100041,100,100456,100,100014,100,100524,100,100010,100,100542,100,99962,100,100574,100,99956,100,100626,100,99949,100
2019-06-28 09:44:13.665766399,100140,177,100117,177,100148,177,100046,177,100156,177,100045,177,100392,177,100042,177,100453,100,100041,100,100456,100,100014,100,100524,100,100010,100,100542,100,99962,100,100574,100,99956,100,100626,100,99949,100
2019-06-28 09:44:20.000000000,100140,254,100117,254,100148,254,100046,254,100156,100,100045,100,100392,100,100042,100,100453,100,100041,100,100456,100,100014,100,100524,100,100010,100,100542,100,99962,100,100574,100,99956,100,100626,100,99949,100
2019-06-28 09:44:30.000000000,100140,177,100117,177,100148,177,100046,177,100156,177,100045,177,100392,177,100042,177,100453,100,100041,100,100456,100,100014,100,100524,100,100010,100,100542,100,99962,100,100574,100,99956,100,100626,100,99949,100
2019-06-28 09:44:31.016601045,100140,177,100124,100,100148,177,100117,177,100156,177,100046,177,100392,177,100045,177,100453,100,100042,177,100456,100,100041,100,100524,100,100014,100,100542,100,100010,100,100574,100,99962,100,100626,100,99956,100
2019-06-28 09:44:40.000000000,100140,177,100124,177,100148,177,100117,177,100156,177,100046,177,100392,177,100045,177,100453,100,100042,100,100456,100,100041,100,100524,100,100014,100,100542,100,100010,100,100574,100,99962,100,100626,100,99956,100
2019-06-28 09:44:50.000000000,100140,177,100124,177,100148,177,100117,177,100156,177,100046,177,100392,177,100045,177,100453,100,100042,100,100456,100,100041,100,100524,100,100014,100,100542,100,100010,100,100574,100,99962,100,100626,100,99956,100
2019-06-28 09:44:53.606451945,100140,77,100124,177,100148,177,100117,177,100156,177,100046,177,100392,177,100045,177,100453,100,100042,100,100456,100,100041,100,100524,100,100014,100,100542,100,100010,100,100574,100,99962,100,100626,100,99956,100
2019-06-28 09:45:00.000000000,100148,408,100124,408,100156,100,100117,100,100392,100,100046,100,100453,100,100045,100,100456,100,100042,100,100524,100,100041,100,100542,100,100014,100,100574,100,100010,100,100626,100,99962,100,100658,100,99956,100
2019-06-28 09:45:01.278082206,100148,308,100124,408,100156,100,100117,100,100392,100,100046,100,100453,100,100045,100,100456,100,100042,100,100524,100,100041,100,100542,100,100014,100,100574,100,100010,100,100626,100,99962,100,100658,100,99956,100
2019-06-28 09:45:10.000000000,100156,408,100124,408,100392,100,100117,100,100453,100,100046,100,100456,100,100045,100,100524,100,100042,100,100542,100,100041,100,100574,100,100014,100,100626,100,100010,100,100658,100,99962,100,100741,100,99956,100
2019-06-28 09:45:20.000000000,100156,408,100124,408,100392,100,100117,100,100453,100,100046,100,100456,100,100045,100,100524,100,100042,100,100542,100,100041,100,100574,100,100014,100,100626,100,100010,100,100658,100,99962,100,100741,100,99956,100
2019-06-28 09:45:30.000000000,100156,177,100124,177,100392,177,100117,177,100453,177,100046,177,100456,177,100045,177,100524,100,100042,100,100542,100,100041,100,100574,100,100014,100,100626,100,100010,100,100658,100,99962,100,100741,100,99956,100
2019-06-28 09:45:40.000000000,100156,408,100124,408,100392,100,100117,100,100453,100,100046,100,100456,100,100045,100,100524,100,100042,100,100542,100,100041,100,100574,100,100014,100,100626,100,100010,100,100658,100,99962,100,100741,100,99956,100
2019-06-28 09:45:50.000000000,100156,162,100124,162,100392,162,100117,162,100453,162,100046,162,100456,162,100045,162,100524,162,100042,162,100542,100,100041,100,100574,100,100014,100,100626,100,100010,100,100658,100,99962,100,100741,100,99956,100
2019-06-28 09:46:00.000000000,100156,177,100124,177,100392,177,100117,177,100453,177,100046,177,100456,177,100045,177,100524,100,100042,100,100542,100,100041,100,100574,100,100014,100,100626,100,100010,100,100658,100,99962,100,100741,100,99956,100
2019-06-28 09:46:04.992818941,100156,177,100140,100,100392,177,100124,77,100453,177,100117,177,100456,177,100046,177,100524,100,100045,177,100542,100,100042,100,100574,100,100041,100,100626,100,100014,100,100658,100,100010,100,100741,100,99962,100
2019-06-28 09:46:10.000000000,100156,408,100140,408,100392,100,100117,100,100453,100,100046,100,100456,100,100045,100,100524,100,100042,100,100542,100,100041,100,100574,100,100014,100,100626,100,100010,100,100658,100,99962,100,100741,100,99956,100
2019-06-28 09:46:12.358304554,100156,408,100140,408,100392,100,100117,100,100453,100,100046,100,100456,100,100045,100,100524,100,100042,100,100542,100,100014,100,100574,100,100010,100,100626,100,99962,100,100658,100,99956,100,100741,100,99949,100
2019-06-28 09:46:20.000000000,100156,205,100140,205,100392,202,100117,202,100453,202,100046,202,100456,100,100045,100,100524,100,100042,100,100542,100,100014,100,100574,100,100010,100,100626,100,99962,100,100658,100,99956,100,100741,100,99949,100
2019-06-28 09:46:30.000000000,100156,254,100140,254,100392,254,100117,254,100453,100,100046,100,100456,100,100045,100,100524,100,100042,100,100542,100,100014,100,100574,100,100010,100,100626,100,99962,100,100658,100,99956,100,100741,100,99949,100
2019-06-28 09:46:40.000000000,100156,254,100140,254,100392,254,100117,254,100453,100,100046,100,100456,100,100045,100,100524,100,100042,100,100542,100,100014,100,100574,100,100010,100,100626,100,99962,100,100658,100,99956,100,100741,100,99949,100
2019-06-28 09:46:41.206086345,100156,254,100140,254,100392,254,100117,254,100453,100,100046,100,100456,100,100045,100,100524,100,100042,100,100542,100,100014,100,100574,100,100010,100,100626,100,99962,100,100658,100,99956,100,100741,100,99949,100
2019-06-28 09:46:44.375849697,100156,154,100140,254,100392,254,100117,254,100453,100,100046,100,100456,100,100045,100,100524,100,100042,100,100542,100,100014,100,100574,100,100010,100,100626,100,99962,100,100658,100,99956,100,100741,100,99949,100
2019-06-28 09:46:50.000000000,100392,408,100140,408,100453,100,100117,100,100456,100,100046,100,100524,100,100045,100,100542,100,100042,100,100574,100,100014,100,100626,100,100010,100,100658,100,99962,100,100741,100,99956,100,100983,100,99949,100
2019-06-28 09:47:00.000000000,100392,205,100140,205,100453,202,100117,202,100456,202,100046,202,100524,100,100045,100,100542,100,100042,100,100574,100,100014,100,100626,100,100010,100,100658,100,99962,100,100741,100,99956,100,100983,100,99949,100
2019-06-28 09:47:03.849355186,100392,205,100140,205,100453,202,100117,202,100456,202,100046,202,100524,100,100045,100,100542,100,100042,100,100574,100,100014,100,100626,100,100010,100,100658,100,99962,100,100741,100,99956,100,100778,100,99949,100
2019-06-28 09:47:10.000000000,100392,205,100140,205,100453,202,100117,202,100456,202,100046,202,100524,100,100045,100,100542,100,100042,100,100574,100,100014,100,100626,100,100010,100,100658,100,99962,100,100741,100,99956,100,100778,100,99949,100
2019-06-28 09:47:15.823754759,100392,205,100148,100,100453,202,100140,205,100456,202,100117,202,100524,100,100046,202,100542,100,100045,100,100574,100,100042,100,100626,100,100014,100,100658,100,100010,100,100741,100,99962,100,100778,100,99956,100
2019-06-28 09:47:20.000000000,100392,205,100148,205,100453,202,100140,202,100456,202,100117,202,100524,100,100046,100,100542,100,100045,100,100574,100,100042,100,100626,100,100014,100,100658,100,100010,100,100741,100,99962,100,100778,100,99956,100
2019-06-28 09:47:30.000000000,100392,408,100148,408,100453,100,100140,100,100456,100,100117,100,100524,100,100046,100,100542,100,100045,100,100574,100,100042,100,100626,100,100014,100,100658,100,100010,100,100741,100,99962,100,100778,100,99956,100
2019-06-28 09:47:34.399587356,100392,408,100148,408,100453,100,100140,100,100456,100,100117,100,100524,100,100046,100,100542,100,100045,100,100574,100,100042,100,100626,100,100014,100,100658,100,100010,100,100699,100,99962,100,100741,100,99956,100
2019-06-28 09:47:40.000000000,100392,205,100148,205,100453,202,100140,202,100456,202,100117,202,100524,100,100046,100,100542,100,100045,100,100574,100,100042,100,100626,100,100014,100,100658,100,100010,100,100699,100,99962,100,100741,100,99956,100
2019-06-28 09:47:49.028308038,100392,205,100148,205,100453,202,100140,202,100456,202,100117,202,100471,100,100046,100,100524,100,100045,100,100542,100,100042,100,100574,100,100014,100,100626,100,100010,100,100658,100,99962,100,100699,100,99956,100
2019-06-28 09:47:50.000000000,100392,408,100148,408,100453,100,100140,100,100456,100,100117,100,100471,100,100046,100,100524,100,100045,100,100542,100,100042,100,100574,100,100014,100,100626,100,100010,100,100658,100,99962,100,100699,100,99956,100
2019-06-28 09:48:00.000000000,100392,205,100148,205,100453,202,100140,202,100456,202,100117,202,100471,100,100046,100,100524,100,100045,100,100542,100,100042,100,100574,100,100014,100,100626,100,100010,100,100658,100,99962,100,100699,100,99956,100
2019-06-28 09:48:05.250904034,100392,205,100148,305,100453,202,100140,202,100456,202,100117,202,100471,100,100046,100,100524,100,100042,100,100542,100,100014,100,100574,100,100010,100,100626,100,99962,100,100658,100,99956,100,100699,100,99949,100
2019-06-28 09:48:10.000000000,100392,408,100148,508,100453,100,100140,100,100456,100,100117,100,100471,100,100046,100,100524,100,100042,100,100542,100,100014,100,100574,100,100010,100,100626,100,99962,100,100658,100,99956,100,100699,100,99949,100
2019-06-28 09:48:20.000000000,100392,162,100148,262,100453,162,100140,162,100456,162,100117,162,100471,162,100046,162,100524,162,100042,162,100542,100,100014,100,100574,100,100010,100,100626,100,99962,100,100658,100,99956,100,100699,100,99949,100
2019-06-28 09:48:30.000000000,100392,162,100148,262,100453,162,100140,162,100456,162,100117,162,100471,162,100046,162,100524,162,100042,162,100542,100,100014,100,100574,100,100010,100,100626,100,99962,100,100658,100,99956,100,100699,100,99949,100
2019-06-28 09:48:36.777611080,100365,100,100148,262,100392,162,100140,162,100453,162,100117,162,100456,162,100046,162,100471,162,100042,162,100524,162,100014,100,100542,100,100010,100,100574,100,99962,100,100626,100,99956,100,100658,100,99949,100
2019-06-28 09:48:40.000000000,100365,162,100148,262,100392,162,100140,162,100453,162,100117,162,100456,162,100046,162,100471,162,100042,162,100524,100,100014,100,100542,100,100010,100,100574,100,99962,100,100626,100,99956,100,100658,100,99949,100
2019-06-28 09:48:50.000000000,100365,177,100148,277,100392,177,100140,177,100453,177,100117,177,100456,177,100046,177,100471,100,100042,100,100524,100,100014,100,100542,100,100010,100,100574,100,99962,100,100626,100,99956,100,100658,100,99949,100
2019-06-28 09:48:53.153986904,100365,177,100148,277,100392,177,100140,177,100453,177,100117,177,100456,177,100046,177,100471,100,100042,100,100524,100,100014,100,100542,100,100010,100,100574,100,99962,100,100626,100,99956,100,100658,100,99949,100
2019-06-28 09:48:58.677357894,100365,177,100148,277,100392,177,100140,177,100453,177,100117,177,100456,177,100046,177,100464,100,100042,100,100471,100,100014,100,100524,100,100010,100,100542,100,99962,100,100574,100,99956,100,100626,100,99949,100
2019-06-28 09:49:00.000000000,100365,408,100148,508,100392,100,100140,100,100453,100,100117,100,100456,100,100046,100,100464,100,100042,100,100471,100,100014,100,100524,100,100010,100,100542,100,99962,100,100574,100,99956,100,100626,100,99949,100
2019-06-28 09:49:03.016436908,100365,408,100221,100,100392,100,100148,508,100453,100,100140,100,100456,100,100117,100,100464,100,100046,100,100471,100,100042,100,100524,100,100014,100,100542,100,100010,100,100574,100,99962,100,100626,100,99956,100
2019-06-28 09:49:10.000000000,100365,254,100221,254,100392,254,100148,354,100453,100,100140,100,100456,100,100117,100,100464,100,100046,100,100471,100,100042,100,100524,100,100014,100,100542,100,100010,100,100574,100,99962,100,100626,100,99956,100
2019-06-28 09:49:15.902918834,100365,254,100221,254,100392,254,100148,454,100453,100,100140,100,100456,100,100117,100,100464,100,100042,100,100471,100,100014,100,100524,100,100010,100,100542,100,99962,100,100574,100,99956,100,100626,100,99949,100
2019-06-28 09:49:17.092297875,100365,254,100221,254,100392,254,100198,100,100453,100,100148,454,100456,100,100140,100,100464,100,100117,100,100471,100,100042,100,100524,100,100014,100,100542,100,100010,100,100574,100,99962,100,100626,100,99956,100
2019-06-28 09:49:20.000000000,100365,162,100221,162,100392,162,100198,162,100453,162,100148,362,100456,162,100140,162,100464,162,100117,162,100471,100,100042,100,100524,100,100014,100,100542,100,100010,100,100574,100,99962,100,100626,100,99956,100
2019-06-28 09:49:20.361831629,100365,162,100221,162,100392,162,100198,162,100453,162,100148,362,100456,162,100140,162,100464,162,100117,162,100471,100,100042,100,100524,100,100014,100,100542,100,100010,100,100574,100,99962,100,100626,100,99956,100
2019-06-28 09:49:21.659967290,100365,162,100221,162,100392,162,100198,162,100453,162,100148,362,100456,162,100140,162,100464,162,100117,162,100471,100,100055,100,100524,100,100042,100,100542,100,100014,100,100574,100,100010,100,100626,100,99962,100
2019-06-28 09:49:30.000000000,100365,254,100221,254,100392,254,100198,254,100453,100,100148,300,100456,100,100140,100,100464,100,100117,100,100471,100,100055,100,100524,100,100042,100,100542,100,100014,100,100574,100,100010,100,100626,100,99962,100
2019-06-28 09:49:40.000000000,100365,408,100221,408,100392,100,100198,100,100453,100,100148,300,100456,100,100140,100,100464,100,100117,100,100471,100,100055,100,100524,100,100042,100,100542,100,100014,100,100574,100,100010,100,100626,100,99962,100
2019-06-28 09:49:50.000000000,100365,162,100221,162,100392,162,100198,162,100453,162,100148,362,100456,162,100140,162,100464,162,100117,162,100471,100,100055,100,100524,100,100042,100,100542,100,100014,100,100574,100,100010,100,100626,100,99962,100
2019-06-28 09:49:58.898947973,100365,162,100221,62,100392,162,100198,162,100453,162,100148,362,100456,162,100140,162,100464,162,100117,162,100471,100,100055,100,100524,100,100042,100,100542,100,100014,100,100574,100,100010,100,100626,100,99962,100
2019-06-28 09:50:00.000000000,100365,162,100198,162,100392,162,100148,362,100453,162,100140,162,100456,162,100117,162,100464,162,100055,162,100471,100,100042,100,100524,100,100014,100,100542,100,100010,100,100574,100,99962,100,100626,100,99956,100
2019-06-28 09:50:04.457669037,100365,162,100198,162,100392,162,100148,362,100453,162,100140,162,100456,162,100117,162,100464,162,100055,162,100471,100,100042,100,100524,100,100014,100,100542,100,100010,100,100574,100,99962,100,100626,100,99956,100
2019-06-28 09:50:05.132290643,100214,100,100198,162,100365,162,100148,362,100392,162,100140,162,100453,162,100117,162,100456,162,100055,162,100464,162,100042,100,100471,100,100014,100,100524,100,100010,100,100542,100,99962,100,100574,100,99956,100
2019-06-28 09:50:10.000000000,100214,205,100198,205,100365,202,100148,402,100392,202,100140,202,100453,100,100117,100,100456,100,100055,100,100464,100,100042,100,100471,100,100014,100,100524,100,100010,100,100542,100,99962,100,100574,100,99956,100
2019-06-28 09:50:13.922641403,100214,205,100198,205,100365,202,100156,100,100392,202,100148,402,100453,100,100140,202,100456,100,100117,100,100464,100,100055,100,100471,100,100042,100,100524,100,100014,100,100542,100,100010,100,100574,100,99962,100
2019-06-28 09:50:20.000000000,100214,162,100198,162,100365,162,100156,162,100392,162,100148,362,100453,162,100140,162,100456,162,100117,162,100464,100,100055,100,100471,100,100042,100,100524,100,100014,100,100542,100,100010,100,100574,100,99962,100
2019-06-28 09:50:30.000000000,100214,254,100198,254,100365,254,100156,254,100392,100,100148,300,100453,100,100140,100,100456,100,100117,100,100464,100,100055,100,100471,100,100042,100,100524,100,100014,100,100542,100,100010,100,100574,100,99962,100
2019-06-28 09:50:35.415928657,100214,254,100198,254,100365,254,100156,254,100392,100,100148,300,100453,100,100140,100,100456,100,100055,100,100464,100,100042,100,100471,100,100014,100,100524,100,100010,100,100542,100,99962,100,100574,100,99956,100
2019-06-28 09:50:40.000000000,100214,408,100198,408,100365,100,100156,100,100392,100,100148,300,100453,100,100140,100,100456,100,100055,100,100464,100,100042,100,100471,100,100014,100,100524,100,100010,100,100542,100,99962,100,100574,100,99956,100
2019-06-28 09:50:42.926093748,100214,408,100198,408,100365,100,100156,100,100392,100,100148,300,100453,100,100140,100,100456,100,100055,100,100458,100,100042,100,100464,100,100014,100,100471,100,100010,100,100524,100,99962,100,100542,100,99956,100
2019-06-28 09:50:50.000000000,100214,408,100198,408,100365,100,100156,100,100392,100,100148,300,100453,100,100140,100,100456,100,100055,100,100458,100,100042,100,100464,100,100014,100,100471,100,100010,100,100524,100,99962,100,100542,100,99956,100
2019-06-28 09:51:00.000000000,100214,162,100198,162,100365,162,100156,162,100392,162,100148,362,100453,162,100140,162,100456,162,100055,162,100458,100,100042,100,100464,100,100014,100,100471,100,100010,100,100524,100,99962,100,100542,100,99956,100
2019-06-28 09:51:08.202645527,100214,162,100198,62,100365,162,100156,162,100392,162,100148,362,100453,162,100140,162,100456,162,100055,162,100458,100,100042,100,100464,100,100014,100,100471,100,100010,100,100524,100,99962,100,100542,100,99956,100
2019-06-28 09:51:10.000000000,100214,177,100156,177,100365,177,100148,377,100392,177,100140,177,100453,177,100055,177,100456,100,100042,100,100458,100,100014,100,100464,100,100010,100,100471,100,99962,100,100524,100,99956,100,100542,100,99949,100
2019-06-28 09:51:20.000000000,100214,408,100156,408,100365,100,100148,300,100392,100,100140,100,100453,100,100055,100,100456,100,100042,100,100458,100,100014,100,100464,100,100010,100,100471,100,99962,100,100524,100,99956,100,100542,100,99949,100
2019-06-28 09:51:30.000000000,100214,408,100156,408,100365,100,100148,300,100392,100,100140,100,100453,100,100055,100,100456,100,100042,100,100458,100,100014,100,100464,100,100010,100,100471,100,99962,100,100524,100,99956,100,100542,100,99949,100
2019-06-28 09:51:32.486273173,100214,408,100156,308,100365,100,100148,300,100392,100,100140,100,100453,100,100055,100,100456,100,100042,100,100458,100,100014,100,100464,100,100010,100,100471,100,99962,100,100524,100,99956,100,100542,100,99949,100
2019-06-28 09:51:39.885573569,100214,408,100156,208,100365,100,100148,300,100392,100,100140,100,100453,100,100055,100,100456,100,100042,100,100458,100,100014,100,100464,100,100010,100,100471,100,99962,100,100524,100,99949,100,100542,100,99897,100
2019-06-28 09:51:40.000000000,100214,205,100148,405,100365,202,100140,202,100392,202,100055,202,100453,100,100042,100,100456,100,100014,100,100458,100,100010,100,100464,100,99962,100,100471,100,99949,100,100524,100,99897,100,100542,100,99891,100
2019-06-28 09:51:50.000000000,100214,177,100148,377,100365,177,100140,177,100392,177,100055,177,100453,177,100042,177,100456,100,100014,100,100458,100,100010,100,100464,100,99962,100,100471,100,99949,100,100524,100,99897,100,100542,100,99891,100
2019-06-28 09:51:51.929244632,100214,177,100148,377,100365,177,100140,177,100392,177,100055,177,100453,177,100042,177,100456,100,100014,100,100458,100,100010,100,100464,100,99962,100,100471,100,99949,100,100524,100,99897,100,100542,100,99891,100
2019-06-28 09:52:00.000000000,100214,205,100148,405,100365,202,100140,202,100392,202,100055,202,100453,100,100042,100,100456,100,100014,100,100458,100,100010,100,100464,100,99962,100,100471,100,99949,100,100524,100,99897,100,100542,100,99891,100
2019-06-28 09:52:10.000000000,100214,205,100148,405,100365,202,100140,202,100392,202,100055,202,100453,100,100042,100,100456,100,100014,100,100458,100,100010,100,100464,100,99962,100,100471,100,99949,100,100524,100,99897,100,100542,100,99891,100
2019-06-28 09:52:20.000000000,100214,162,100148,362,100365,162,100140,162,100392,162,100055,162,100453,162,100042,162,100456,162,100014,162,100458,100,100010,100,100464,100,99962,100,100471,100,99949,100,100524,100,99897,100,100542,100,99891,100
2019-06-28 09:52:30.000000000,100214,408,100148,608,100365,100,100140,100,100392,100,100055,100,100453,100,100042,100,100456,100,100014,100,100458,100,100010,100,100464,100,99962,100,100471,100,99949,100,100524,100,99897,100,100542,100,99891,100
2019-06-28 09:52:40.000000000,100214,254,100148,454,100365,254,100140,254,100392,100,100055,100,100453,100,100042,100,100456,100,100014,100,100458,100,100010,100,100464,100,99962,100,100471,100,99949,100,100524,100,99897,100,100542,100,99891,100
2019-06-28 09:52:40.022204547,100214,254,100148,454,100365,254,100140,254,100392,100,100055,100,100453,100,100042,100,100456,100,100014,100,100458,100,100010,100,100464,100,99962,100,100471,100,99949,100,100542,100,99897,100,100574,100,99891,100
2019-06-28 09:52:42.527546509,100214,254,100148,354,100365,254,100140,254,100392,100,100055,100,100453,100,100042,100,100456,100,100014,100,100458,100,100010,100,100464,100,99962,100,100471,100,99949,100,100542,100,99897,100,100574,100,99891,100
2019-06-28 09:52:50.000000000,100214,254,100148,354,100365,254,100140,254,100392,100,100055,100,100453,100,100042,100,100456,100,100014,100,100458,100,100010,100,100464,100,99962,100,100471,100,99949,100,100542,100,99897,100,100574,100,99891,100
2019-06-28 09:52:54.371551313,100214,254,100148,354,100365,254,100140,254,100392,100,100055,100,100453,100,100042,100,100456,100,100014,100,100458,100,100010,100,100464,100,99962,100,100471,100,99949,100,100542,100,99897,100,100574,100,99891,100
2019-06-28 09:53:00.000000000,100214,254,100148,354,100365,254,100140,254,100392,100,100055,100,100453,100,100042,100,100456,100,100014,100,100458,100,100010,100,100464,100,99962,100,100471,100,99949,100,100542,100,99897,100,100574,100,99891,100
2019-06-28 09:53:06.155450383,100156,100,100148,354,100214,254,100140,254,100365,254,100055,100,100392,100,100042,100,100453,100,100014,100,100456,100,100010,100,100458,100,99962,100,100464,100,99949,100,100471,100,99897,100,100542,100,99891,100
2019-06-28 09:53:10.000000000,100156,254,100148,354,100214,254,100140,254,100365,100,100055,100,100392,100,100042,100,100453,100,100014,100,100456,100,100010,100,100458,100,99962,100,100464,100,99949,100,100471,100,99897,100,100542,100,99891,100
2019-06-28 09:53:20.000000000,100156,254,100148,354,100214,254,100140,254,100365,100,100055,100,100392,100,100042,100,100453,100,100014,100,100456,100,100010,100,100458,100,99962,100,100464,100,99949,100,100471,100,99897,100,100542,100,99891,100
2019-06-28 09:53:30.000000000,100156,205,100148,305,100214,202,100140,202,100365,202,100055,202,100392,100,100042,100,100453,100,100014,100,100456,100,100010,100,100458,100,99962,100,100464,100,99949,100,100471,100,99897,100,100542,100,99891,100
2019-06-28 09:53:32.124484623,100156,305,100148,305,100214,202,100140,202,100365,202,100055,202,100392,100,100042,100,100453,100,100014,100,100456,100,100010,100,100458,100,99962,100,100464,100,99949,100,100471,100,99897,100,100542,100,99891,100
2019-06-28 09:53:40.000000000,100156,508,100148,508,100214,100,100140,100,100365,100,100055,100,100392,100,100042,100,100453,100,100014,100,100456,100,100010,100,100458,100,99962,100,100464,100,99949,100,100471,100,99897,100,100542,100,99891,100
2019-06-28 09:53:50.000000000,100156,508,100148,508,100214,100,100140,100,100365,100,100055,100,100392,100,100042,100,100453,100,100014,100,100456,100,100010,100,100458,100,99962,100,100464,100,99949,100,100471,100,99897,100,100542,100,99891,100
2019-06-28 09:54:00.000000000,100156,305,100148,305,100214,202,100140,202,100365,202,100055,202,100392,100,100042,100,100453,100,100014,100,100456,100,100010,100,100458,100,99962,100,100464,100,99949,100,100471,100,99897,100,100542,100,99891,100
2019-06-28 09:54:03.529877847,100156,305,100148,205,100214,202,100140,202,100365,202,100055,202,100392,100,100042,100,100453,100,100014,100,100456,100,100010,100,100458,100,99962,100,100464,100,99949,100,100471,100,99897,100,100542,100,99891,100
2019-06-28 09:54:10.000000000,100156,305,100148,205,100214,202,100140,202,100365,202,100055,202,100392,100,100042,100,100453,100,100014,100,100456,100,100010,100,100458,100,99962,100,100464,100,99949,100,100471,100,99897,100,100542,100,99891,100
2019-06-28 09:54:14.709545345,100156,305,100148,205,100214,202,100140,202,100365,202,100055,202,100392,100,100042,100,100453,100,100014,100,100456,100,100010,100,100458,100,99962,100,100464,100,99949,100,100471,100,99897,100,100542,100,99891,100
2019-06-28 09:54:20.000000000,100156,354,100148,254,100214,254,100140,254,100365,100,100055,100,100392,100,100042,100,100453,100,100014,100,100456,100,100010,100,100458,100,99962,100,100464,100,99949,100,100471,100,99897,100,100542,100,99891,100
2019-06-28 09:54:30.000000000,100156,262,100148,162,100214,162,100140,162,100365,162,100055,162,100392,162,100042,162,100453,162,100014,162,100456,100,100010,100,100458,100,99962,100,100464,100,99949,100,100471,100,99897,100,100542,100,99891,100
2019-06-28 09:54:39.529695790,100156,162,100148,162,100214,162,100140,162,100365,162,100055,162,100392,162,100042,162,100453,162,100014,162,100456,100,100010,100,100458,100,99962,100,100464,100,99949,100,100471,100,99897,100,100542,100,99891,100
2019-06-28 09:54:40.000000000,100156,254,100148,254,100214,254,100140,254,100365,100,100055,100,100392,100,100042,100,100453,100,100014,100,100456,100,100010,100,100458,100,99962,100,100464,100,99949,100,100471,100,99897,100,100542,100,99891,100
2019-06-28 09:54:49.623358689,100156,254,100148,254,100214,254,100140,254,100365,100,100055,100,100392,100,100042,100,100453,100,100014,100,100456,100,100010,100,100458,100,99962,100,100464,100,99949,100,100471,100,99897,100,100542,100,99891,100
2019-06-28 09:54:50.000000000,100156,254,100148,254,100214,254,100140,254,100365,100,100055,100,100392,100,100042,100,100453,100,100014,100,100456,100,100010,100,100458,100,99962,100,100464,100,99949,100,100471,100,99897,100,100542,100,99891,100
2019-06-28 09:55:00.000000000,100156,254,100148,254,100214,254,100140,254,100365,100,100055,100,100392,100,100042,100,100453,100,100014,100,100456,100,100010,100,100458,100,99962,100,100464,100,99949,100,100471,100,99897,100,100542,100,99891,100
2019-06-28 09:55:03.098498570,100156,254,100148,154,100214,154,100140,254,100365,100,100055,100,100392,100,100042,100,100453,100,100014,100,100456,100,100010,100,100458,100,99962,100,100464,100,99949,100,100471,100,99897,100,100542,100,99891,100
2019-06-28 09:55:03.627890428,100156,254,100148,154,100214,154,100140,254,100365,100,100055,100,100392,100,100042,100,100453,100,100014,100,100456,100,100010,100,100458,100,99962,100,100464,100,99949,100,100471,100,99897,100,100542,100,99891,100
2019-06-28 09:55:10.000000000,100156,254,100140,254,100365,254,100055,254,100392,100,100042,100,100453,100,100014,100,100456,100,100010,100,100458,100,99962,100,100464,100,99949,100,100471,100,99897,100,100542,100,99891,100,100626,100,99836,100
2019-06-28 09:55:12.120669405,100156,254,100140,254,100365,254,100055,154,100392,100,100042,100,100453,100,100014,100,100456,100,100010,100,100458,100,99962,100,100464,100,99949,100,100471,100,99897,100,100542,100,99891,100,100626,100,99836,100
2019-06-28 09:55:20.000000000,100156,408,100140,408,100365,100,100042,100,100392,100,100014,100,100453,100,100010,100,100456,100,99962,100,100458,100,99949,100,100464,100,99897,100,100471,100,99891,100,100542,100,99836,100,100626,100,99791,100
2019-06-28 09:55:21.165533956,100148,100,100140,408,100156,408,100042,100,100365,100,100014,100,100392,100,100010,100,100453,100,99962,100,100456,100,99949,100,100458,100,99897,100,100464,100,99891,100,100471,100,99836,100,100542,100,99791,100
2019-06-28 09:55:30.000000000,100148,177,100140,177,100156,177,100042,177,100365,177,100014,177,100392,177,100010,177,100453,100,99962,100,100456,100,99949,100,100458,100,99897,100,100464,100,99891,100,100471,100,99836,100,100542,100,99791,100
2019-06-28 09:55:34.752558270,100148,177,100140,177,100156,177,100042,177,100365,177,100014,177,100392,177,100010,177,100453,100,99962,100,100456,100,99949,100,100458,100,99897,100,100464,100,99891,100,100471,100,99836,100,100542,100,99791,100
2019-06-28 09:55:40.000000000,100148,408,100140,408,100156,100,100042,100,100365,100,100014,100,100392,100,100010,100,100453,100,99962,100,100456,100,99949,100,100458,100,99897,100,100464,100,99891,100,100471,100,99836,100,100542,100,99791,100
2019-06-28 09:55:50.000000000,100148,254,100140,254,100156,254,100042,254,100365,100,100014,100,100392,100,100010,100,100453,100,99962,100,100456,100,99949,100,100458,100,99897,100,100464,100,99891,100,100471,100,99836,100,100542,100,99791,100
2019-06-28 09:55:58.321050991,100148,354,100140,254,100156,254,100042,254,100365,100,100014,100,100392,100,100010,100,100453,100,99962,100,100456,100,99949,100,100458,100,99897,100,100464,100,99891,100,100471,100,99836,100,100542,100,99791,100
2019-06-28 09:56:00.000000000,100148,262,100140,162,100156,162,100042,162,100365,162,100014,162,100392,162,100010,162,100453,162,99962,162,100456,100,99949,100,100458,100,99897,100,100464,100,99891,100,100471,100,99836,100,100542,100,99791,100
2019-06-28 09:56:10.000000000,100148,508,100140,408,100156,100,100042,100,100365,100,100014,100,100392,100,100010,100,100453,100,99962,100,100456,100,99949,100,100458,100,99897,100,100464,100,99891,100,100471,100,99836,100,100542,100,99791,100
2019-06-28 09:56:20.000000000,100148,508,100140,408,100156,100,100042,100,100365,100,100014,100,100392,100,100010,100,100453,100,99962,100,100456,100,99949,100,100458,100,99897,100,100464,100,99891,100,100471,100,99836,100,100542,100,99791,100
2019-06-28 09:56:29.226180993,100148,608,100140,408,100156,100,100042,100,100365,100,100014,100,100392,100,100010,100,100453,100,99962,100,100456,100,99949,100,100458,100,99897,100,100464,100,99891,100,100471,100,99836,100,100542,100,99791,100
2019-06-28 09:56:30.000000000,100148,362,100140,162,100156,162,100042,162,100365,162,100014,162,100392,162,100010,162,100453,162,99962,162,100456,100,99949,100,100458,100,99897,100,100464,100,99891,100,100471,100,99836,100,100542,100,99791,100
2019-06-28 09:56:35.046922429,100148,362,100140,162,100156,162,100042,162,100365,162,100014,162,100392,162,100010,162,100453,162,99962,162,100456,100,99949,100,100458,100,99897,100,100464,100,99891,100,100471,100,99836,100,100626,100,99791,100
2019-06-28 09:56:40.000000000,100148,405,100140,205,100156,202,100042,202,100365,202,100014,202,100392,100,100010,100,100453,100,99962,100,100456,100,99949,100,100458,100,99897,100,100464,100,99891,100,100471,100,99836,100,100626,100,99791,100
2019-06-28 09:56:41.382608576,100148,405,100140,205,100156,202,100042,202,100365,202,100014,202,100392,100,100010,100,100453,100,99962,100,100456,100,99949,100,100458,100,99897,100,100464,100,99891,100,100471,100,99836,100,100658,100,99791,100
2019-06-28 09:56:50.000000000,100148,362,100140,162,100156,162,100042,162,100365,162,100014,162,100392,162,100010,162,100453,162,99962,162,100456,100,99949,100,100458,100,99897,100,100464,100,99891,100,100471,100,99836,100,100658,100,99791,100
2019-06-28 09:56:55.630586246,100148,362,100140,62,100156,162,100042,162,100365,162,100014,162,100392,162,100010,162,100453,162,99962,162,100456,100,99949,100,100458,100,99897,100,100471,100,99891,100,100658,100,99836,100,100703,100,99791,100
2019-06-28 09:57:00.000000000,100148,405,100042,205,100156,202,100014,202,100365,202,100010,202,100392,100,99962,100,100453,100,99949,100,100456,100,99897,100,100458,100,99891,100,100471,100,99836,100,100658,100,99791,100,100703,100,99760,100
2019-06-28 09:57:04.634154761,100148,405,100042,105,100156,202,100014,202,100365,202,100010,202,100392,100,99962,100,100453,100,99949,100,100456,100,99897,100,100458,100,99891,100,100471,100,99836,100,100658,100,99760,100,100703,100,99692,100
2019-06-28 09:57:10.000000000,100148,454,100014,254,100156,254,100010,254,100365,100,99962,100,100392,100,99949,100,100453,100,99897,100,100456,100,99891,100,100458,100,99836,100,100471,100,99760,100,100658,100,99692,100,100703,100,99588,100
2019-06-28 09:57:20.000000000,100148,362,100014,162,100156,162,100010,162,100365,162,99962,162,100392,162,99949,162,100453,162,99897,162,100456,100,99891,100,100458,100,99836,100,100471,100,99760,100,100658,100,99692,100,100703,100,99588,100
2019-06-28 09:57:24.709004720,100148,362,100014,162,100156,162,100010,162,100365,162,99962,162,100392,162,99949,162,100453,162,99897,162,100456,100,99891,100,100458,100,99836,100,100471,100,99760,100,100658,100,99692,100,100703,100,99635,100
2019-06-28 09:57:30.000000000,100148,405,100014,205,100156,202,100010,202,100365,202,99962,202,100392,100,99949,100,100453,100,99897,100,100456,100,99891,100,100458,100,99836,100,100471,100,99760,100,100658,100,99692,100,100703,100,99635,100
2019-06-28 09:57:40.000000000,100148,405,100014,205,100156,202,100010,202,100365,202,99962,202,100392,100,99949,100,100453,100,99897,100,100456,100,99891,100,100458,100,99836,100,100471,100,99760,100,100658,100,99692,100,100703,100,99635,100
2019-06-28 09:57:50.000000000,100148,608,100014,408,100156,100,100010,100,100365,100,99962,100,100392,100,99949,100,100453,100,99897,100,100456,100,99891,100,100458,100,99836,100,100471,100,99760,100,100658,100,99692,100,100703,100,99635,100
2019-06-28 09:58:00.000000000,100148,362,100014,162,100156,162,100010,162,100365,162,99962,162,100392,162,99949,162,100453,162,99897,162,100456,100,99891,100,100458,100,99836,100,100471,100,99760,100,100658,100,99692,100,100703,100,99635,100
2019-06-28 09:58:08.427818492,100148,362,100014,162,100156,162,100010,162,100365,162,99998,100,100392,162,99962,162,100453,162,99949,162,100456,100,99897,162,100458,100,99891,100,100471,100,99836,100,100658,100,99760,100,100703,100,99692,100
2019-06-28 09:58:10.000000000,100148,377,100014,177,100156,177,100010,177,100365,177,99998,177,100392,177,99962,177,100453,100,99949,100,100456,100,99897,100,100458,100,99891,100,100471,100,99836,100,100658,100,99760,100,100703,100,99692,100
2019-06-28 09:58:20.000000000,100148,362,100014,162,100156,162,100010,162,100365,162,99998,162,100392,162,99962,162,100453,162,99949,162,100456,100,99897,100,100458,100,99891,100,100471,100,99836,100,100658,100,99760,100,100703,100,99692,100
2019-06-28 09:58:30.000000000,100148,608,100014,408,100156,100,100010,100,100365,100,99998,100,100392,100,99962,100,100453,100,99949,100,100456,100,99897,100,100458,100,99891,100,100471,100,99836,100,100658,100,99760,100,100703,100,99692,100
2019-06-28 09:58:30.245670904,100148,608,100014,408,100365,100,100010,100,100392,100,99998,100,100453,100,99962,100,100456,100,99949,100,100458,100,99897,100,100471,100,99891,100,100658,100,99836,100,100703,100,99760,100,100741,100,99692,100
2019-06-28 09:58:40.000000000,100148,377,100014,177,100365,177,100010,177,100392,177,99998,177,100453,177,99962,177,100456,100,99949,100,100458,100,99897,100,100471,100,99891,100,100658,100,99836,100,100703,100,99760,100,100741,100,99692,100
2019-06-28 09:58:41.044006103,100042,100,100014,177,100148,377,100010,177,100365,177,99998,177,100392,177,99962,177,100453,177,99949,100,100456,100,99897,100,100458,100,99891,100,100471,100,99836,100,100658,100,99760,100,100703,100,99692,100
2019-06-28 09:58:48.306422089,100042,100,100014,77,100148,377,100010,177,100365,177,99998,177,100392,177,99962,177,100453,177,99949,100,100456,100,99897,100,100458,100,99891,100,100471,100,99836,100,100658,100,99760,100,100703,100,99692,100
2019-06-28 09:58:50.000000000,100042,205,100010,205,100148,402,99998,202,100365,202,99962,202,100392,100,99949,100,100453,100,99897,100,100456,100,99891,100,100458,100,99836,100,100471,100,99760,100,100658,100,99692,100,100703,100,99635,100
2019-06-28 09:59:00.000000000,100042,162,100010,162,100148,362,99998,162,100365,162,99962,162,100392,162,99949,162,100453,162,99897,162,100456,100,99891,100,100458,100,99836,100,100471,100,99760,100,100658,100,99692,100,100703,100,99635,100
2019-06-28 09:59:10.000000000,100042,162,100010,162,100148,362,99998,162,100365,162,99962,162,100392,162,99949,162,100453,162,99897,162,100456,100,99891,100,100458,100,99836,100,100471,100,99760,100,100658,100,99692,100,100703,100,99635,100
2019-06-28 09:59:20.000000000,100042,205,100010,205,100148,402,99998,202,100365,202,99962,202,100392,100,99949,100,100453,100,99897,100,100456,100,99891,100,100458,100,99836,100,100471,100,99760,100,100658,100,99692,100,100703,100,99635,100
2019-06-28 09:59:30.000000000,100042,177,100010,177,100148,377,99998,177,100365,177,99962,177,100392,177,99949,177,100453,100,99897,100,100456,100,99891,100,100458,100,99836,100,100471,100,99760,100,100658,100,99692,100,100703,100,99635,100
2019-06-28 09:59:40.000000000,100042,254,100010,254,100148,454,99998,254,100365,100,99962,100,100392,100,99949,100,100453,100,99897,100,100456,100,99891,100,100458,100,99836,100,100471,100,99760,100,100658,100,99692,100,100703,100,99635,100
2019-06-28 09:59:50.000000000,100042,408,100010,408,100148,300,99998,100,100365,100,99962,100,100392,100,99949,100,100453,100,99897,100,100456,100,99891,100,100458,100,99836,100,100471,100,99760,100,100658,100,99692,100,100703,100,99635,100
2019-06-28 09:59:51.117442284,100042,408,100010,408,100148,200,99998,100,100365,100,99962,100,100392,100,99949,100,100453,100,99897,100,100456,100,99891,100,100458,100,99836,100,100471,100,99760,100,100658,100,99692,100,100703,100,99635,100
2019-06-28 10:00:00.000000000,100042,408,100010,408,100148,200,99998,100,100365,100,99962,100,100392,100,99949,100,100453,100,99897,100,100456,100,99891,100,100458,100,99836,100,100471,100,99760,100,100658,100,99692,100,100703,100,99635,100
2019-06-28 10:00:10.000000000,100042,254,100010,254,100148,354,99998,254,100365,100,99962,100,100392,100,99949,100,100453,100,99897,100,100456,100,99891,100,100458,100,99836,100,100471,100,99760,100,100658,100,99692,100,100703,100,99635,100
2019-06-28 10:00:20.000000000,100042,205,100010,205,100148,302,99998,202,100365,202,99962,202,100392,100,99949,100,100453,100,99897,100,100456,100,99891,100,100458,100,99836,100,100471,100,99760,100,100658,100,99692,100,100703,100,99635,100
2019-06-28 10:00:30.000000000,100042,254,100010,254,100148,354,99998,254,100365,100,99962,100,100392,100,99949,100,100453,100,99897,100,100456,100,99891,100,100458,100,99836,100,100471,100,99760,100,100658,100,99692,100,100703,100,99635,100
2019-06-28 10:00:40.000000000,100042,254,100010,254,100148,354,99998,254,100365,100,99962,100,100392,100,99949,100,100453,100,99897,100,100456,100,99891,100,100458,100,99836,100,100471,100,99760,100,100658,100,99692,100,100703,100,99635,100
2019-06-28 10:00:40.051291476,100042,254,100010,154,100148,354,99998,254,100365,100,99962,100,100392,100,99949,100,100453,100,99897,100,100456,100,99891,100,100458,100,99836,100,100471,100,99760,100,100658,100,99692,100,100703,100,99635,100
2019-06-28 10:00:50.000000000,100042,254,99998,254,100148,354,99962,254,100365,100,99949,100,100392,100,99897,100,100453,100,99891,100,100456,100,99836,100,100458,100,99760,100,100471,100,99692,100,100658,100,99635,100,100703,100,99588,100
2019-06-28 10:01:00.000000000,100042,205,99998,205,100148,302,99962,202,100365,202,99949,202,100392,100,99897,100,100453,100,99891,100,100456,100,99836,100,100458,100,99760,100,100471,100,99692,100,100658,100,99635,100,100703,100,99588,100
2019-06-28 10:01:10.000000000,100042,205,99998,205,100148,302,99962,202,100365,202,99949,202,100392,100,99897,100,100453,100,99891,100,100456,100,99836,100,100458,100,99760,100,100471,100,99692,100,100658,100,99635,100,100703,100,99588,100
2019-06-28 10:01:18.041912172,100042,205,99998,205,100148,302,99962,202,100365,202,99949,102,100392,100,99897,100,100453,100,99891,100,100456,100,99836,100,100458,100,99760,100,100471,100,99692,100,100658,100,99635,100,100703,100,99588,100
2019-06-28 10:01:20.000000000,100042,205,99998,205,100148,302,99962,202,100365,202,99897,202,100392,100,99891,100,100453,100,99836,100,100456,100,99760,100,100458,100,99692,100,100471,100,99635,100,100658,100,99588,100,100703,100,99396,100
2019-06-28 10:01:21.002374130,100014,100,99998,205,100042,205,99962,202,100148,302,99897,202,100365,202,99891,100,100392,100,99836,100,100453,100,99760,100,100456,100,99692,100,100458,100,99635,100,100471,100,99588,100,100658,100,99396,100
2019-06-28 10:01:30.000000000,100014,254,99998,254,100042,254,99962,254,100148,200,99897,100,100365,100,99891,100,100392,100,99836,100,100453,100,99760,100,100456,100,99692,100,100458,100,99635,100,100471,100,99588,100,100658,100,99396,100
2019-06-28 10:01:30.127882603,100014,354,99998,254,100042,254,99962,254,100148,200,99897,100,100365,100,99891,100,100392,100,99836,100,100453,100,99760,100,100456,100,99692,100,100458,100,99635,100,100471,100,99588,100,100658,100,99396,100
2019-06-28 10:01:40.000000000,100014,305,99998,205,100042,202,99962,202,100148,302,99897,202,100365,100,99891,100,100392,100,99836,100,100453,100,99760,100,100456,100,99692,100,100458,100,99635,100,100471,100,99588,100,100658,100,99396,100
2019-06-28 10:01:43.147172916,100014,305,99998,105,100042,202,99962,202,100148,302,99897,202,100365,100,99891,100,100392,100,99836,100,100453,100,99760,100,100456,100,99692,100,100458,100,99635,100,100471,100,99588,100,100658,100,99396,100
2019-06-28 10:01:46.675298322,100010,100,99998,105,100014,305,99962,202,100042,202,99897,202,100148,302,99891,100,100365,100,99836,100,100392,100,99760,100,100453,100,99692,100,100456,100,99635,100,100458,100,99588,100,100471,100,99396,100
2019-06-28 10:01:50.000000000,100010,177,99962,177,100014,277,99897,177,100042,177,99891,177,100148,277,99836,177,100365,100,99760,100,100392,100,99692,100,100453,100,99635,100,100456,100,99588,100,100458,100,99396,100,100471,100,99174,100
2019-06-28 10:02:00.000000000,100010,205,99962,205,100014,302,99897,202,100042,202,99891,202,100148,200,99836,100,100365,100,99760,100,100392,100,99692,100,100453,100,99635,100,100456,100,99588,100,100458,100,99396,100,100471,100,99174,100
2019-06-28 10:02:00.285494237,100010,305,99962,205,100014,302,99897,202,100042,202,99891,202,100148,200,99836,100,100365,100,99760,100,100392,100,99692,100,100453,100,99635,100,100456,100,99588,100,100458,100,99396,100,100471,100,99174,100
2019-06-28 10:02:10.000000000,100010,277,99962,177,100014,277,99897,177,100042,177,99891,177,100148,277,99836,177,100365,100,99760,100,100392,100,99692,100,100453,100,99635,100,100456,100,99588,100,100458,100,99396,100,100471,100,99174,100
2019-06-28 10:02:12.696939222,100010,277,99962,177,100014,277,99897,177,100042,177,99891,177,100148,277,99836,77,100365,100,99760,100,100392,100,99692,100,100453,100,99635,100,100456,100,99629,100,100458,100,99588,100,100471,100,99396,100
2019-06-28 10:02:20.000000000,100010,508,99962,408,100014,200,99897,100,100042,100,99891,100,100148,200,99760,100,100365,100,99692,100,100392,100,99635,100,100453,100,99629,100,100456,100,99588,100,100458,100,99396,100,100471,100,99174,100
2019-06-28 10:02:30.000000000,100010,262,99962,162,100014,262,99897,162,100042,162,99891,162,100148,262,99760,162,100365,162,99692,162,100392,100,99635,100,100453,100,99629,100,100456,100,99588,100,100458,100,99396,100,100471,100,99174,100
2019-06-28 10:02:34.513336924,100010,362,99962,162,100014,262,99897,162,100042,162,99891,162,100148,262,99760,162,100365,162,99692,162,100392,100,99635,100,100453,100,99629,100,100456,100,99588,100,100458,100,99396,100,100471,100,99174,100
2019-06-28 10:02:40.000000000,100010,405,99962,205,100014,302,99897,202,100042,202,99891,202,100148,200,99760,100,100365,100,99692,100,100392,100,99635,100,100453,100,99629,100,100456,100,99588,100,100458,100,99396,100,100471,100,99174,100
2019-06-28 10:02:50.000000000,100010,608,99962,408,100014,200,99897,100,100042,100,99891,100,100148,200,99760,100,100365,100,99692,100,100392,100,99635,100,100453,100,99629,100,100456,100,99588,100,100458,100,99396,100,100471,100,99174,100
2019-06-28 10:02:51.481207239,100010,608,99962,308,100014,200,99897,100,100042,100,99891,100,100148,200,99760,100,100365,100,99692,100,100392,100,99635,100,100453,100,99629,100,100456,100,99588,100,100458,100,99396,100,100471,100,99174,100
2019-06-28 10:03:00.000000000,100010,362,99897,162,100014,262,99891,162,100042,162,99760,162,100148,262,99692,162,100365,162,99635,162,100392,100,99629,100,100453,100,99588,100,100456,100,99396,100,100458,100,99174,100,100471,100,99148,100
2019-06-28 10:03:10.000000000,100010,454,99897,254,100014,354,99891,254,100042,100,99760,100,100148,200,99692,100,100365,100,99635,100,100392,100,99629,100,100453,100,99588,100,100456,100,99396,100,100458,100,99174,100,100471,100,99148,100
2019-06-28 10:03:11.665543737,100010,454,99897,254,100014,354,99891,254,100042,100,99760,100,100148,200,99702,100,100365,100,99692,100,100392,100,99635,100,100453,100,99629,100,100456,100,99588,100,100458,100,99396,100,100471,100,99174,100
2019-06-28 10:03:20.000000000,100010,362,99897,162,100014,262,99891,162,100042,162,99760,162,100148,262,99702,162,100365,162,99692,162,100392,100,99635,100,100453,100,99629,100,100456,100,99588,100,100458,100,99396,100,100471,100,99174,100
2019-06-28 10:03:30.000000000,100010,405,99897,205,100014,302,99891,202,100042,202,99760,202,100148,200,99702,100,100365,100,99692,100,100392,100,99635,100,100453,100,99629,100,100456,100,99588,100,100458,100,99396,100,100471,100,99174,100
2019-06-28 10:03:40.000000000,100010,454,99897,254,100014,354,99891,254,100042,100,99760,100,100148,200,99702,100,100365,100,99692,100,100392,100,99635,100,100453,100,99629,100,100456,100,99588,100,100458,100,99396,100,100471,100,99174,100
2019-06-28 10:03:47.483242627,100010,454,99897,154,100014,354,99891,254,100042,100,99760,100,100148,200,99702,100,100365,100,99692,100,100392,100,99629,100,100453,100,99588,100,100456,100,99396,100,100458,100,99174,100,100471,100,99148,100
2019-06-28 10:03:50.000000000,100010,405,99891,205,100014,302,99760,202,100042,202,99702,202,100148,200,99692,100,100365,100,99629,100,100392,100,99588,100,100453,100,99396,100,100456,100,99174,100,100458,100,99148,100,100471,100,99110,100
2019-06-28 10:04:00.000000000,100010,454,99891,254,100014,354,99760,254,100042,100,99702,100,100148,200,99692,100,100365,100,99629,100,100392,100,99588,100,100453,100,99396,100,100456,100,99174,100,100458,100,99148,100,100471,100,99110,100
2019-06-28 10:04:10.000000000,100010,405,99891,205,100014,302,99760,202,100042,202,99702,202,100148,200,99692,100,100365,100,99629,100,100392,100,99588,100,100453,100,99396,100,100456,100,99174,100,100458,100,99148,100,100471,100,99110,100
2019-06-28 10:04:20.000000000,100010,377,99891,177,100014,277,99760,177,100042,177,99702,177,100148,277,99692,177,100365,100,99629,100,100392,100,99588,100,100453,100,99396,100,100456,100,99174,100,100458,100,99148,100,100471,100,99110,100
2019-06-28 10:04:30.000000000,100010,405,99891,205,100014,302,99760,202,100042,202,99702,202,100148,200,99692,100,100365,100,99629,100,100392,100,99588,100,100453,100,99396,100,100456,100,99174,100,100458,100,99148,100,100471,100,99110,100
2019-06-28 10:04:40.000000000,100010,405,99891,205,100014,302,99760,202,100042,202,99702,202,100148,200,99692,100,100365,100,99629,100,100392,100,99588,100,100453,100,99396,100,100456,100,99174,100,100458,100,99148,100,100471,100,99110,100
2019-06-28 10:04:50.000000000,100010,377,99891,177,100014,277,99760,177,100042,177,99702,177,100148,277,99692,177,100365,100,99629,100,100392,100,99588,100,100453,100,99396,100,100456,100,99174,100,100458,100,99148,100,100471,100,99110,100
2019-06-28 10:04:50.111754190,100010,377,99891,77,100014,277,99760,177,100042,177,99702,177,100148,277,99692,177,100365,100,99629,100,100392,100,99588,100,100453,100,99396,100,100456,100,99174,100,100458,100,99148,100,100471,100,99110,100
2019-06-28 10:05:00.000000000,100010,362,99760,162,100014,262,99702,162,100042,162,99692,162,100148,262,99629,162,100365,162,99588,162,100392,100,99396,100,100453,100,99174,100,100456,100,99148,100,100458,100,99110,100,100471,100,98611,100
2019-06-28 10:05:08.871451340,100010,362,99760,162,100014,262,99702,162,100042,162,99692,162,100148,262,99629,162,100365,162,99588,162,100392,100,99396,100,100453,100,99174,100,100456,100,99148,100,100458,100,99110,100,100471,100,98944,100
2019-06-28 10:05:10.000000000,100010,377,99760,177,100014,277,99702,177,100042,177,99692,177,100148,277,99629,177,100365,100,99588,100,100392,100,99396,100,100453,100,99174,100,100456,100,99148,100,100458,100,99110,100,100471,100,98944,100
2019-06-28 10:05:20.000000000,100010,608,99760,408,100014,200,99702,100,100042,100,99692,100,100148,200,99629,100,100365,100,99588,100,100392,100,99396,100,100453,100,99174,100,100456,100,99148,100,100458,100,99110,100,100471,100,98944,100
2019-06-28 10:05:30.000000000,100010,608,99760,408,100014,200,99702,100,100042,100,99692,100,100148,200,99629,100,100365,100,99588,100,100392,100,99396,100,100453,100,99174,100,100456,100,99148,100,100458,100,99110,100,100471,100,98944,100
2019-06-28 10:05:40.000000000,100010,362,99760,162,100014,262,99702,162,100042,162,99692,162,100148,262,99629,162,100365,162,99588,162,100392,100,99396,100,100453,100,99174,100,100456,100,99148,100,100458,100,99110,100,100471,100,98944,100
2019-06-28 10:05:50.000000000,100010,362,99760,162,100014,262,99702,162,100042,162,99692,162,100148,262,99629,162,100365,162,99588,162,100392,100,99396,100,100453,100,99174,100,100456,100,99148,100,100458,100,99110,100,100471,100,98944,100
2019-06-28 10:06:00.000000000,100010,608,99760,408,100014,200,99702,100,100042,100,99692,100,100148,200,99629,100,100365,100,99588,100,100392,100,99396,100,100453,100,99174,100,100456,100,99148,100,100458,100,99110,100,100471,100,98944,100
2019-06-28 10:06:10.000000000,100010,362,99760,162,100014,262,99702,162,100042,162,99692,162,100148,262,99629,162,100365,162,99588,162,100392,100,99396,100,100453,100,99174,100,100456,100,99148,100,100458,100,99110,100,100471,100,98944,100
2019-06-28 10:06:20.000000000,100010,454,99760,254,100014,354,99702,254,100042,100,99692,100,100148,200,99629,100,100365,100,99588,100,100392,100,99396,100,100453,100,99174,100,100456,100,99148,100,100458,100,99110,100,100471,100,98944,100
2019-06-28 10:06:23.957110148,100010,454,99760,254,100014,354,99702,254,100042,100,99692,100,100148,200,99629,100,100365,100,99588,100,100392,100,99396,100,100453,100,99174,100,100456,100,99148,100,100458,100,99110,100,100658,100,98944,100
2019-06-28 10:06:29.155742659,100010,454,99760,154,100014,354,99702,254,100042,100,99692,100,100148,200,99629,100,100365,100,99588,100,100392,100,99396,100,100453,100,99174,100,100456,100,99148,100,100458,100,99110,100,100658,100,98944,100
2019-06-28 10:06:30.000000000,100010,377,99702,177,100014,277,99692,177,100042,177,99629,177,100148,277,99588,177,100365,100,99396,100,100392,100,99174,100,100453,100,99148,100,100456,100,99110,100,100458,100,98944,100,100658,100,98781,100
2019-06-28 10:06:40.000000000,100010,405,99702,205,100014,302,99692,202,100042,202,99629,202,100148,200,99588,100,100365,100,99396,100,100392,100,99174,100,100453,100,99148,100,100456,100,99110,100,100458,100,98944,100,100658,100,98781,100
2019-06-28 10:06:44.160976947,100010,405,99702,205,100014,302,99692,202,100042,202,99629,202,100148,200,99588,100,100365,100,99396,100,100392,100,99231,100,100453,100,99174,100,100456,100,99148,100,100458,100,99110,100,100658,100,98944,100
2019-06-28 10:06:46.421722837,100010,405,99702,205,100014,302,99692,202,100042,202,99629,202,100148,200,99588,100,100365,100,99396,100,100392,100,99231,100,100453,100,99174,100,100456,100,99148,100,100458,100,99113,100,100658,100,99110,100
2019-06-28 10:06:47.044526636,100010,405,99702,105,100014,302,99692,202,100042,202,99629,202,100148,200,99588,100,100365,100,99396,100,100392,100,99231,100,100453,100,99174,100,100456,100,99148,100,100458,100,99113,100,100658,100,99110,100
2019-06-28 10:06:48.072886152,100010,405,99702,105,100014,302,99692,202,100042,202,99629,202,100148,200,99588,100,100365,100,99396,100,100392,100,99231,100,100453,100,99174,100,100456,100,99150,100,100458,100,99148,100,100658,100,99113,100
2019-06-28 10:06:50.000000000,100010,377,99692,177,100014,277,99629,177,100042,177,99588,177,100148,277,99396,177,100365,100,99231,100,100392,100,99174,100,100453,100,99150,100,100456,100,99148,100,100458,100,99113,100,100658,100,98944,100
2019-06-28 10:07:00.000000000,100010,405,99692,205,100014,302,99629,202,100042,202,99588,202,100148,200,99396,100,100365,100,99231,100,100392,100,99174,100,100453,100,99150,100,100456,100,99148,100,100458,100,99113,100,100658,100,98944,100
2019-06-28 10:07:10.000000000,100010,454,99692,254,100014,354,99629,254,100042,100,99588,100,100148,200,99396,100,100365,100,99231,100,100392,100,99174,100,100453,100,99150,100,100456,100,99148,100,100458,100,99113,100,100658,100,98944,100
2019-06-28 10:07:10.363422571,99865,100,99692,254,100010,454,99629,254,100014,354,99588,100,100042,100,99396,100,100148,200,99231,100,100365,100,99174,100,100392,100,99150,100,100453,100,99148,100,100456,100,99113,100,100458,100,98944,100
2019-06-28 10:07:20.000000000,99865,162,99692,162,100010,362,99629,162,100014,262,99588,162,100042,162,99396,162,100148,262,99231,162,100365,100,99174,100,100392,100,99150,100,100453,100,99148,100,100456,100,99113,100,100458,100,98944,100
2019-06-28 10:07:28.010547799,99865,162,99692,162,100010,362,99683,100,100014,262,99629,162,100042,162,99588,162,100148,262,99396,162,100365,100,99231,162,100392,100,99174,100,100453,100,99150,100,100456,100,99148,100,100458,100,99113,100
2019-06-28 10:07:30.000000000,99865,205,99692,205,100010,402,99683,202,100014,302,99629,202,100042,100,99588,100,100148,200,99396,100,100365,100,99231,100,100392,100,99174,100,100453,100,99150,100,100456,100,99148,100,100458,100,99113,100
2019-06-28 10:07:30.623147809,99865,205,99692,205,100010,402,99683,202,100014,302,99629,202,100042,100,99588,100,100148,200,99475,100,100365,100,99396,100,100392,100,99231,100,100453,100,99174,100,100456,100,99150,100,100458,100,99148,100
2019-06-28 10:07:40.000000000,99865,162,99692,162,100010,362,99683,162,100014,262,99629,162,100042,162,99588,162,100148,262,99475,162,100365,100,99396,100,100392,100,99231,100,100453,100,99174,100,100456,100,99150,100,100458,100,99148,100
2019-06-28 10:07:50.000000000,99865,408,99692,408,100010,300,99683,100,100014,200,99629,100,100042,100,99588,100,100148,200,99475,100,100365,100,99396,100,100392,100,99231,100,100453,100,99174,100,100456,100,99150,100,100458,100,99148,100
2019-06-28 10:08:00.000000000,99865,177,99692,177,100010,377,99683,177,100014,277,99629,177,100042,177,99588,177,100148,200,99475,100,100365,100,99396,100,100392,100,99231,100,100453,100,99174,100,100456,100,99150,100,100458,100,99148,100
2019-06-28 10:08:05.239147902,99760,100,99692,177,99865,177,99683,177,100010,377,99629,177,100014,277,99588,177,100042,177,99475,100,100148,100,99396,100,100365,100,99231,100,100392,100,99174,100,100453,100,99150,100,100456,100,99148,100
2019-06-28 10:08:10.000000000,99760,408,99692,408,99865,100,99683,100,100010,300,99629,100,100014,200,99588,100,100042,100,99475,100,100148,100,99396,100,100365,100,99231,100,100392,100,99174,100,100453,100,99150,100,100456,100,99148,100
