,ask_price_1,ask_size_1,bid_price_1,bid_size_1,ask_price_2,ask_size_2,bid_price_2,bid_size_2,ask_price_3,ask_size_3,bid_price_3,bid_size_3,ask_price_4,ask_size_4,bid_price_4,bid_size_4,ask_price_5,ask_size_5,bid_price_5,bid_size_5,ask_price_6,ask_size_6,bid_price_6,bid_size_6,ask_price_7,ask_size_7,bid_price_7,bid_size_7,ask_price_8,ask_size_8,bid_price_8,bid_size_8,ask_price_9,ask_size_9,bid_price_9,bid_size_9,ask_price_10,ask_size_10,bid_price_10,bid_size_10
2019-06-28 09:30:00.000000001,,,100006,100,,,,,,,,,,,,,,,,,,,,,,,,,,,,,,,,,,,,
2019-06-28 09:30:00.000000006,100009,100,100006,100,,,,,,,,,,,,,,,,,,,,,,,,,,,,,,,,,,,,
2019-06-28 09:30:00.000000007,100009,100,100006,100,100077,100,,,,,,,,,,,,,,,,,,,,,,,,,,,,,,,,,,
2019-06-28 09:30:00.000000008,100009,100,100006,100,100077,100,99953,100,,,,,,,,,,,,,,,,,,,,,,,,,,,,,,,,
2019-06-28 09:30:00.000000009,100009,100,100006,100,100077,100,99953,100,100082,100,,,,,,,,,,,,,,,,,,,,,,,,,,,,,,
2019-06-28 09:30:00.000000012,100077,100,100006,100,100082,100,99953,100,,,,,,,,,,,,,,,,,,,,,,,,,,,,,,,,
2019-06-28 09:30:00.000000013,100077,100,100006,100,100078,100,99953,100,100082,100,,,,,,,,,,,,,,,,,,,,,,,,,,,,,,
2019-06-28 09:30:00.000000014,100077,100,100006,100,100078,100,99953,100,100082,100,,,100084,100,,,100160,100,,,,,,,,,,,,,,,,,,,,,,
2019-06-28 09:30:00.000000015,100077,100,100006,100,100078,100,99953,100,100082,100,99911,100,100084,100,,,100160,100,,,,,,,,,,,,,,,,,,,,,,
2019-06-28 09:30:00.000000020,100077,100,100006,100,100078,100,99953,100,100082,100,99911,100,100084,100,99870,100,100086,100,,,100160,100,,,,,,,,,,,,,,,,,,
2019-06-28 09:30:00.000000023,100077,100,100038,100,100078,100,100036,100,100082,100,100006,100,100084,100,99953,100,100086,100,99911,100,100160,100,99870,100,,,,,,,,,,,,,,,,
2019-06-28 09:30:00.000000025,100077,100,100038,100,100078,100,100036,100,100082,100,100006,100,100084,100,99953,100,100086,100,99911,100,100160,100,99870,100,100175,100,,,,,,,,,,,,,,
2019-06-28 09:30:00.000000027,100077,100,100038,100,100078,100,100036,100,100082,100,100006,100,100084,100,99953,100,100086,100,99911,100,100160,100,99890,100,100175,100,99870,100,,,,,,,,,,,,
2019-06-28 09:30:00.000000029,100077,100,100036,100,100078,100,100006,100,100082,100,99953,100,100084,100,99911,100,100086,100,99890,100,100160,100,99870,100,100175,100,99847,100,,,,,,,,,,,,
2019-06-28 09:30:00.000000030,100077,100,100006,100,100078,100,99953,100,100082,100,99911,100,100084,100,99890,100,100086,100,99870,100,100160,100,99847,100,100175,100,,,,,,,,,,,,,,
2019-06-28 09:30:00.000000031,100077,100,100006,100,100078,100,99953,100,100082,100,99911,100,100084,100,99890,100,100086,100,99870,100,100160,100,99847,100,100175,100,,,100193,100,,,,,,,,,,
2019-06-28 09:30:00.000000032,100077,100,100006,100,100078,100,99957,100,100082,100,99953,100,100084,100,99911,100,100086,100,99890,100,100160,100,99870,100,100175,100,99847,100,100193,100,99815,100,,,,,,,,
2019-06-28 09:30:00.000000035,100077,100,100006,100,100078,100,99957,100,100082,100,99953,100,100084,100,99911,100,100086,100,99890,100,100160,100,99870,100,100175,100,99847,100,100193,100,99820,100,,,99815,100,,,,
2019-06-28 09:30:00.000000036,100077,100,100006,100,100078,100,99957,100,100082,100,99953,100,100084,100,99911,100,100086,100,99890,100,100160,100,99870,100,100175,100,99847,100,100193,100,99844,100,,,99820,100,,,99815,100
2019-06-28 09:30:00.000000040,100077,100,100006,100,100078,100,99957,100,100082,100,99953,100,100084,100,99911,100,100086,100,99890,100,100160,100,99885,100,100175,100,99870,100,100193,100,99847,100,,,99844,100,,,99820,100
2019-06-28 09:30:00.000000041,100077,100,100006,100,100078,100,99957,100,100082,100,99953,100,100084,100,99911,100,100086,100,99890,200,100160,100,99885,100,100175,100,99870,100,100193,100,99847,100,,,99844,100,,,99820,100
2019-06-28 09:30:00.000000043,100077,100,100006,100,100078,100,99957,100,100082,100,99953,100,100084,100,99911,100,100086,100,99890,200,100160,100,99885,100,100175,100,99870,100,100193,100,99850,100,,,99847,100,,,99844,100
2019-06-28 09:30:00.000000049,100077,100,100006,100,100078,100,99979,100,100082,100,99957,100,100084,100,99953,100,100086,100,99911,100,100130,100,99890,200,100160,100,99885,100,100175,100,99870,100,100193,100,99850,100,,,99847,100
2019-06-28 09:30:00.000000051,100077,100,100006,100,100078,100,99979,100,100082,100,99957,100,100084,100,99953,100,100086,100,99911,100,100087,100,99890,200,100130,100,99885,100,100160,100,99870,100,100175,100,99850,100,100193,100,99847,100
2019-06-28 09:30:00.000000052,100029,100,99979,100,100077,100,99957,100,100078,100,99953,100,100082,100,99911,100,100084,100,99890,200,100086,100,99885,100,100087,100,99870,100,100130,100,99850,100,100160,100,99847,100,100175,100,99844,100
2019-06-28 09:30:00.000000055,100029,100,100006,100,100077,100,99979,100,100078,100,99957,100,100082,100,99953,100,100084,100,99911,100,100086,100,99890,200,100087,100,99885,100,100130,100,99870,100,100160,100,99850,100,100175,100,99847,100
2019-06-28 09:30:00.000000059,100029,100,100006,100,100077,100,99979,100,100078,100,99957,200,100082,100,99953,100,100084,100,99911,100,100086,100,99890,200,100087,100,99885,100,100130,100,99870,100,100160,100,99850,100,100175,100,99847,100
2019-06-28 09:30:00.000000060,100029,100,100006,200,100077,100,99979,100,100078,100,99957,200,100082,100,99953,100,100084,100,99911,100,100086,100,99890,200,100087,100,99885,100,100130,100,99870,100,100160,100,99850,100,100175,100,99847,100
2019-06-28 09:30:00.000000061,100029,100,100006,200,100077,100,99979,100,100078,100,99965,100,100082,100,99957,200,100084,100,99953,100,100086,100,99911,100,100087,100,99890,200,100130,100,99885,100,100160,100,99870,100,100175,100,99850,100
2019-06-28 09:30:00.000000070,100029,100,100006,200,100077,100,99979,100,100078,100,99965,100,100082,100,99957,200,100084,100,99953,100,100086,100,99911,100,100087,100,99897,100,100130,100,99890,200,100160,100,99885,100,100175,100,99870,100
2019-06-28 09:30:00.000000071,100029,100,100006,200,100036,100,99979,100,100077,100,99965,100,100078,100,99957,200,100082,100,99953,100,100084,100,99911,100,100086,100,99897,100,100087,100,99890,200,100130,100,99885,100,100160,100,99870,100
2019-06-28 09:30:00.000000073,100029,100,100006,200,100036,100,99979,100,100077,100,99965,100,100078,100,99957,200,100082,100,99953,100,100084,100,99911,100,100086,100,99897,100,100087,100,99890,200,100130,100,99885,200,100160,100,99870,100
2019-06-28 09:30:00.000000075,100029,100,100006,100,100036,100,99979,100,100077,100,99965,100,100078,100,99957,200,100082,100,99953,200,100084,100,99911,100,100086,100,99897,100,100087,100,99890,200,100130,100,99885,200,100160,100,99870,100
2019-06-28 09:30:00.000000076,100029,100,100007,100,100030,100,100006,100,100036,100,99979,100,100077,100,99965,100,100078,100,99957,200,100082,100,99953,200,100084,100,99911,100,100086,100,99897,100,100087,100,99890,200,100130,100,99885,200
2019-06-28 09:30:00.000000077,100029,100,100007,200,100030,100,100006,100,100036,100,99979,100,100077,100,99965,100,100078,100,99957,200,100082,100,99953,200,100084,100,99911,100,100086,100,99897,100,100087,100,99890,200,100130,100,99885,300
2019-06-28 09:30:00.000000079,100029,100,100007,100,100030,100,100006,100,100036,100,99979,100,100077,100,99965,100,100078,100,99957,200,100082,100,99953,200,100084,100,99911,100,100086,100,99897,100,100087,100,99890,200,100130,100,99885,300
2019-06-28 09:30:00.000000080,100029,100,100008,100,100030,100,100007,100,100036,100,100006,100,100077,100,99979,100,100078,100,99965,100,100082,100,99957,200,100084,100,99953,200,100086,100,99911,100,100087,100,99897,100,100130,100,99890,200
2019-06-28 09:30:00.000000081,100029,100,100008,100,100030,100,100007,100,100036,100,100006,100,100061,100,99979,100,100077,100,99965,100,100078,100,99957,200,100082,100,99953,200,100084,100,99911,100,100086,100,99897,100,100087,100,99890,200
2019-06-28 09:30:00.000000082,100030,100,100008,100,100036,100,100007,100,100061,100,100006,100,100077,100,99979,100,100078,100,99965,100,100082,100,99957,200,100084,100,99953,200,100086,100,99911,100,100087,100,99897,100,100130,100,99890,200
2019-06-28 09:30:00.000000083,100030,100,100009,100,100036,100,100008,100,100061,100,100007,100,100077,100,100006,100,100078,100,99979,100,100082,100,99965,100,100084,100,99957,200,100086,100,99953,200,100087,100,99911,100,100130,100,99897,100
2019-06-28 09:30:00.000000084,100030,100,100009,100,100036,100,100008,100,100061,100,100007,100,100077,100,100006,100,100078,100,99979,100,100082,100,99965,100,100084,100,99957,200,100086,100,99953,200,100087,100,99911,100,100117,100,99897,100
2019-06-28 09:30:00.000000087,100030,100,100009,100,100036,100,100008,100,100061,100,100007,100,100077,100,100006,100,100078,100,99979,100,100082,100,99965,100,100084,100,99958,100,100086,100,99957,200,100087,100,99953,200,100117,100,99911,100
2019-06-28 09:30:00.000000090,100030,100,100009,100,100036,100,100008,100,100058,100,100007,100,100061,100,100006,100,100077,100,99979,100,100078,100,99965,100,100082,100,99958,100,100084,100,99957,200,100086,100,99953,200,100087,100,99911,100
2019-06-28 09:30:00.000000092,100030,100,100009,100,100036,100,100008,100,100038,100,100007,100,100058,100,100006,100,100061,100,99979,100,100077,100,99965,100,100078,100,99958,100,100082,100,99957,200,100084,100,99953,200,100086,100,99911,100
2019-06-28 09:30:00.000000093,100030,100,100009,100,100036,100,100008,100,100038,100,100007,100,100058,100,100006,100,100061,100,99979,100,100077,100,99965,100,100078,100,99958,100,100082,100,99957,200,100084,100,99953,200,100086,100,99911,100
2019-06-28 09:30:00.000000094,100030,100,100008,100,100036,100,100007,100,100038,100,100006,100,100058,100,99979,100,100061,100,99965,100,100077,100,99958,100,100078,100,99957,200,100082,100,99953,200,100084,100,99943,100,100086,100,99911,100
2019-06-28 09:30:00.000000099,100029,100,100008,100,100030,100,100007,100,100036,100,100006,100,100038,100,99979,100,100058,100,99965,100,100061,100,99958,100,100077,100,99957,200,100078,100,99953,200,100082,100,99943,100,100084,100,99911,100
2019-06-28 09:30:10.000000000,100029,157,100008,157,100030,157,100007,157,100036,157,100006,157,100038,157,99979,157,100058,157,99965,157,100061,100,99958,100,100077,100,99957,200,100078,100,99953,200,100082,100,99943,100,100084,100,99911,100
2019-06-28 09:30:14.185674450,100029,57,100008,157,100030,157,100007,157,100036,157,100006,157,100038,157,99979,157,100058,157,99965,157,100061,100,99958,100,100077,100,99957,200,100078,100,99953,200,100082,100,99943,100,100084,100,99911,100
2019-06-28 09:30:16.757407334,100029,57,100008,157,100030,157,100007,157,100036,157,100006,157,100038,157,99979,157,100058,157,99965,157,100061,100,99958,100,100077,100,99957,200,100078,100,99953,200,100082,100,99943,100,100084,100,99921,100
2019-06-28 09:30:20.000000000,100030,244,100008,244,100036,244,100007,244,100038,100,100006,100,100058,100,99979,100,100061,100,99965,100,100077,100,99958,100,100078,100,99957,200,100082,100,99953,200,100084,100,99943,100,100086,100,99921,100
2019-06-28 09:30:24.048436976,100030,244,100008,244,100036,244,100007,244,100038,100,100006,100,100058,100,99979,100,100061,100,99958,100,100077,100,99957,200,100078,100,99953,200,100082,100,99943,100,100084,100,99921,100,100086,100,99911,100
2019-06-28 09:30:24.350579462,100030,144,100008,244,100036,244,100007,244,100038,100,100006,100,100058,100,99979,100,100061,100,99958,100,100077,100,99957,200,100078,100,99953,200,100082,100,99943,100,100084,100,99921,100,100087,100,99911,100
2019-06-28 09:30:30.000000000,100036,157,100008,157,100038,157,100007,157,100058,157,100006,157,100061,157,99979,157,100077,157,99958,157,100078,100,99957,200,100082,100,99953,200,100084,100,99943,100,100087,100,99921,100,100105,100,99911,100
2019-06-28 09:30:34.411143147,100036,57,100008,157,100038,157,100007,157,100058,157,100006,157,100061,157,99979,157,100077,157,99958,157,100078,100,99957,200,100082,100,99953,200,100084,100,99943,100,100087,100,99921,100,100105,100,99911,100
2019-06-28 09:30:40.000000000,100038,244,100008,244,100058,244,100007,244,100061,100,100006,100,100077,100,99979,100,100078,100,99958,100,100082,100,99957,200,100084,100,99953,200,100087,100,99943,100,100105,100,99921,100,100117,100,99911,100
2019-06-28 09:30:50.000000000,100038,387,100008,387,100058,100,100007,100,100061,100,100006,100,100077,100,99979,100,100078,100,99958,100,100082,100,99957,200,100084,100,99953,200,100087,100,99943,100,100105,100,99921,100,100117,100,99911,100
2019-06-28 09:31:00.000000000,100038,387,100008,387,100058,100,100007,100,100061,100,100006,100,100077,100,99979,100,100078,100,99958,100,100082,100,99957,200,100084,100,99953,200,100087,100,99943,100,100105,100,99921,100,100117,100,99911,100
2019-06-28 09:31:03.203121314,100038,287,100008,387,100058,100,100007,100,100061,100,100006,100,100077,100,99979,100,100078,100,99958,100,100082,100,99957,200,100084,100,99953,200,100105,100,99943,100,100117,100,99921,100,100130,100,99911,100
2019-06-28 09:31:10.000000000,100058,157,100008,157,100061,157,100007,157,100077,157,100006,157,100078,157,99979,157,100082,157,99958,157,100084,100,99957,200,100105,100,99953,200,100117,100,99943,100,100130,100,99921,100,100160,100,99911,100
2019-06-28 09:31:20.000000000,100058,387,100008,387,100061,100,100007,100,100077,100,100006,100,100078,100,99979,100,100082,100,99958,100,100084,100,99957,200,100105,100,99953,200,100117,100,99943,100,100130,100,99921,100,100160,100,99911,100
2019-06-28 09:31:30.000000000,100058,157,100008,157,100061,157,100007,157,100077,157,100006,157,100078,157,99979,157,100082,157,99958,157,100084,100,99957,200,100105,100,99953,200,100117,100,99943,100,100130,100,99921,100,100160,100,99911,100
2019-06-28 09:31:40.000000000,100058,244,100008,244,100061,244,100007,244,100077,100,100006,100,100078,100,99979,100,100082,100,99958,100,100084,100,99957,200,100105,100,99953,200,100117,100,99943,100,100130,100,99921,100,100160,100,99911,100
2019-06-28 09:31:48.671609528,100058,244,100008,244,100061,244,100007,244,100077,100,100006,100,100078,100,99979,100,100082,100,99958,100,100084,100,99957,200,100105,100,99953,200,100117,100,99943,100,100130,100,99921,100,100160,100,99911,100
2019-06-28 09:31:50.000000000,100058,172,100008,172,100061,172,100007,172,100077,172,100006,172,100078,172,99979,172,100082,100,99958,100,100084,100,99957,200,100105,100,99953,200,100117,100,99943,100,100130,100,99921,100,100160,100,99911,100
2019-06-28 09:31:53.127894866,100058,72,100008,172,100061,172,100007,172,100077,172,100006,172,100078,172,99979,172,100082,100,99958,100,100084,100,99957,200,100105,100,99953,200,100117,100,99943,100,100130,100,99921,100,100160,100,99911,100
2019-06-28 09:32:00.000000000,100061,244,100008,244,100077,244,100007,244,100078,100,100006,100,100082,100,99979,100,100084,100,99958,100,100105,100,99957,200,100117,100,99953,200,100130,100,99943,100,100160,100,99921,100,100188,100,99911,100
2019-06-28 09:32:10.000000000,100061,157,100008,157,100077,157,100007,157,100078,157,100006,157,100082,157,99979,157,100084,157,99958,157,100105,100,99957,200,100117,100,99953,200,100130,100,99943,100,100160,100,99921,100,100188,100,99911,100
2019-06-28 09:32:20.000000000,100061,198,100008,198,100077,195,100007,195,100078,195,100006,195,100082,100,99979,100,100084,100,99958,100,100105,100,99957,200,100117,100,99953,200,100130,100,99943,100,100160,100,99921,100,100188,100,99911,100
2019-06-28 09:32:30.000000000,100061,387,100008,387,100077,100,100007,100,100078,100,100006,100,100082,100,99979,100,100084,100,99958,100,100105,100,99957,200,100117,100,99953,200,100130,100,99943,100,100160,100,99921,100,100188,100,99911,100
2019-06-28 09:32:31.341374229,100061,387,100038,100,100077,100,100008,387,100078,100,100007,100,100082,100,100006,100,100084,100,99979,100,100105,100,99958,100,100117,100,99957,200,100130,100,99953,200,100160,100,99943,100,100188,100,99921,100
2019-06-28 09:32:36.275873808,100061,287,100038,100,100077,100,100008,387,100078,100,100007,100,100082,100,100006,100,100084,100,99979,100,100105,100,99958,100,100117,100,99957,100,100130,100,99953,200,100160,100,99943,100,100188,100,99921,100
2019-06-28 09:32:40.000000000,100077,198,100038,198,100078,195,100008,195,100082,195,100007,195,100084,100,100006,100,100105,100,99979,100,100117,100,99958,100,100130,100,99957,100,100160,100,99953,200,100188,100,99943,100,100193,100,99921,100
2019-06-28 09:32:44.203706274,100077,198,100058,100,100078,195,100038,198,100082,195,100008,195,100084,100,100007,195,100105,100,100006,100,100117,100,99979,100,100130,100,99958,100,100160,100,99957,100,100188,100,99953,200,100193,100,99943,100
2019-06-28 09:32:50.000000000,100077,157,100058,157,100078,157,100038,157,100082,157,100008,157,100084,157,100007,157,100105,157,100006,157,100117,100,99979,100,100130,100,99958,100,100160,100,99957,100,100188,100,99953,200,100193,100,99943,100
2019-06-28 09:32:54.450127967,100077,157,100058,157,100078,157,100038,157,100082,157,100008,157,100084,157,100007,157,100105,157,100006,157,100117,100,99979,100,100130,100,99958,100,100188,100,99957,100,100193,100,99953,200,100288,100,99943,100
2019-06-28 09:32:57.956663826,100077,157,100058,257,100078,157,100038,157,100082,157,100008,157,100084,157,100007,157,100105,157,100006,157,100117,100,99979,100,100130,100,99958,100,100188,100,99957,100,100193,100,99953,200,100288,100,99943,100
2019-06-28 09:33:00.000000000,100077,157,100058,257,100078,157,100038,157,100082,157,100008,157,100084,157,100007,157,100105,157,100006,157,100117,100,99979,100,100130,100,99958,100,100188,100,99957,100,100193,100,99953,200,100288,100,99943,100
2019-06-28 09:33:06.371247987,100077,157,100058,257,100078,157,100038,157,100082,157,100008,157,100084,157,100007,157,100105,157,100006,157,100117,100,99979,100,100130,100,99958,100,100188,100,99957,100,100193,100,99953,200,100288,100,99943,100
2019-06-28 09:33:10.000000000,100077,244,100058,344,100078,244,100038,244,100082,100,100008,100,100084,100,100007,100,100105,100,100006,100,100117,100,99979,100,100130,100,99958,100,100188,100,99957,100,100193,100,99953,200,100288,100,99943,100
2019-06-28 09:33:20.000000000,100077,172,100058,272,100078,172,100038,172,100082,172,100008,172,100084,172,100007,172,100105,100,100006,100,100117,100,99979,100,100130,100,99958,100,100188,100,99957,100,100193,100,99953,200,100288,100,99943,100
2019-06-28 09:33:26.163569890,100077,172,100058,272,100078,172,100038,172,100082,172,100008,172,100084,172,100007,172,100105,100,100006,100,100117,100,99979,100,100130,100,99958,100,100188,100,99957,100,100193,100,99953,200,100288,100,99943,100
2019-06-28 09:33:30.000000000,100077,244,100058,344,100078,244,100038,244,100082,100,100008,100,100084,100,100007,100,100105,100,100006,100,100117,100,99979,100,100130,100,99958,100,100188,100,99957,100,100193,100,99953,200,100288,100,99943,100
2019-06-28 09:33:35.517159341,100077,244,100058,344,100078,244,100038,244,100082,100,100008,100,100084,100,100007,100,100105,100,100006,100,100117,100,99979,100,100130,100,99958,100,100188,100,99957,100,100193,100,99953,200,100254,100,99943,100
2019-06-28 09:33:40.000000000,100077,198,100058,298,100078,195,100038,195,100082,195,100008,195,100084,100,100007,100,100105,100,100006,100,100117,100,99979,100,100130,100,99958,100,100188,100,99957,100,100193,100,99953,200,100254,100,99943,100
2019-06-28 09:33:44.913604254,100077,198,100058,298,100078,195,100038,195,100082,195,100008,195,100084,100,100007,100,100105,100,100006,100,100117,100,99979,100,100130,100,99958,100,100193,100,99957,100,100254,100,99953,200,100288,100,99943,100
2019-06-28 09:33:50.000000000,100077,244,100058,344,100078,244,100038,244,100082,100,100008,100,100084,100,100007,100,100105,100,100006,100,100117,100,99979,100,100130,100,99958,100,100193,100,99957,100,100254,100,99953,200,100288,100,99943,100
2019-06-28 09:34:00.000000000,100077,244,100058,344,100078,244,100038,244,100082,100,100008,100,100084,100,100007,100,100105,100,100006,100,100117,100,99979,100,100130,100,99958,100,100193,100,99957,100,100254,100,99953,200,100288,100,99943,100
2019-06-28 09:34:10.000000000,100077,387,100058,487,100078,100,100038,100,100082,100,100008,100,100084,100,100007,100,100105,100,100006,100,100117,100,99979,100,100130,100,99958,100,100193,100,99957,100,100254,100,99953,200,100288,100,99943,100
2019-06-28 09:34:11.451292086,100077,387,100058,487,100078,100,100038,100,100082,100,100008,100,100084,100,100007,100,100105,100,100006,100,100117,100,99979,100,100130,100,99958,100,100173,100,99953,200,100193,100,99943,100,100254,100,99921,100
2019-06-28 09:34:20.000000000,100077,172,100058,272,100078,172,100038,172,100082,172,100008,172,100084,172,100007,172,100105,100,100006,100,100117,100,99979,100,100130,100,99958,100,100173,100,99953,200,100193,100,99943,100,100254,100,99921,100
2019-06-28 09:34:30.000000000,100077,244,100058,344,100078,244,100038,244,100082,100,100008,100,100084,100,100007,100,100105,100,100006,100,100117,100,99979,100,100130,100,99958,100,100173,100,99953,200,100193,100,99943,100,100254,100,99921,100
2019-06-28 09:34:40.000000000,100077,387,100058,487,100078,100,100038,100,100082,100,100008,100,100084,100,100007,100,100105,100,100006,100,100117,100,99979,100,100130,100,99958,100,100173,100,99953,200,100193,100,99943,100,100254,100,99921,100
2019-06-28 09:34:46.392817424,100077,287,100058,487,100078,100,100038,100,100082,100,100008,100,100084,100,100007,100,100105,100,100006,100,100117,100,99979,100,100130,100,99958,100,100173,100,99953,200,100193,100,99943,100,100254,100,99921,100
2019-06-28 09:34:50.000000000,100078,198,100058,298,100082,195,100038,195,100084,195,100008,195,100105,100,100007,100,100117,100,100006,100,100130,100,99979,100,100173,100,99958,100,100193,100,99953,200,100254,100,99943,100,100288,100,99921,100
2019-06-28 09:34:57.339346835,100078,198,100061,100,100082,195,100058,298,100084,195,100038,195,100105,100,100008,195,100117,100,100007,100,100130,100,100006,100,100173,100,99979,100,100193,100,99958,100,100254,100,99953,200,100288,100,99943,100
2019-06-28 09:35:00.000000000,100078,244,100061,244,100082,244,100058,344,100084,100,100038,100,100105,100,100008,100,100117,100,100007,100,100130,100,100006,100,100173,100,99979,100,100193,100,99958,100,100254,100,99953,200,100288,100,99943,100
2019-06-28 09:35:10.000000000,100078,157,100061,157,100082,157,100058,257,100084,157,100038,157,100105,157,100008,157,100117,157,100007,157,100130,100,100006,100,100173,100,99979,100,100193,100,99958,100,100254,100,99953,200,100288,100,99943,100
2019-06-28 09:35:10.163882290,100078,57,100061,157,100082,157,100058,257,100084,157,100038,157,100105,157,100008,157,100117,157,100007,157,100130,100,100006,100,100173,100,99979,100,100193,100,99958,100,100254,100,99953,200,100288,100,99921,100
2019-06-28 09:35:20.000000000,100082,387,100061,387,100084,100,100058,200,100105,100,100038,100,100117,100,100008,100,100130,100,100007,100,100173,100,100006,100,100193,100,99979,100,100254,100,99958,100,100288,100,99953,200,100545,100,99921,100
2019-06-28 09:35:25.845565616,100082,287,100061,387,100084,100,100058,200,100105,100,100038,100,100117,100,100008,100,100130,100,100007,100,100173,100,100006,100,100193,100,99979,100,100254,100,99958,100,100288,100,99953,200,100545,100,99921,100
2019-06-28 09:35:26.349941626,100082,187,100061,387,100084,100,100058,200,100105,100,100038,100,100117,100,100008,100,100130,100,100007,100,100173,100,100006,100,100193,100,99979,100,100254,100,99958,100,100288,100,99953,200,100545,100,99921,100
2019-06-28 09:35:30.000000000,100084,244,100061,244,100105,244,100058,344,100117,100,100038,100,100130,100,100008,100,100173,100,100007,100,100193,100,100006,100,100254,100,99979,100,100288,100,99958,100,100545,100,99953,200,100552,100,99921,100
2019-06-28 09:35:33.412630498,100084,44,100061,244,100105,244,100058,344,100117,100,100038,100,100130,100,100008,100,100173,100,100007,100,100193,100,100006,100,100254,100,99979,100,100288,100,99958,100,100545,100,99953,200,100552,100,99921,100
2019-06-28 09:35:36.568301016,100084,44,100061,244,100105,244,100058,344,100117,100,100038,100,100130,100,100008,100,100173,100,100007,100,100193,100,100006,100,100254,100,99979,100,100288,100,99958,100,100545,100,99953,200,100552,100,99921,100
2019-06-28 09:35:40.000000000,100105,198,100061,198,100117,195,100058,295,100130,195,100038,195,100173,100,100008,100,100193,100,100007,100,100254,100,100006,100,100288,100,99979,100,100545,100,99958,100,100552,100,99953,200,100612,100,99921,100
2019-06-28 09:35:48.845527108,100105,198,100082,100,100117,195,100061,198,100130,195,100058,295,100173,100,100038,195,100193,100,100008,100,100254,100,100007,100,100288,100,100006,100,100545,100,99979,100,100552,100,99958,100,100612,100,99953,200
2019-06-28 09:35:49.104961589,100105,198,100082,100,100117,195,100061,198,100130,195,100058,295,100173,100,100038,195,100193,100,100008,100,100254,100,100007,100,100288,100,100006,100,100545,100,99958,100,100552,100,99953,200,100612,100,99921,100
2019-06-28 09:35:50.000000000,100105,198,100082,198,100117,195,100061,195,100130,195,100058,295,100173,100,100038,100,100193,100,100008,100,100254,100,100007,100,100288,100,100006,100,100545,100,99958,100,100552,100,99953,200,100612,100,99921,100
2019-06-28 09:35:52.268121723,100105,198,100082,198,100117,195,100061,195,100130,95,100058,295,100173,100,100038,100,100193,100,100008,100,100254,100,100007,100,100288,100,100006,100,100545,100,99958,100,100552,200,99953,200,100612,100,99921,100
2019-06-28 09:35:55.096006291,100105,198,100082,198,100117,195,100061,195,100130,95,100058,195,100173,100,100038,100,100193,100,100008,100,100254,100,100007,100,100288,100,100006,100,100545,100,99958,100,100552,200,99953,200,100612,100,99921,100
2019-06-28 09:36:00.000000000,100105,157,100082,157,100117,157,100061,157,100173,157,100058,157,100193,157,100038,157,100254,157,100008,157,100288,100,100007,100,100545,100,100006,100,100552,200,99958,100,100612,100,99953,200,100696,100,99921,100
2019-06-28 09:36:10.000000000,100105,172,100082,172,100117,172,100061,172,100173,172,100058,172,100193,172,100038,172,100254,100,100008,100,100288,100,100007,100,100545,100,100006,100,100552,200,99958,100,100612,100,99953,200,100696,100,99921,100
2019-06-28 09:36:20.000000000,100105,244,100082,244,100117,244,100061,244,100173,100,100058,100,100193,100,100038,100,100254,100,100008,100,100288,100,100007,100,100545,100,100006,100,100552,200,99958,100,100612,100,99953,200,100696,100,99921,100
2019-06-28 09:36:30.000000000,100105,157,100082,157,100117,157,100061,157,100173,157,100058,157,100193,157,100038,157,100254,157,100008,157,100288,100,100007,100,100545,100,100006,100,100552,200,99958,100,100612,100,99953,200,100696,100,99921,100
2019-06-28 09:36:32.394623026,100105,57,100082,157,100117,157,100061,157,100173,157,100058,157,100193,157,100038,157,100254,157,100008,157,100288,100,100007,100,100545,100,100006,100,100552,200,99958,100,100612,100,99953,200,100696,100,99921,100
2019-06-28 09:36:40.000000000,100117,157,100082,157,100173,157,100061,157,100193,157,100058,157,100254,157,100038,157,100288,157,100008,157,100545,100,100007,100,100552,200,100006,100,100612,100,99958,100,100696,100,99953,200,100891,100,99921,100
2019-06-28 09:36:45.779172730,100117,57,100082,157,100173,157,100061,157,100193,157,100058,157,100254,157,100038,157,100288,157,100008,157,100545,100,100007,100,100552,200,100006,100,100612,100,99958,100,100696,100,99953,200,100891,100,99921,100
2019-06-28 09:36:50.000000000,100173,157,100082,157,100193,157,100061,157,100254,157,100058,157,100288,157,100038,157,100545,157,100008,157,100552,200,100007,100,100612,100,100006,100,100696,100,99958,100,100891,100,99953,200,,,99921,100
2019-06-28 09:37:00.000000000,100173,244,100082,244,100193,244,100061,244,100254,100,100058,100,100288,100,100038,100,100545,100,100008,100,100552,200,100007,100,100612,100,100006,100,100696,100,99958,100,100891,100,99953,200,,,99921,100
2019-06-28 09:37:10.000000000,100173,198,100082,198,100193,195,100061,195,100254,195,100058,195,100288,100,100038,100,100545,100,100008,100,100552,200,100007,100,100612,100,100006,100,100696,100,99958,100,100891,100,99953,200,,,99921,100
2019-06-28 09:37:20.000000000,100173,244,100082,244,100193,244,100061,244,100254,100,100058,100,100288,100,100038,100,100545,100,100008,100,100552,200,100007,100,100612,100,100006,100,100696,100,99958,100,100891,100,99953,200,,,99921,100
2019-06-28 09:37:30.000000000,100173,157,100082,157,100193,157,100061,157,100254,157,100058,157,100288,157,100038,157,100545,157,100008,157,100552,200,100007,100,100612,100,100006,100,100696,100,99958,100,100891,100,99953,200,,,99921,100
2019-06-28 09:37:32.989891549,100173,157,100082,157,100193,157,100061,157,100254,157,100058,57,100288,157,100038,157,100545,157,100008,157,100552,200,100007,100,100612,100,100006,100,100696,100,99958,100,100891,100,99953,200,,,99921,100
2019-06-28 09:37:34.066673188,100173,57,100082,157,100193,157,100061,157,100254,157,100058,57,100288,157,100038,157,100545,157,100008,157,100552,200,100007,100,100612,100,100006,100,100696,100,99958,100,100891,100,99953,200,,,99921,100
2019-06-28 09:37:40.000000000,100193,244,100082,244,100254,244,100061,244,100288,100,100038,100,100545,100,100008,100,100552,200,100007,100,100612,100,100006,100,100696,100,99958,100,100891,100,99953,200,,,99921,100,,,99890,200
2019-06-28 09:37:50.000000000,100193,198,100082,198,100254,195,100061,195,100288,195,100038,195,100545,100,100008,100,100552,200,100007,100,100612,100,100006,100,100696,100,99958,100,100891,100,99953,200,,,99921,100,,,99890,200
2019-06-28 09:38:00.000000000,100193,387,100082,387,100254,100,100061,100,100288,100,100038,100,100545,100,100008,100,100552,200,100007,100,100612,100,100006,100,100696,100,99958,100,100891,100,99953,200,,,99921,100,,,99890,200
2019-06-28 09:38:01.449599009,100193,387,100082,387,100254,100,100061,100,100288,100,100038,100,100545,100,100008,100,100552,200,100007,100,100612,100,100006,100,100696,100,99991,100,100891,100,99958,100,,,99953,200,,,99921,100
2019-06-28 09:38:03.853694172,100193,387,100131,100,100254,100,100082,387,100288,100,100061,100,100545,100,100038,100,100552,200,100008,100,100612,100,100007,100,100696,100,100006,100,100891,100,99991,100,,,99958,100,,,99953,200
2019-06-28 09:38:09.500656093,100193,387,100131,100,100254,100,100117,100,100288,100,100082,387,100545,100,100061,100,100552,200,100038,100,100612,100,100008,100,100696,100,100007,100,100891,100,100006,100,,,99991,100,,,99958,100
2019-06-28 09:38:10.000000000,100193,198,100131,198,100254,195,100117,195,100288,195,100082,195,100545,100,100061,100,100552,200,100038,100,100612,100,100008,100,100696,100,100007,100,100891,100,100006,100,,,99991,100,,,99958,100
2019-06-28 09:38:14.492643540,100193,198,100131,198,100254,195,100117,195,100270,100,100082,195,100288,195,100061,100,100545,100,100038,100,100552,200,100008,100,100612,100,100007,100,100696,100,100006,100,100891,100,99991,100,,,99958,100
2019-06-28 09:38:15.843697867,100193,198,100131,198,100254,195,100117,195,100265,100,100082,195,100270,100,100061,100,100288,195,100038,100,100545,100,100008,100,100552,100,100007,100,100612,100,100006,100,100696,100,99991,100,100891,100,99958,100
2019-06-28 09:38:20.000000000,100193,244,100131,244,100254,244,100117,244,100265,100,100082,100,100270,100,100061,100,100288,100,100038,100,100545,100,100008,100,100552,100,100007,100,100612,100,100006,100,100696,100,99991,100,100891,100,99958,100
2019-06-28 09:38:22.373543759,100193,244,100131,244,100254,244,100117,244,100258,100,100082,100,100265,100,100061,100,100270,100,100038,100,100288,100,100008,100,100545,100,100007,100,100552,100,100006,100,100612,100,99991,100,100696,100,99958,100
2019-06-28 09:38:23.531765051,100193,244,100131,244,100254,244,100117,244,100258,100,100082,100,100265,100,100061,100,100270,100,100038,100,100287,100,100008,100,100288,100,100007,100,100545,100,100006,100,100552,100,99991,100,100612,100,99958,100
2019-06-28 09:38:25.998762892,100193,244,100131,244,100254,244,100117,244,100258,100,100082,100,100265,100,100061,100,100270,100,100038,100,100287,100,100008,100,100288,100,100007,100,100399,100,100006,100,100545,100,99991,100,100612,100,99958,100
2019-06-28 09:38:30.000000000,100193,387,100131,387,100254,100,100117,100,100258,100,100082,100,100265,100,100061,100,100270,100,100038,100,100287,100,100008,100,100288,100,100007,100,100399,100,100006,100,100545,100,99991,100,100612,100,99958,100
2019-06-28 09:38:30.199435723,100173,100,100131,387,100193,387,100117,100,100254,100,100082,100,100258,100,100061,100,100265,100,100038,100,100270,100,100008,100,100287,100,100007,100,100288,100,100006,100,100399,100,99991,100,100545,100,99958,100
2019-06-28 09:38:40.000000000,100173,157,100131,157,100193,157,100117,157,100254,157,100082,157,100258,157,100061,157,100265,157,100038,157,100270,100,100008,100,100287,100,100007,100,100288,100,100006,100,100399,100,99991,100,100545,100,99958,100
2019-06-28 09:38:50.000000000,100173,387,100131,387,100193,100,100117,100,100254,100,100082,100,100258,100,100061,100,100265,100,100038,100,100270,100,100008,100,100287,100,100007,100,100288,100,100006,100,100399,100,99991,100,100545,100,99958,100
2019-06-28 09:39:00.000000000,100173,387,100131,387,100193,100,100117,100,100254,100,100082,100,100258,100,100061,100,100265,100,100038,100,100270,100,100008,100,100287,100,100007,100,100288,100,100006,100,100399,100,99991,100,100545,100,99958,100
2019-06-28 09:39:05.110095905,100173,387,100131,387,100193,100,100117,200,100254,100,100082,100,100258,100,100061,100,100265,100,100038,100,100270,100,100008,100,100287,100,100007,100,100288,100,100006,100,100399,100,99991,100,100545,100,99958,100
2019-06-28 09:39:10.000000000,100173,198,100131,198,100193,195,100117,295,100254,195,100082,195,100258,100,100061,100,100265,100,100038,100,100270,100,100008,100,100287,100,100007,100,100288,100,100006,100,100399,100,99991,100,100545,100,99958,100
2019-06-28 09:39:15.885007942,100173,98,100131,198,100193,195,100117,395,100254,195,100082,195,100258,100,100061,100,100265,100,100038,100,100270,100,100008,100,100287,100,100007,100,100288,100,100006,100,100399,100,99991,100,100545,100,99958,100
2019-06-28 09:39:20.000000000,100193,387,100131,387,100254,100,100117,300,100258,100,100082,100,100265,100,100061,100,100270,100,100038,100,100287,100,100008,100,100288,100,100007,100,100399,100,100006,100,100545,100,99991,100,100612,100,99958,100
2019-06-28 09:39:30.000000000,100193,387,100131,387,100254,100,100117,300,100258,100,100082,100,100265,100,100061,100,100270,100,100038,100,100287,100,100008,100,100288,100,100007,100,100399,100,100006,100,100545,100,99991,100,100612,100,99958,100
2019-06-28 09:39:36.704372701,100193,387,100131,287,100254,100,100117,300,100258,100,100082,100,100265,100,100061,100,100270,100,100038,100,100287,100,100008,100,100288,100,100007,100,100399,100,100006,100,100545,100,99991,100,100612,100,99958,100
2019-06-28 09:39:39.400112996,100193,387,100131,287,100254,100,100117,300,100258,100,100082,100,100265,100,100061,100,100270,100,100038,100,100287,100,100008,100,100288,100,100007,100,100399,100,100006,100,100545,100,99991,100,100612,100,99958,100
2019-06-28 09:39:40.000000000,100193,157,100117,357,100254,157,100082,157,100258,157,100061,157,100265,157,100038,157,100270,157,100008,157,100287,100,100007,100,100288,100,100006,100,100399,100,99991,100,100545,100,99958,100,100612,100,99953,200
2019-06-28 09:39:43.520905189,100193,57,100117,257,100254,157,100082,157,100258,157,100061,157,100265,157,100038,157,100270,157,100008,157,100287,100,100007,100,100288,100,100006,100,100399,100,99991,100,100545,100,99958,100,100612,100,99953,200
2019-06-28 09:39:50.000000000,100254,157,100117,257,100258,157,100082,157,100265,157,100061,157,100270,157,100038,157,100287,157,100008,157,100288,100,100007,100,100399,100,100006,100,100545,100,99991,100,100612,100,99958,100,100696,100,99953,200
2019-06-28 09:40:00.000000000,100254,244,100117,344,100258,244,100082,244,100265,100,100061,100,100270,100,100038,100,100287,100,100008,100,100288,100,100007,100,100399,100,100006,100,100545,100,99991,100,100612,100,99958,100,100696,100,99953,200
2019-06-28 09:40:05.742080291,100131,100,100117,344,100254,244,100082,144,100258,244,100061,100,100265,100,100038,100,100270,100,100008,100,100287,100,100007,100,100288,100,100006,100,100399,100,99991,100,100545,100,99958,100,100612,100,99953,200
2019-06-28 09:40:10.000000000,100131,244,100117,344,100254,244,100061,244,100258,100,100038,100,100265,100,100008,100,100270,100,100007,100,100287,100,100006,100,100288,100,99991,100,100399,100,99958,100,100545,100,99953,200,100612,100,99921,100
2019-06-28 09:40:20.000000000,100131,198,100117,298,100254,195,100061,195,100258,195,100038,195,100265,100,100008,100,100270,100,100007,100,100287,100,100006,100,100288,100,99991,100,100399,100,99958,100,100545,100,99953,200,100612,100,99921,100
2019-06-28 09:40:21.606857315,100131,198,100117,298,100254,195,100061,195,100258,195,100038,195,100265,100,100008,100,100270,100,100007,100,100287,100,100006,100,100288,100,99991,100,100399,100,99958,100,100545,100,99953,200,100612,100,99921,100
2019-06-28 09:40:30.000000000,100131,172,100117,272,100254,172,100061,172,100258,172,100038,172,100265,172,100008,172,100270,100,100007,100,100287,100,100006,100,100288,100,99991,100,100399,100,99958,100,100545,100,99953,200,100612,100,99921,100
2019-06-28 09:40:37.095301993,100131,272,100117,272,100254,172,100061,172,100258,172,100038,172,100265,172,100008,172,100270,100,100007,100,100287,100,100006,100,100288,100,99991,100,100399,100,99958,100,100545,100,99953,200,100612,100,99921,100
2019-06-28 09:40:40.000000000,100131,257,100117,257,100254,157,100061,157,100258,157,100038,157,100265,157,100008,157,100270,157,100007,157,100287,100,100006,100,100288,100,99991,100,100399,100,99958,100,100545,100,99953,200,100612,100,99921,100
2019-06-28 09:40:50.000000000,100131,487,100117,487,100254,100,100061,100,100258,100,100038,100,100265,100,100008,100,100270,100,100007,100,100287,100,100006,100,100288,100,99991,100,100399,100,99958,100,100545,100,99953,200,100612,100,99921,100
2019-06-28 09:41:00.000000000,100131,298,100117,298,100254,195,100061,195,100258,195,100038,195,100265,100,100008,100,100270,100,100007,100,100287,100,100006,100,100288,100,99991,100,100399,100,99958,100,100545,100,99953,200,100612,100,99921,100
2019-06-28 09:41:10.000000000,100131,257,100117,257,100254,157,100061,157,100258,157,100038,157,100265,157,100008,157,100270,157,100007,157,100287,100,100006,100,100288,100,99991,100,100399,100,99958,100,100545,100,99953,200,100612,100,99921,100
2019-06-28 09:41:12.652812001,100131,157,100117,257,100254,157,100061,157,100258,157,100038,157,100265,157,100008,157,100270,157,100007,157,100287,100,100006,100,100288,100,99991,100,100399,100,99958,100,100545,100,99953,200,100612,100,99921,100
2019-06-28 09:41:20.000000000,100131,244,100117,344,100254,244,100061,244,100258,100,100038,100,100265,100,100008,100,100270,100,100007,100,100287,100,100006,100,100288,100,99991,100,100399,100,99958,100,100545,100,99953,200,100612,100,99921,100
2019-06-28 09:41:30.000000000,100131,157,100117,257,100254,157,100061,157,100258,157,100038,157,100265,157,100008,157,100270,157,100007,157,100287,100,100006,100,100288,100,99991,100,100399,100,99958,100,100545,100,99953,200,100612,100,99921,100
2019-06-28 09:41:40.000000000,100131,172,100117,272,100254,172,100061,172,100258,172,100038,172,100265,172,100008,172,100270,100,100007,100,100287,100,100006,100,100288,100,99991,100,100399,100,99958,100,100545,100,99953,200,100612,100,99921,100
2019-06-28 09:41:42.629932610,100131,172,100117,172,100254,172,100061,172,100258,172,100038,172,100265,72,100008,172,100270,100,100007,100,100287,100,100006,100,100288,100,99991,100,100399,100,99958,100,100545,100,99953,200,100612,100,99921,100
2019-06-28 09:41:50.000000000,100131,172,100117,172,100254,172,100061,172,100258,172,100038,172,100270,172,100008,172,100287,100,100007,100,100288,100,100006,100,100399,100,99991,100,100545,100,99958,100,100612,100,99953,200,100696,100,99921,100
2019-06-28 09:42:00.000000000,100131,387,100117,387,100254,100,100061,100,100258,100,100038,100,100270,100,100008,100,100287,100,100007,100,100288,100,100006,100,100399,100,99991,100,100545,100,99958,100,100612,100,99953,200,100696,100,99921,100
2019-06-28 09:42:10.000000000,100131,157,100117,157,100254,157,100061,157,100258,157,100038,157,100270,157,100008,157,100287,157,100007,157,100288,100,100006,100,100399,100,99991,100,100545,100,99958,100,100612,100,99953,200,100696,100,99921,100
2019-06-28 09:42:20.000000000,100131,172,100117,172,100254,172,100061,172,100258,172,100038,172,100270,172,100008,172,100287,100,100007,100,100288,100,100006,100,100399,100,99991,100,100545,100,99958,100,100612,100,99953,200,100696,100,99921,100
2019-06-28 09:42:30.000000000,100131,157,100117,157,100254,157,100061,157,100258,157,100038,157,100270,157,100008,157,100287,157,100007,157,100288,100,100006,100,100399,100,99991,100,100545,100,99958,100,100612,100,99953,200,100696,100,99921,100
2019-06-28 09:42:30.649683122,100131,157,100117,157,100254,157,100061,157,100258,157,100038,157,100270,157,100008,157,100287,157,100007,157,100288,100,100006,100,100399,100,99991,100,100545,100,99958,100,100612,100,99953,200,100696,100,99921,100
2019-06-28 09:42:40.000000000,100131,157,100117,157,100254,157,100061,157,100258,157,100038,157,100270,157,100008,157,100287,157,100007,157,100288,100,100006,100,100399,100,99991,100,100545,100,99958,100,100612,100,99953,200,100696,100,99921,100
2019-06-28 09:42:50.000000000,100131,157,100117,157,100254,157,100061,157,100258,157,100038,157,100270,157,100008,157,100287,157,100007,157,100288,100,100006,100,100399,100,99991,100,100545,100,99958,100,100612,100,99953,200,100696,100,99921,100
2019-06-28 09:43:00.000000000,100131,198,100117,198,100254,195,100061,195,100258,195,100038,195,100270,100,100008,100,100287,100,100007,100,100288,100,100006,100,100399,100,99991,100,100545,100,99958,100,100612,100,99953,200,100696,100,99921,100
2019-06-28 09:43:04.665047896,100131,198,100117,198,100254,195,100061,195,100258,195,100038,195,100270,100,100008,100,100287,100,100007,100,100288,100,100006,100,100399,100,99991,100,100545,100,99958,100,100612,100,99953,200,100696,100,99921,100
2019-06-28 09:43:10.000000000,100131,157,100117,157,100254,157,100061,157,100258,157,100038,157,100270,157,100008,157,100287,157,100007,157,100288,100,100006,100,100399,100,99991,100,100545,100,99958,100,100612,100,99953,200,100696,100,99921,100
2019-06-28 09:43:10.988504998,100131,157,100117,57,100254,157,100061,157,100258,157,100038,157,100270,57,100008,157,100287,157,100007,157,100288,100,100006,100,100399,100,99991,100,100545,100,99958,100,100612,100,99953,200,100696,100,99921,100
2019-06-28 09:43:15.348572433,100117,43,100061,157,100131,157,100038,157,100254,157,100008,157,100258,157,100007,157,100270,57,100006,100,100287,157,99991,100,100288,100,99958,100,100399,100,99953,200,100545,100,99921,100,100612,100,99890,200
2019-06-28 09:43:20.000000000,100117,187,100061,244,100131,244,100038,244,100254,100,100008,100,100258,100,100007,100,100287,100,100006,100,100288,100,99991,100,100399,100,99958,100,100545,100,99953,200,100612,100,99921,100,100696,100,99890,200
2019-06-28 09:43:25.091654495,100117,187,100061,244,100131,244,100038,244,100254,100,100008,100,100258,100,100007,100,100287,100,100006,100,100288,100,99991,100,100399,100,99958,100,100545,100,99953,200,100612,100,99921,100,100696,100,99890,200
2019-06-28 09:43:30.000000000,100117,187,100061,244,100131,244,100038,244,100254,100,100008,100,100258,100,100007,100,100287,100,100006,100,100288,100,99991,100,100399,100,99958,100,100545,100,99953,200,100612,100,99921,100,100696,100,99890,200
2019-06-28 09:43:38.253229576,100117,187,100061,144,100131,244,100038,244,100254,100,100008,100,100258,100,100007,100,100287,100,100006,100,100288,100,99991,100,100399,100,99958,100,100545,100,99953,200,100612,100,99921,100,100696,100,99890,200
2019-06-28 09:43:39.355562832,100117,187,100061,44,100131,244,100038,244,100254,100,100008,100,100258,100,100007,100,100287,100,100006,100,100288,100,99991,100,100545,100,99958,100,100612,100,99953,200,100696,100,99921,100,100891,100,99890,200
2019-06-28 09:43:40.000000000,100117,330,100038,387,100131,100,100008,100,100254,100,100007,100,100258,100,100006,100,100287,100,99991,100,100288,100,99958,100,100545,100,99953,200,100612,100,99921,100,100696,100,99890,200,100891,100,99848,100
2019-06-28 09:43:50.000000000,100117,141,100038,198,100131,195,100008,195,100254,195,100007,195,100258,100,100006,100,100287,100,99991,100,100288,100,99958,100,100545,100,99953,200,100612,100,99921,100,100696,100,99890,200,100891,100,99848,100
2019-06-28 09:44:00.000000000,100117,100,100038,157,100131,157,100008,157,100254,157,100007,157,100258,157,100006,157,100287,157,99991,157,100288,100,99958,100,100545,100,99953,200,100612,100,99921,100,100696,100,99890,200,100891,100,99848,100
2019-06-28 09:44:00.907492848,100117,100,100038,157,100131,157,100008,157,100254,157,100007,157,100258,157,100006,157,100287,157,99991,157,100288,100,99958,100,100545,100,99953,200,100612,100,99921,100,100696,100,99890,200,100891,100,99848,100
2019-06-28 09:44:03.088825653,100061,100,100038,157,100117,100,100008,157,100131,157,100007,57,100254,157,100006,157,100258,157,99991,157,100287,157,99958,100,100288,100,99953,200,100545,100,99921,100,100612,100,99890,200,100696,100,99848,100
2019-06-28 09:44:10.000000000,100061,157,100038,157,100117,100,100008,157,100131,157,100006,157,100254,157,99991,157,100258,157,99958,157,100287,100,99953,200,100288,100,99921,100,100545,100,99890,200,100612,100,99848,100,100696,100,99820,100
2019-06-28 09:44:16.254881169,100061,157,100038,57,100117,100,100008,157,100131,157,100006,157,100254,157,99991,157,100258,157,99958,157,100287,100,99953,200,100288,100,99921,100,100545,100,99890,200,100612,100,99848,100,100696,100,99820,100
2019-06-28 09:44:20.000000000,100061,157,100008,157,100117,100,100006,157,100131,157,99991,157,100254,157,99958,157,100258,157,99953,257,100287,100,99921,100,100288,100,99890,200,100545,100,99848,100,100612,100,99820,100,100696,100,99276,100
2019-06-28 09:44:22.601458140,100061,157,100008,157,100117,100,100006,157,100131,157,99991,157,100254,157,99958,157,100258,157,99953,257,100287,100,99890,200,100288,100,99848,100,100545,100,99820,100,100612,100,99276,100,100696,100,98982,100
2019-06-28 09:44:30.000000000,100061,157,100008,157,100117,100,100006,157,100131,157,99991,157,100254,157,99958,157,100258,157,99953,257,100287,100,99890,200,100288,100,99848,100,100545,100,99820,100,100612,100,99276,100,100696,100,98982,100
2019-06-28 09:44:33.006231180,100060,100,100008,157,100061,157,100006,157,100117,100,99991,157,100131,157,99958,157,100254,157,99953,257,100258,157,99890,200,100287,100,99848,100,100288,100,99820,100,100545,100,99276,100,100612,100,98982,100
2019-06-28 09:44:40.000000000,100060,172,100008,172,100061,172,100006,172,100117,115,99991,172,100131,172,99958,172,100254,100,99953,200,100258,100,99890,200,100287,100,99848,100,100288,100,99820,100,100545,100,99276,100,100612,100,98982,100
2019-06-28 09:44:50.000000000,100060,387,100008,387,100061,100,100006,100,100117,43,99991,100,100131,100,99958,100,100254,100,99953,200,100258,100,99890,200,100287,100,99848,100,100288,100,99820,100,100545,100,99276,100,100612,100,98982,100
2019-06-28 09:45:00.000000000,100060,198,100008,198,100061,195,100006,195,100117,138,99991,195,100131,100,99958,100,100254,100,99953,200,100258,100,99890,200,100287,100,99848,100,100288,100,99820,100,100545,100,99276,100,100612,100,98982,100
2019-06-28 09:45:10.000000000,100060,172,100008,172,100061,172,100006,172,100117,115,99991,172,100131,172,99958,172,100254,100,99953,200,100258,100,99890,200,100287,100,99848,100,100288,100,99820,100,100545,100,99276,100,100612,100,98982,100
2019-06-28 09:45:15.097962130,100060,172,100008,72,100061,172,100006,172,100117,115,99991,172,100131,172,99958,172,100254,100,99953,200,100258,100,99890,200,100287,100,99848,100,100288,100,99820,100,100545,100,99276,100,100612,100,98982,100
2019-06-28 09:45:17.918703685,100008,28,100006,172,100060,172,99991,172,100061,172,99958,172,100117,115,99953,200,100131,172,99890,200,100254,100,99848,100,100258,100,99820,100,100287,100,99276,100,100288,100,98982,100,100545,100,98793,100
2019-06-28 09:45:20.000000000,100008,172,100006,244,100060,244,99991,244,100061,100,99958,100,100117,43,99953,200,100131,100,99890,200,100254,100,99848,100,100258,100,99820,100,100287,100,99276,100,100288,100,98982,100,100545,100,98793,100
2019-06-28 09:45:30.000000000,100008,126,100006,198,100060,195,99991,195,100061,195,99958,195,100117,43,99953,200,100131,100,99890,200,100254,100,99848,100,100258,100,99820,100,100287,100,99276,100,100288,100,98982,100,100545,100,98793,100
2019-06-28 09:45:40.000000000,100008,85,100006,157,100060,157,99991,157,100061,157,99958,157,100117,100,99953,257,100131,157,99890,257,100254,100,99848,100,100258,100,99820,100,100287,100,99276,100,100288,100,98982,100,100545,100,98793,100
2019-06-28 09:45:50.000000000,100008,315,100006,387,100060,100,99991,100,100061,100,99958,100,100117,43,99953,200,100131,100,99890,200,100254,100,99848,100,100258,100,99820,100,100287,100,99276,100,100288,100,98982,100,100545,100,98793,100
2019-06-28 09:46:00.000000000,100008,100,100006,172,100060,172,99991,172,100061,172,99958,172,100117,115,99953,272,100131,100,99890,200,100254,100,99848,100,100258,100,99820,100,100287,100,99276,100,100288,100,98982,100,100545,100,98793,100
2019-06-28 09:46:05.189139493,100008,200,100006,172,100060,172,99991,172,100061,172,99958,172,100117,115,99953,272,100131,100,99890,200,100254,100,99848,100,100258,100,99820,100,100287,100,99276,100,100288,100,98982,100,100545,100,98793,100
2019-06-28 09:46:10.000000000,100008,226,100006,198,100060,195,99991,195,100061,195,99958,195,100117,43,99953,200,100131,100,99890,200,100254,100,99848,100,100258,100,99820,100,100287,100,99276,100,100288,100,98982,100,100545,100,98793,100
2019-06-28 09:46:20.000000000,100008,226,100006,198,100060,195,99991,195,100061,195,99958,195,100117,43,99953,200,100131,100,99890,200,100254,100,99848,100,100258,100,99820,100,100287,100,99276,100,100288,100,98982,100,100545,100,98793,100
2019-06-28 09:46:30.000000000,100008,272,100006,244,100060,244,99991,244,100061,100,99958,100,100117,43,99953,200,100131,100,99890,200,100254,100,99848,100,100258,100,99820,100,100287,100,99276,100,100288,100,98982,100,100545,100,98793,100
2019-06-28 09:46:33.611134077,100008,272,100006,144,100060,244,99991,244,100061,100,99958,100,100117,43,99953,200,100131,100,99890,200,100254,100,99848,100,100258,100,99820,100,100287,100,99276,100,100288,100,98982,100,100545,100,98793,100
2019-06-28 09:46:37.713947236,100008,272,100006,144,100060,244,99991,244,100061,100,99958,100,100117,43,99953,200,100131,100,99890,200,100254,100,99848,100,100258,100,99820,100,100287,100,99665,100,100288,100,99276,100,100545,100,98982,100
2019-06-28 09:46:40.000000000,100008,185,99991,157,100060,157,99958,157,100061,157,99953,257,100117,100,99890,257,100131,157,99848,157,100254,100,99820,100,100258,100,99665,100,100287,100,99276,100,100288,100,98982,100,100545,100,98793,100
2019-06-28 09:46:45.742155807,100008,185,99991,157,100060,157,99958,157,100061,157,99953,257,100117,100,99940,100,100131,157,99890,257,100254,100,99848,157,100258,100,99820,100,100287,100,99276,100,100288,100,98982,100,100545,100,98793,100
2019-06-28 09:46:46.954396078,100008,185,99991,157,100060,157,99958,157,100061,157,99953,257,100117,100,99940,100,100131,157,99890,257,100254,100,99848,157,100287,100,99820,100,100288,100,99780,100,100545,100,99276,100,100612,100,98982,100
2019-06-28 09:46:50.000000000,100008,185,99991,157,100060,157,99958,157,100061,157,99953,257,100117,100,99940,157,100131,157,99890,257,100254,100,99848,100,100287,100,99820,100,100288,100,99780,100,100545,100,99276,100,100612,100,98982,100
2019-06-28 09:47:00.000000000,100008,185,99991,157,100060,157,99958,157,100061,157,99953,257,100117,100,99940,157,100131,157,99890,257,100254,100,99848,100,100287,100,99820,100,100288,100,99780,100,100545,100,99276,100,100612,100,98982,100
2019-06-28 09:47:08.688863195,100008,185,99991,157,100060,157,99958,157,100061,157,99953,257,100117,100,99940,157,100131,157,99890,257,100254,100,99848,100,100287,100,99820,100,100288,100,99780,100,100545,100,99635,100,100612,100,99276,100
2019-06-28 09:47:10.000000000,100008,226,99991,198,100060,195,99958,195,100061,195,99953,295,100117,43,99940,100,100131,100,99890,200,100254,100,99848,100,100287,100,99820,100,100288,100,99780,100,100545,100,99635,100,100612,100,99276,100
2019-06-28 09:47:12.978162009,100008,226,99991,98,100060,195,99958,195,100061,195,99953,295,100117,43,99940,100,100131,100,99890,200,100254,100,99820,100,100287,100,99780,100,100288,100,99635,100,100545,100,99276,100,100612,100,98982,100
2019-06-28 09:47:19.565029798,100008,226,99991,98,100060,195,99958,195,100061,195,99953,295,100117,43,99940,100,100131,100,99890,100,100254,100,99872,100,100287,100,99820,100,100288,100,99780,100,100545,100,99635,100,100612,100,99276,100
2019-06-28 09:47:20.000000000,100008,226,99958,198,100060,195,99953,295,100061,195,99940,195,100117,43,99890,100,100131,100,99872,100,100254,100,99820,100,100287,100,99780,100,100288,100,99635,100,100545,100,99276,100,100612,100,98982,100
2019-06-28 09:47:30.000000000,100008,226,99958,198,100060,195,99953,295,100061,195,99940,195,100117,43,99890,100,100131,100,99872,100,100254,100,99820,100,100287,100,99780,100,100288,100,99635,100,100545,100,99276,100,100612,100,98982,100
2019-06-28 09:47:36.639615950,100008,126,99958,198,100060,195,99953,295,100061,195,99940,195,100117,43,99890,100,100131,100,99872,100,100254,100,99820,100,100287,100,99780,100,100288,100,99635,100,100545,100,99276,100,100612,100,98982,100
2019-06-28 09:47:37.915300442,100008,126,99958,198,100060,195,99953,295,100061,195,99940,195,100117,43,99890,100,100131,100,99872,100,100149,100,99820,100,100254,100,99780,100,100287,100,99635,100,100288,100,99276,100,100545,100,98982,100
2019-06-28 09:47:40.000000000,100008,315,99958,387,100060,100,99953,200,100061,100,99940,100,100117,43,99890,100,100131,100,99872,100,100149,100,99820,100,100254,100,99780,100,100287,100,99635,100,100288,100,99276,100,100545,100,98982,100
2019-06-28 09:47:50.000000000,100008,172,99958,244,100060,244,99953,344,100061,100,99940,100,100117,43,99890,100,100131,100,99872,100,100149,100,99820,100,100254,100,99780,100,100287,100,99635,100,100288,100,99276,100,100545,100,98982,100
2019-06-28 09:48:00.000000000,100008,100,99958,172,100060,172,99953,272,100061,172,99940,172,100117,115,99890,172,100131,100,99872,100,100149,100,99820,100,100254,100,99780,100,100287,100,99635,100,100288,100,99276,100,100545,100,98982,100
2019-06-28 09:48:00.862126427,100060,172,99958,172,100061,172,99953,272,100117,115,99940,172,100131,100,99890,172,100149,100,99872,100,100254,100,99820,100,100287,100,99780,100,100288,100,99635,100,100545,100,99276,100,100612,100,98982,100
2019-06-28 09:48:10.000000000,100060,172,99958,172,100061,172,99953,272,100117,115,99940,172,100131,172,99890,172,100149,100,99872,100,100254,100,99820,100,100287,100,99780,100,100288,100,99635,100,100545,100,99276,100,100612,100,98982,100
2019-06-28 09:48:20.000000000,100060,387,99958,387,100061,100,99953,200,100117,43,99940,100,100131,100,99890,100,100149,100,99872,100,100254,100,99820,100,100287,100,99780,100,100288,100,99635,100,100545,100,99276,100,100612,100,98982,100
2019-06-28 09:48:21.204551161,100060,387,99958,387,100061,100,99953,200,100117,43,99940,100,100131,100,99890,100,100149,100,99872,100,100254,100,99820,100,100287,100,99780,100,100288,100,99635,100,100308,100,99276,100,100545,100,98982,100
2019-06-28 09:48:26.786564999,100060,287,99958,387,100061,100,99953,200,100117,43,99940,100,100131,100,99890,100,100149,100,99872,100,100254,100,99820,100,100288,100,99780,100,100308,100,99635,100,100545,100,99276,100,100612,100,98982,100
2019-06-28 09:48:30.000000000,100061,198,99958,198,100117,138,99953,295,100131,195,99940,195,100149,100,99890,100,100254,100,99872,100,100288,100,99820,100,100308,100,99780,100,100545,100,99635,100,100612,100,99276,100,100696,100,98982,100
2019-06-28 09:48:40.000000000,100061,198,99958,198,100117,138,99953,295,100131,195,99940,195,100149,100,99890,100,100254,100,99872,100,100288,100,99820,100,100308,100,99780,100,100545,100,99635,100,100612,100,99276,100,100696,100,98982,100
2019-06-28 09:48:46.237493797,100061,198,99958,198,100117,138,99953,295,100131,195,99940,195,100149,100,99890,100,100254,100,99872,100,100288,100,99820,100,100308,100,99780,100,100541,100,99635,100,100545,100,99276,100,100612,100,98982,100
2019-06-28 09:48:50.000000000,100061,172,99958,172,100117,115,99953,272,100131,172,99940,172,100149,172,99890,172,100254,100,99872,100,100288,100,99820,100,100308,100,99780,100,100541,100,99635,100,100545,100,99276,100,100612,100,98982,100
2019-06-28 09:48:53.745070880,100061,172,100037,100,100117,115,99958,172,100131,172,99953,272,100149,172,99940,172,100254,100,99890,172,100288,100,99872,100,100308,100,99820,100,100541,100,99780,100,100545,100,99635,100,100612,100,99276,100
2019-06-28 09:49:00.000000000,100061,387,100037,387,100117,43,99958,100,100131,100,99953,200,100149,100,99940,100,100254,100,99890,100,100288,100,99872,100,100308,100,99820,100,100541,100,99780,100,100545,100,99635,100,100612,100,99276,100
2019-06-28 09:49:10.000000000,100061,157,100037,157,100117,100,99958,157,100131,157,99953,257,100149,157,99940,157,100254,157,99890,157,100288,100,99872,100,100308,100,99820,100,100541,100,99780,100,100545,100,99635,100,100612,100,99276,100
2019-06-28 09:49:17.609318135,100061,57,100037,157,100117,100,99958,157,100131,157,99953,257,100149,157,99940,157,100254,157,99890,157,100288,100,99872,100,100308,100,99820,100,100541,100,99780,100,100545,100,99635,100,100612,100,99276,100
2019-06-28 09:49:20.000000000,100117,115,100037,172,100131,172,99958,172,100149,172,99953,272,100254,172,99940,172,100288,100,99890,100,100308,100,99872,100,100541,100,99820,100,100545,100,99780,100,100612,100,99635,100,100696,100,99276,100
2019-06-28 09:49:28.226718322,100117,115,100037,172,100131,172,99958,172,100149,172,99953,272,100254,172,99940,172,100288,100,99890,100,100308,100,99872,100,100541,100,99820,100,100545,100,99780,100,100612,100,99635,100,100696,100,99276,100
2019-06-28 09:49:30.000000000,100117,187,100037,244,100131,244,99958,244,100149,100,99953,200,100254,100,99940,100,100288,100,99890,100,100308,100,99872,100,100541,100,99820,100,100545,100,99780,100,100612,100,99635,100,100696,100,99276,100
2019-06-28 09:49:40.000000000,100117,141,100037,198,100131,195,99958,195,100149,195,99953,295,100254,100,99940,100,100288,100,99890,100,100308,100,99872,100,100541,100,99820,100,100545,100,99780,100,100612,100,99635,100,100696,100,99276,100
2019-06-28 09:49:50.000000000,100117,187,100037,244,100131,244,99958,244,100149,100,99953,200,100254,100,99940,100,100288,100,99890,100,100308,100,99872,100,100541,100,99820,100,100545,100,99780,100,100612,100,99635,100,100696,100,99276,100
2019-06-28 09:49:56.771993790,100117,187,100037,244,100131,244,99958,244,100149,100,99953,200,100254,100,99940,100,100288,100,99890,100,100308,100,99872,100,100541,100,99820,100,100545,100,99780,100,100612,100,99635,100,100615,100,99276,100
2019-06-28 09:49:59.670872912,100117,87,100037,244,100131,244,99958,244,100149,100,99953,200,100254,100,99940,100,100288,100,99890,100,100308,100,99872,100,100541,100,99820,100,100545,100,99780,100,100612,100,99635,100,100696,100,99276,100
2019-06-28 09:50:00.000000000,100131,387,100037,387,100149,100,99958,100,100254,100,99953,200,100288,100,99940,100,100308,100,99890,100,100541,100,99872,100,100545,100,99820,100,100612,100,99780,100,100696,100,99635,100,100842,100,99276,100
2019-06-28 09:50:06.605284285,100131,287,100037,387,100149,100,99958,100,100254,100,99953,200,100288,100,99940,100,100308,100,99890,100,100541,100,99872,100,100545,100,99820,100,100612,100,99780,100,100696,100,99635,100,100842,100,99276,100
2019-06-28 09:50:06.861707885,100131,287,100037,387,100149,100,100004,100,100254,100,99958,100,100288,100,99953,200,100308,100,99940,100,100541,100,99890,100,100545,100,99872,100,100612,100,99820,100,100696,100,99780,100,100842,100,99276,100
2019-06-28 09:50:10.000000000,100149,244,100037,244,100254,244,100004,244,100288,100,99958,100,100308,100,99953,200,100541,100,99940,100,100545,100,99890,100,100612,100,99872,100,100696,100,99820,100,100842,100,99780,100,100891,100,99276,100
2019-06-28 09:50:15.399829598,100149,244,100037,244,100254,244,100004,244,100288,100,99958,100,100308,100,99953,200,100424,100,99940,100,100541,100,99890,100,100545,100,99872,100,100612,100,99820,100,100696,100,99780,100,100842,100,99276,100
2019-06-28 09:50:20.000000000,100149,172,100037,172,100254,172,100004,172,100288,172,99958,172,100308,172,99953,272,100424,100,99940,100,100541,100,99890,100,100545,100,99872,100,100612,100,99820,100,100696,100,99780,100,100842,100,99276,100
2019-06-28 09:50:27.444704158,100149,172,100037,172,100254,172,100004,172,100288,172,99958,172,100308,172,99953,272,100404,100,99940,100,100424,100,99890,100,100541,100,99872,100,100545,100,99820,100,100612,100,99780,100,100696,100,99276,100
2019-06-28 09:50:29.439883101,100149,172,100117,100,100254,172,100037,172,100288,172,100004,172,100308,172,99958,172,100404,100,99953,272,100424,100,99940,100,100541,100,99890,100,100545,100,99872,100,100612,100,99820,100,100696,100,99780,100
2019-06-28 09:50:30.000000000,100149,387,100117,387,100254,100,100037,100,100288,100,100004,100,100308,100,99958,100,100404,100,99953,200,100424,100,99940,100,100541,100,99890,100,100545,100,99872,100,100612,100,99820,100,100696,100,99780,100
2019-06-28 09:50:33.271825458,100149,387,100117,487,100254,100,100037,100,100288,100,100004,100,100308,100,99958,100,100404,100,99953,200,100424,100,99940,100,100541,100,99890,100,100545,100,99872,100,100612,100,99820,100,100696,100,99780,100
2019-06-28 09:50:40.000000000,100149,157,100117,257,100254,157,100037,157,100288,157,100004,157,100308,157,99958,157,100404,157,99953,257,100424,100,99940,100,100541,100,99890,100,100545,100,99872,100,100612,100,99820,100,100696,100,99780,100
2019-06-28 09:50:46.665808691,100149,157,100117,357,100254,157,100037,157,100288,157,100004,157,100308,157,99958,157,100404,157,99953,257,100424,100,99940,100,100541,100,99890,100,100545,100,99872,100,100612,100,99820,100,100696,100,99780,100
2019-06-28 09:50:50.000000000,100149,244,100117,444,100254,244,100037,244,100288,100,100004,100,100308,100,99958,100,100404,100,99953,200,100424,100,99940,100,100541,100,99890,100,100545,100,99872,100,100612,100,99820,100,100696,100,99780,100
2019-06-28 09:51:00.000000000,100149,157,100117,357,100254,157,100037,157,100288,157,100004,157,100308,157,99958,157,100404,157,99953,257,100424,100,99940,100,100541,100,99890,100,100545,100,99872,100,100612,100,99820,100,100696,100,99780,100
2019-06-28 09:51:10.000000000,100149,198,100117,398,100254,195,100037,195,100288,195,100004,195,100308,100,99958,100,100404,100,99953,200,100424,100,99940,100,100541,100,99890,100,100545,100,99872,100,100612,100,99820,100,100696,100,99780,100
2019-06-28 09:51:20.000000000,100149,387,100117,587,100254,100,100037,100,100288,100,100004,100,100308,100,99958,100,100404,100,99953,200,100424,100,99940,100,100541,100,99890,100,100545,100,99872,100,100612,100,99820,100,100696,100,99780,100
2019-06-28 09:51:21.129559844,100149,387,100117,487,100254,100,100037,100,100288,100,100004,100,100308,100,99958,100,100404,100,99953,200,100424,100,99940,100,100541,100,99890,100,100545,100,99872,100,100612,100,99820,100,100696,100,99780,100
2019-06-28 09:51:26.439585039,100149,387,100117,387,100254,100,100037,100,100288,100,100004,100,100308,100,99958,100,100404,100,99953,100,100424,100,99940,100,100541,100,99890,100,100545,100,99872,100,100612,100,99820,100,100696,100,99780,100
2019-06-28 09:51:30.000000000,100149,387,100117,387,100254,100,100037,100,100288,100,100004,100,100308,100,99958,100,100404,100,99953,100,100424,100,99940,100,100541,100,99890,100,100545,100,99872,100,100612,100,99820,100,100696,100,99780,100
2019-06-28 09:51:34.185538256,100149,287,100117,287,100254,100,100037,100,100288,100,100004,100,100308,100,99958,100,100404,100,99953,100,100424,100,99940,100,100541,100,99890,100,100545,100,99872,100,100612,100,99820,100,100696,100,99780,100
2019-06-28 09:51:40.000000000,100254,244,100037,244,100288,244,100004,244,100308,100,99958,100,100404,100,99953,100,100424,100,99940,100,100541,100,99890,100,100545,100,99872,100,100612,100,99820,100,100696,100,99780,100,100842,100,99276,100
2019-06-28 09:51:50.000000000,100254,172,100037,172,100288,172,100004,172,100308,172,99958,172,100404,172,99953,172,100424,100,99940,100,100541,100,99890,100,100545,100,99872,100,100612,100,99820,100,100696,100,99780,100,100842,100,99276,100
2019-06-28 09:51:51.512510033,100254,172,100037,172,100288,172,100004,172,100308,172,99958,172,100404,172,99953,172,100424,100,99940,100,100541,100,99890,100,100545,100,99820,100,100612,100,99780,100,100696,100,99645,100,100842,100,99276,100
2019-06-28 09:52:00.000000000,100254,172,100037,172,100288,172,100004,172,100308,172,99958,172,100404,172,99953,172,100424,100,99940,100,100541,100,99890,100,100545,100,99820,100,100612,100,99780,100,100696,100,99645,100,100842,100,99276,100
2019-06-28 09:52:10.000000000,100254,157,100037,157,100288,157,100004,157,100308,157,99958,157,100404,157,99953,157,100424,157,99940,157,100541,100,99890,100,100545,100,99820,100,100612,100,99780,100,100696,100,99645,100,100842,100,99276,100
2019-06-28 09:52:17.002472950,100117,100,100037,157,100254,157,100004,157,100288,157,99958,157,100308,157,99953,157,100404,157,99940,157,100424,157,99890,100,100541,100,99820,100,100545,100,99780,100,100612,100,99645,100,100696,100,99276,100
2019-06-28 09:52:20.000000000,100117,157,100037,157,100254,157,100004,157,100288,157,99958,157,100308,157,99953,157,100404,157,99940,157,100424,100,99890,100,100541,100,99820,100,100545,100,99780,100,100612,100,99645,100,100696,100,99276,100
2019-06-28 09:52:25.825804160,100117,257,100037,157,100254,157,100004,157,100288,157,99958,157,100308,157,99953,157,100404,157,99940,157,100424,100,99890,100,100541,100,99820,100,100545,100,99780,100,100612,100,99645,100,100696,100,99276,100
2019-06-28 09:52:30.000000000,100117,344,100037,244,100254,244,100004,244,100288,100,99958,100,100308,100,99953,100,100404,100,99940,100,100424,100,99890,100,100541,100,99820,100,100545,100,99780,100,100612,100,99645,100,100696,100,99276,100
2019-06-28 09:52:34.402239432,100117,344,100037,144,100254,244,100004,244,100288,100,99958,100,100308,100,99953,100,100404,100,99940,100,100424,100,99890,100,100541,100,99820,100,100545,100,99780,100,100612,100,99645,100,100842,100,99276,100
2019-06-28 09:52:40.000000000,100117,344,100004,244,100254,244,99958,244,100288,100,99953,100,100308,100,99940,100,100404,100,99890,100,100424,100,99820,100,100541,100,99780,100,100545,100,99645,100,100612,100,99276,100,100842,100,98718,100
2019-06-28 09:52:50.000000000,100117,344,100004,244,100254,244,99958,244,100288,100,99953,100,100308,100,99940,100,100404,100,99890,100,100424,100,99820,100,100541,100,99780,100,100545,100,99645,100,100612,100,99276,100,100842,100,98718,100
2019-06-28 09:52:54.167525433,100116,100,100004,244,100117,344,99958,244,100254,244,99953,100,100288,100,99940,100,100308,100,99890,100,100404,100,99820,100,100424,100,99780,100,100541,100,99645,100,100545,100,99276,100,100612,100,98718,100
2019-06-28 09:53:00.000000000,100116,198,100004,198,100117,295,99958,195,100254,195,99953,195,100288,100,99940,100,100308,100,99890,100,100404,100,99820,100,100424,100,99780,100,100541,100,99645,100,100545,100,99276,100,100612,100,98718,100
2019-06-28 09:53:04.137506732,100116,198,100004,198,100117,295,99958,195,100254,195,99953,195,100288,100,99940,100,100308,100,99890,100,100404,100,99820,100,100424,100,99780,100,100541,100,99645,100,100545,100,99444,100,100612,100,99276,100
2019-06-28 09:53:06.492633112,100116,198,100004,198,100117,295,99958,195,100254,195,99953,195,100288,100,99940,100,100308,100,99890,100,100404,100,99820,100,100424,100,99780,100,100541,100,99645,100,100545,100,99506,100,100612,100,99444,100
2019-06-28 09:53:06.500415764,100116,198,100004,98,100117,295,99958,195,100254,195,99953,195,100288,100,99940,100,100308,100,99890,100,100404,100,99820,100,100424,100,99780,100,100541,100,99645,100,100545,100,99506,100,100612,100,99444,100
2019-06-28 09:53:10.000000000,100116,387,99958,387,100117,200,99953,100,100254,100,99940,100,100288,100,99890,100,100308,100,99820,100,100404,100,99780,100,100424,100,99645,100,100541,100,99506,100,100545,100,99444,100,100612,100,99276,100
2019-06-28 09:53:20.000000000,100116,172,99958,172,100117,272,99953,172,100254,172,99940,172,100288,172,99890,172,100308,100,99820,100,100404,100,99780,100,100424,100,99645,100,100541,100,99506,100,100545,100,99444,100,100612,100,99276,100
2019-06-28 09:53:30.000000000,100116,172,99958,172,100117,272,99953,172,100254,172,99940,172,100288,172,99890,172,100308,100,99820,100,100404,100,99780,100,100424,100,99645,100,100541,100,99506,100,100545,100,99444,100,100612,100,99276,100
2019-06-28 09:53:37.924966023,100037,100,99958,172,100116,172,99953,172,100117,272,99940,172,100254,172,99890,172,100288,172,99820,100,100308,100,99780,100,100404,100,99645,100,100424,100,99506,100,100541,100,99444,100,100545,100,99276,100
2019-06-28 09:53:40.000000000,100037,172,99958,172,100116,172,99953,172,100117,272,99940,172,100254,172,99890,172,100288,100,99820,100,100308,100,99780,100,100404,100,99645,100,100424,100,99506,100,100541,100,99444,100,100545,100,99276,100
2019-06-28 09:53:44.920225597,100037,172,99958,72,100116,172,99953,172,100117,272,99940,72,100254,172,99890,172,100288,100,99820,100,100308,100,99780,100,100404,100,99645,100,100424,100,99506,100,100541,100,99444,100,100545,100,99276,100
2019-06-28 09:53:50.000000000,100037,157,99953,157,100116,157,99890,157,100117,257,99820,157,100254,157,99780,157,100288,157,99645,157,100308,100,99506,100,100404,100,99444,100,100424,100,99276,100,100541,100,98718,100,100545,100,98462,100
2019-06-28 09:54:00.000000000,100037,244,99953,244,100116,244,99890,244,100117,200,99820,100,100254,100,99780,100,100288,100,99645,100,100308,100,99506,100,100404,100,99444,100,100424,100,99276,100,100541,100,98718,100,100545,100,98462,100
2019-06-28 09:54:01.297574733,100037,244,99953,144,100116,244,99890,244,100117,200,99820,100,100254,100,99780,100,100288,100,99645,100,100308,100,99506,100,100404,100,99444,100,100424,100,99276,100,100541,100,98718,100,100545,100,98462,100
2019-06-28 09:54:10.000000000,100037,157,99890,157,100116,157,99820,157,100117,257,99780,157,100254,157,99645,157,100288,157,99506,157,100308,100,99444,100,100404,100,99276,100,100424,100,98718,100,100541,100,98462,100,100545,100,,
2019-06-28 09:54:20.000000000,100037,198,99890,198,100116,195,99820,195,100117,295,99780,195,100254,100,99645,100,100288,100,99506,100,100308,100,99444,100,100404,100,99276,100,100424,100,98718,100,100541,100,98462,100,100545,100,,
2019-06-28 09:54:25.139336719,100037,198,99890,198,100116,195,99820,195,100117,295,99780,195,100254,100,99645,100,100288,100,99506,100,100308,100,99444,100,100404,100,99276,100,100424,100,99100,100,100541,100,98718,100,100545,100,98462,100
2019-06-28 09:54:30.000000000,100037,198,99890,198,100116,195,99820,195,100117,295,99780,195,100254,100,99645,100,100288,100,99506,100,100308,100,99444,100,100404,100,99276,100,100424,100,99100,100,100541,100,98718,100,100545,100,98462,100
2019-06-28 09:54:30.366031466,100037,198,99890,98,100116,195,99820,195,100117,295,99780,195,100254,100,99645,100,100288,100,99506,100,100308,100,99444,100,100404,100,99276,100,100424,100,98718,100,100541,100,98462,100,100545,100,,
2019-06-28 09:54:40.000000000,100037,244,99820,244,100116,244,99780,244,100117,200,99645,100,100254,100,99506,100,100288,100,99444,100,100308,100,99276,100,100404,100,98718,100,100424,100,98462,100,100541,100,,,100545,100,,
2019-06-28 09:54:50.000000000,100037,244,99820,244,100116,244,99780,244,100117,200,99645,100,100254,100,99506,100,100288,100,99444,100,100308,100,99276,100,100404,100,98718,100,100424,100,98462,100,100541,100,,,100545,100,,
2019-06-28 09:55:00.000000000,100037,198,99820,198,100116,195,99780,195,100117,295,99645,195,100254,100,99506,100,100288,100,99444,100,100308,100,99276,100,100404,100,98718,100,100424,100,98462,100,100541,100,,,100545,100,,
2019-06-28 09:55:10.000000000,100037,244,99820,244,100116,244,99780,244,100117,200,99645,100,100254,100,99506,100,100288,100,99444,100,100308,100,99276,100,100404,100,98718,100,100424,100,98462,100,100541,100,,,100545,100,,
2019-06-28 09:55:20.000000000,100037,244,99820,244,100116,244,99780,244,100117,200,99645,100,100254,100,99506,100,100288,100,99444,100,100308,100,99276,100,100404,100,98718,100,100424,100,98462,100,100541,100,,,100545,100,,
2019-06-28 09:55:30.000000000,100037,157,99820,157,100116,157,99780,157,100117,257,99645,157,100254,157,99506,157,100288,157,99444,157,100308,100,99276,100,100404,100,98718,100,100424,100,98462,100,100541,100,,,100545,100,,
2019-06-28 09:55:34.081160495,99953,100,99820,157,100037,157,99780,157,100116,157,99645,157,100117,257,99506,157,100254,157,99444,157,100288,157,99276,100,100308,100,98718,100,100404,100,98462,100,100424,100,,,100541,100,,
2019-06-28 09:55:40.000000000,99953,157,99820,157,100037,157,99780,157,100116,157,99645,157,100117,257,99506,157,100254,157,99444,157,100288,100,99276,100,100308,100,98718,100,100404,100,98462,100,100424,100,,,100541,100,,
2019-06-28 09:55:50.000000000,99953,157,99820,157,100037,157,99780,157,100116,157,99645,157,100117,257,99506,157,100254,157,99444,157,100288,100,99276,100,100308,100,98718,100,100404,100,98462,100,100424,100,,,100541,100,,
2019-06-28 09:56:00.000000000,99953,387,99820,387,100037,100,99780,100,100116,100,99645,100,100117,200,99506,100,100254,100,99444,100,100288,100,99276,100,100308,100,98718,100,100404,100,98462,100,100424,100,,,100541,100,,
2019-06-28 09:56:00.650408038,99953,387,99820,287,100037,100,99780,100,100116,100,99645,100,100117,200,99506,100,100254,100,99444,100,100288,100,99276,100,100404,100,98718,100,100424,100,98462,100,100541,100,,,100545,100,,
2019-06-28 09:56:09.983388666,99953,387,99820,187,100037,100,99780,100,100116,100,99645,100,100117,200,99506,100,100254,100,99444,100,100288,100,99276,100,100404,100,98718,100,100424,100,98462,100,100541,100,,,100545,100,,
2019-06-28 09:56:10.000000000,99953,244,99780,244,100037,244,99645,244,100116,100,99506,100,100117,200,99444,100,100254,100,99276,100,100288,100,98718,100,100404,100,98462,100,100424,100,,,100541,100,,,100545,100,,
2019-06-28 09:56:20.000000000,99953,157,99780,157,100037,157,99645,157,100116,157,99506,157,100117,257,99444,157,100254,157,99276,157,100288,100,98718,100,100404,100,98462,100,100424,100,,,100541,100,,,100545,100,,
2019-06-28 09:56:24.346179890,99953,157,99780,57,100037,157,99645,157,100116,157,99506,157,100117,257,99444,157,100254,157,99276,157,100288,100,98718,100,100404,100,98462,100,100424,100,,,100545,100,,,100612,100,,
2019-06-28 09:56:30.000000000,99953,172,99645,172,100037,172,99506,172,100116,172,99444,172,100117,272,99276,172,100254,100,98718,100,100288,100,98462,100,100404,100,,,100424,100,,,100545,100,,,100612,100,,
2019-06-28 09:56:40.000000000,99953,198,99645,198,100037,195,99506,195,100116,195,99444,195,100117,200,99276,100,100254,100,98718,100,100288,100,98462,100,100404,100,,,100424,100,,,100545,100,,,100612,100,,
2019-06-28 09:56:41.667330920,99820,100,99645,198,99953,198,99506,195,100037,195,99444,195,100116,195,99276,100,100117,200,98718,100,100254,100,98462,100,100288,100,,,100404,100,,,100424,100,,,100545,100,,
2019-06-28 09:56:42.365804388,99820,200,99645,198,99953,198,99506,195,100037,195,99444,195,100116,195,99276,100,100117,200,98718,100,100254,100,98462,100,100288,100,,,100404,100,,,100424,100,,,100545,100,,
2019-06-28 09:56:50.000000000,99820,298,99645,198,99953,195,99506,195,100037,195,99444,195,100116,100,99276,100,100117,200,98718,100,100254,100,98462,100,100288,100,,,100404,100,,,100424,100,,,100545,100,,
2019-06-28 09:56:55.304195150,99820,298,99645,98,99953,195,99506,195,100037,195,99444,195,100116,100,99276,100,100117,200,98718,100,100254,100,98462,100,100288,100,,,100404,100,,,100424,100,,,100545,100,,
2019-06-28 09:57:00.000000000,99820,344,99506,244,99953,244,99444,244,100037,100,99276,100,100116,100,98718,100,100117,200,98462,100,100254,100,,,100288,100,,,100404,100,,,100424,100,,,100545,100,,
2019-06-28 09:57:10.000000000,99820,487,99506,387,99953,100,99444,100,100037,100,99276,100,100116,100,98718,100,100117,200,98462,100,100254,100,,,100288,100,,,100404,100,,,100424,100,,,100545,100,,
2019-06-28 09:57:20.000000000,99820,487,99506,387,99953,100,99444,100,100037,100,99276,100,100116,100,98718,100,100117,200,98462,100,100254,100,,,100288,100,,,100404,100,,,100424,100,,,100545,100,,
2019-06-28 09:57:30.000000000,99820,298,99506,198,99953,195,99444,195,100037,195,99276,195,100116,100,98718,100,100117,200,98462,100,100254,100,,,100288,100,,,100404,100,,,100424,100,,,100545,100,,
2019-06-28 09:57:35.707116298,99820,298,99506,198,99953,195,99444,195,100037,195,99302,100,100116,100,99276,195,100117,200,98718,100,100254,100,98462,100,100288,100,,,100404,100,,,100424,100,,,100545,100,,
2019-06-28 09:57:40.000000000,99820,272,99506,172,99953,172,99444,172,100037,172,99302,172,100116,172,99276,172,100117,200,98718,100,100254,100,98462,100,100288,100,,,100404,100,,,100424,100,,,100545,100,,
2019-06-28 09:57:50.000000000,99820,272,99506,172,99953,172,99444,172,100037,172,99302,172,100116,172,99276,172,100117,200,98718,100,100254,100,98462,100,100288,100,,,100404,100,,,100424,100,,,100545,100,,
2019-06-28 09:58:00.000000000,99820,487,99506,387,99953,100,99444,100,100037,100,99302,100,100116,100,99276,100,100117,200,98718,100,100254,100,98462,100,100288,100,,,100404,100,,,100424,100,,,100545,100,,
2019-06-28 09:58:05.243653600,99820,487,99506,387,99953,100,99498,100,100037,100,99444,100,100116,100,99302,100,100117,200,99276,100,100254,100,98718,100,100288,100,98462,100,100404,100,,,100424,100,,,100545,100,,
2019-06-28 09:58:10.000000000,99820,344,99506,244,99953,244,99498,244,100037,100,99444,100,100116,100,99302,100,100117,200,99276,100,100254,100,98718,100,100288,100,98462,100,100404,100,,,100424,100,,,100545,100,,
2019-06-28 09:58:20.000000000,99820,257,99506,157,99953,157,99498,157,100037,157,99444,157,100116,157,99302,157,100117,257,99276,157,100254,100,98718,100,100288,100,98462,100,100404,100,,,100424,100,,,100545,100,,
2019-06-28 09:58:30.000000000,99820,257,99506,157,99953,157,99498,157,100037,157,99444,157,100116,157,99302,157,100117,257,99276,157,100254,100,98718,100,100288,100,98462,100,100404,100,,,100424,100,,,100545,100,,
2019-06-28 09:58:31.350625935,99534,100,99506,157,99820,257,99498,157,99953,157,99444,157,100037,157,99302,157,100116,157,99276,157,100117,257,98718,100,100254,100,98462,100,100288,100,,,100404,100,,,100424,100,,
2019-06-28 09:58:37.573117110,99534,100,99506,57,99700,100,99498,157,99820,257,99444,157,99953,157,99302,157,100037,157,99276,157,100116,157,98718,100,100117,257,98462,100,100254,100,,,100288,100,,,100404,100,,
2019-06-28 09:58:40.000000000,99534,157,99498,157,99700,157,99444,157,99820,257,99302,157,99953,157,99276,157,100037,157,98718,157,100116,100,98462,100,100117,200,,,100254,100,,,100288,100,,,100404,100,,
2019-06-28 09:58:41.107418991,99534,157,99498,157,99700,157,99444,157,99820,257,99302,157,99953,157,99276,157,100037,157,99207,100,100116,100,98718,157,100117,200,98462,100,100254,100,,,100288,100,,,100404,100,,
2019-06-28 09:58:46.642902059,99534,157,99498,157,99700,157,99444,157,99780,100,99302,157,99820,257,99276,157,99953,157,99207,100,100037,157,98718,157,100116,100,98462,100,100117,200,,,100254,100,,,100288,100,,
2019-06-28 09:58:50.000000000,99534,198,99498,198,99700,195,99444,195,99780,195,99302,195,99820,200,99276,100,99953,100,99207,100,100037,100,98718,100,100116,100,98462,100,100117,200,,,100254,100,,,100288,100,,
2019-06-28 09:59:00.000000000,99534,157,99498,157,99700,157,99444,157,99780,157,99302,157,99820,257,99276,157,99953,157,99207,157,100037,100,98718,100,100116,100,98462,100,100117,200,,,100254,100,,,100288,100,,
2019-06-28 09:59:10.000000000,99534,198,99498,198,99700,195,99444,195,99780,195,99302,195,99820,200,99276,100,99953,100,99207,100,100037,100,98718,100,100116,100,98462,100,100117,200,,,100254,100,,,100288,100,,
2019-06-28 09:59:20.000000000,99534,198,99498,198,99700,195,99444,195,99780,195,99302,195,99820,200,99276,100,99953,100,99207,100,100037,100,98718,100,100116,100,98462,100,100117,200,,,100254,100,,,100288,100,,
2019-06-28 09:59:30.000000000,99534,387,99498,387,99700,100,99444,100,99780,100,99302,100,99820,200,99276,100,99953,100,99207,100,100037,100,98718,100,100116,100,98462,100,100117,200,,,100254,100,,,100288,100,,
2019-06-28 09:59:37.455023114,99534,387,99498,387,99700,100,99444,100,99780,100,99302,100,99820,200,99276,100,99847,100,99207,100,99953,100,98718,100,100037,100,98462,100,100116,100,,,100117,200,,,100254,100,,
2019-06-28 09:59:40.000000000,99534,244,99498,244,99700,244,99444,244,99780,100,99302,100,99820,200,99276,100,99847,100,99207,100,99953,100,98718,100,100037,100,98462,100,100116,100,,,100117,200,,,100254,100,,
2019-06-28 09:59:50.000000000,99534,198,99498,198,99700,195,99444,195,99780,195,99302,195,99820,200,99276,100,99847,100,99207,100,99953,100,98718,100,100037,100,98462,100,100116,100,,,100117,200,,,100254,100,,
2019-06-28 10:00:00.000000000,99534,157,99498,157,99700,157,99444,157,99780,157,99302,157,99820,257,99276,157,99847,157,99207,157,99953,100,98718,100,100037,100,98462,100,100116,100,,,100117,200,,,100254,100,,
2019-06-28 10:00:04.850012012,99534,157,99498,157,99700,157,99444,157,99780,157,99302,157,99820,157,99276,157,99847,157,99207,157,99953,100,98718,100,100037,100,98462,100,100116,100,,,100117,200,,,100254,100,,
2019-06-28 10:00:10.000000000,99534,157,99498,157,99700,157,99444,157,99780,157,99302,157,99820,157,99276,157,99847,157,99207,157,99953,100,98718,100,100037,100,98462,100,100116,100,,,100117,200,,,100254,100,,
2019-06-28 10:00:20.000000000,99534,157,99498,157,99700,157,99444,157,99780,157,99302,157,99820,157,99276,157,99847,157,99207,157,99953,100,98718,100,100037,100,98462,100,100116,100,,,100117,200,,,100254,100,,
2019-06-28 10:00:30.000000000,99534,172,99498,172,99700,172,99444,172,99780,172,99302,172,99820,172,99276,172,99847,100,99207,100,99953,100,98718,100,100037,100,98462,100,100116,100,,,100117,200,,,100254,100,,
2019-06-28 10:00:33.955451910,99534,172,99520,100,99700,172,99498,172,99780,172,99444,172,99820,172,99302,172,99847,100,99276,72,99953,100,99207,100,100037,100,98718,100,100116,100,98462,100,100117,200,,,100254,100,,
2019-06-28 10:00:40.000000000,99534,387,99520,387,99700,100,99498,100,99780,100,99444,100,99820,100,99302,100,99847,100,99207,100,99953,100,98718,100,100037,100,98462,100,100116,100,,,100117,200,,,100254,100,,
2019-06-28 10:00:50.000000000,99534,198,99520,198,99700,195,99498,195,99780,195,99444,195,99820,100,99302,100,99847,100,99207,100,99953,100,98718,100,100037,100,98462,100,100116,100,,,100117,200,,,100254,100,,
2019-06-28 10:01:00.000000000,99534,157,99520,157,99700,157,99498,157,99780,157,99444,157,99820,157,99302,157,99847,157,99207,157,99953,100,98718,100,100037,100,98462,100,100116,100,,,100117,200,,,100254,100,,
2019-06-28 10:01:02.615368948,99534,157,99520,157,99567,100,99498,157,99700,157,99444,157,99780,157,99302,157,99820,157,99207,157,99847,157,98462,100,99953,100,,,100037,100,,,100116,100,,,100117,200,,
2019-06-28 10:01:10.000000000,99534,198,99520,198,99567,195,99498,195,99700,195,99444,195,99780,100,99302,100,99820,100,99207,100,99847,100,98462,100,99953,100,,,100037,100,,,100116,100,,,100117,200,,
2019-06-28 10:01:20.000000000,99534,172,99520,172,99567,172,99498,172,99700,172,99444,172,99780,172,99302,172,99820,100,99207,100,99847,100,98462,100,99953,100,,,100037,100,,,100116,100,,,100117,200,,
2019-06-28 10:01:30.000000000,99534,157,99520,157,99567,157,99498,157,99700,157,99444,157,99780,157,99302,157,99820,157,99207,157,99847,100,98462,100,99953,100,,,100037,100,,,100116,100,,,100117,200,,
2019-06-28 10:01:36.643115764,99534,157,99520,157,99567,157,99498,157,99700,157,99444,157,99780,157,99302,157,99820,157,99207,157,99847,100,99136,100,99953,100,98462,100,100037,100,,,100116,100,,,100117,200,,
2019-06-28 10:01:40.000000000,99534,387,99520,387,99567,100,99498,100,99700,100,99444,100,99780,100,99302,100,99820,100,99207,100,99847,100,99136,100,99953,100,98462,100,100037,100,,,100116,100,,,100117,200,,
2019-06-28 10:01:50.000000000,99534,244,99520,244,99567,244,99498,244,99700,100,99444,100,99780,100,99302,100,99820,100,99207,100,99847,100,99136,100,99953,100,98462,100,100037,100,,,100116,100,,,100117,200,,
2019-06-28 10:01:55.137925522,99534,244,99520,244,99567,244,99498,244,99700,100,99444,100,99780,100,99302,100,99820,100,99207,100,99847,100,99136,100,99953,100,99122,100,100037,100,98462,100,100116,100,,,100117,200,,
2019-06-28 10:02:00.000000000,99534,244,99520,244,99567,244,99498,244,99700,100,99444,100,99780,100,99302,100,99820,100,99207,100,99847,100,99136,100,99953,100,99122,100,100037,100,98462,100,100116,100,,,100117,200,,
2019-06-28 10:02:10.000000000,99534,157,99520,157,99567,157,99498,157,99700,157,99444,157,99780,157,99302,157,99820,157,99207,157,99847,100,99136,100,99953,100,99122,100,100037,100,98462,100,100116,100,,,100117,200,,
2019-06-28 10:02:20.000000000,99534,198,99520,198,99567,195,99498,195,99700,195,99444,195,99780,100,99302,100,99820,100,99207,100,99847,100,99136,100,99953,100,99122,100,100037,100,98462,100,100116,100,,,100117,200,,
2019-06-28 10:02:22.306737863,99534,198,99520,198,99567,195,99498,195,99700,195,99444,195,99780,200,99302,100,99820,100,99207,100,99847,100,99136,100,99953,100,99122,100,100037,100,98462,100,100116,100,,,100117,200,,
2019-06-28 10:02:27.924180238,99534,198,99520,98,99567,195,99498,195,99700,195,99444,195,99780,200,99302,100,99820,100,99207,100,99847,100,99136,100,99953,100,99122,100,100037,100,98462,100,100116,100,,,100117,200,,
2019-06-28 10:02:30.000000000,99534,387,99498,387,99567,100,99444,100,99700,100,99302,100,99780,200,99207,100,99820,100,99136,100,99847,100,99122,100,99953,100,98462,100,100037,100,,,100116,100,,,100117,200,,
2019-06-28 10:02:40.000000000,99534,172,99498,172,99567,172,99444,172,99700,172,99302,172,99780,272,99207,172,99820,100,99136,100,99847,100,99122,100,99953,100,98462,100,100037,100,,,100116,100,,,100117,200,,
2019-06-28 10:02:50.000000000,99534,172,99498,172,99567,172,99444,172,99700,172,99302,172,99780,272,99207,172,99820,100,99136,100,99847,100,99122,100,99953,100,98462,100,100037,100,,,100116,100,,,100117,200,,
2019-06-28 10:03:00.000000000,99534,198,99498,198,99567,195,99444,195,99700,195,99302,195,99780,200,99207,100,99820,100,99136,100,99847,100,99122,100,99953,100,98462,100,100037,100,,,100116,100,,,100117,200,,
2019-06-28 10:03:02.614329060,99533,100,99498,198,99534,198,99444,195,99567,195,99302,195,99700,195,99207,100,99780,200,99136,100,99820,100,99122,100,99847,100,98462,100,99953,100,,,100037,100,,,100116,100,,
2019-06-28 10:03:10.000000000,99533,172,99498,172,99534,172,99444,172,99567,172,99302,172,99700,172,99207,172,99780,200,99136,100,99820,100,99122,100,99847,100,98462,100,99953,100,,,100037,100,,,100116,100,,
2019-06-28 10:03:20.000000000,99533,387,99498,387,99534,100,99444,100,99567,100,99302,100,99700,100,99207,100,99780,200,99136,100,99820,100,99122,100,99847,100,98462,100,99953,100,,,100037,100,,,100116,100,,
2019-06-28 10:03:22.551774858,99533,387,99498,387,99534,100,99444,100,99567,100,99302,100,99700,100,99207,100,99780,200,99136,100,99820,100,99122,100,99847,100,98462,100,99953,100,,,100037,100,,,100116,100,,
2019-06-28 10:03:24.896214957,99533,387,99498,387,99534,100,99444,100,99567,100,99302,100,99700,100,99207,100,99780,200,99187,100,99820,100,99136,100,99847,100,99122,100,99953,100,98462,100,100037,100,,,100116,100,,
2019-06-28 10:03:29.894574540,99533,487,99498,387,99534,100,99444,100,99567,100,99302,100,99700,100,99207,100,99780,200,99187,100,99820,100,99136,100,99847,100,99122,100,99953,100,98462,100,100037,100,,,100116,100,,
2019-06-28 10:03:30.000000000,99533,272,99498,172,99534,172,99444,172,99567,172,99302,172,99700,172,99207,172,99780,200,99187,100,99820,100,99136,100,99847,100,99122,100,99953,100,98462,100,100037,100,,,100116,100,,
2019-06-28 10:03:37.993554005,99533,272,99508,100,99534,172,99498,172,99567,172,99444,72,99700,172,99302,172,99780,200,99207,172,99820,100,99187,100,99847,100,99136,100,99953,100,99122,100,100037,100,98462,100,100116,100,,
2019-06-28 10:03:40.000000000,99533,487,99508,387,99534,100,99498,100,99567,100,99302,100,99700,100,99207,100,99780,200,99187,100,99820,100,99136,100,99847,100,99122,100,99953,100,98462,100,100037,100,,,100116,100,,
2019-06-28 10:03:47.830631127,99533,587,99508,387,99534,100,99498,100,99567,100,99302,100,99700,100,99207,100,99780,200,99187,100,99820,100,99136,100,99847,100,99122,100,99953,100,98462,100,100037,100,,,100116,100,,
2019-06-28 10:03:48.475294050,99533,587,99508,387,99534,100,99498,100,99567,100,99414,100,99700,100,99302,100,99780,200,99207,100,99820,100,99187,100,99847,100,99136,100,99953,100,99122,100,100037,100,98462,100,100116,100,,
2019-06-28 10:03:50.000000000,99533,444,99508,244,99534,244,99498,244,99567,100,99414,100,99700,100,99302,100,99780,200,99207,100,99820,100,99187,100,99847,100,99136,100,99953,100,99122,100,100037,100,98462,100,100116,100,,
2019-06-28 10:03:50.008155354,99533,444,99508,244,99534,244,99498,244,99567,100,99414,100,99700,100,99302,100,99780,200,99207,100,99820,100,99198,100,99847,100,99187,100,99953,100,99136,100,100037,100,99122,100,100116,100,98462,100
2019-06-28 10:03:59.771376316,99533,544,99508,244,99534,244,99498,244,99567,100,99414,100,99700,100,99302,100,99780,200,99207,100,99820,100,99198,100,99847,100,99187,100,99953,100,99136,100,100037,100,99122,100,100116,100,98462,100
2019-06-28 10:04:00.000000000,99533,498,99508,198,99534,195,99498,195,99567,195,99414,195,99700,100,99302,100,99780,200,99207,100,99820,100,99198,100,99847,100,99187,100,99953,100,99136,100,100037,100,99122,100,100116,100,98462,100
2019-06-28 10:04:10.000000000,99533,687,99508,387,99534,100,99498,100,99567,100,99414,100,99700,100,99302,100,99780,200,99207,100,99820,100,99198,100,99847,100,99187,100,99953,100,99136,100,100037,100,99122,100,100116,100,98462,100
2019-06-28 10:04:10.748082687,99533,687,99508,387,99534,100,99498,100,99567,100,99414,100,99700,100,99302,100,99780,200,99207,100,99820,100,99198,100,99847,100,99187,100,99953,100,99162,100,100037,100,99136,100,100116,100,99122,100
2019-06-28 10:04:11.675682494,99533,687,99508,387,99534,100,99498,100,99567,100,99414,100,99700,100,99302,100,99780,200,99291,100,99820,100,99207,100,99847,100,99198,100,99953,100,99187,100,100037,100,99162,100,100116,100,99136,100
2019-06-28 10:04:20.000000000,99533,472,99508,172,99534,172,99498,172,99567,172,99414,172,99700,172,99302,172,99780,200,99291,100,99820,100,99207,100,99847,100,99198,100,99953,100,99187,100,100037,100,99162,100,100116,100,99136,100
2019-06-28 10:04:30.000000000,99533,498,99508,198,99534,195,99498,195,99567,195,99414,195,99700,100,99302,100,99780,200,99291,100,99820,100,99207,100,99847,100,99198,100,99953,100,99187,100,100037,100,99162,100,100116,100,99136,100
2019-06-28 10:04:40.000000000,99533,457,99508,157,99534,157,99498,157,99567,157,99414,157,99700,157,99302,157,99780,257,99291,157,99820,100,99207,100,99847,100,99198,100,99953,100,99187,100,100037,100,99162,100,100116,100,99136,100
2019-06-28 10:04:49.415047337,99533,457,99508,157,99534,157,99498,157,99567,157,99414,157,99700,157,99302,157,99710,100,99291,157,99780,257,99207,100,99820,100,99198,100,99847,100,99187,100,99953,100,99162,100,100037,100,99122,100
2019-06-28 10:04:50.000000000,99533,498,99508,198,99534,195,99498,195,99567,195,99414,195,99700,100,99302,100,99710,100,99291,100,99780,200,99207,100,99820,100,99198,100,99847,100,99187,100,99953,100,99162,100,100037,100,99122,100
2019-06-28 10:05:00.000000000,99533,687,99508,387,99534,100,99498,100,99567,100,99414,100,99700,100,99302,100,99710,100,99291,100,99780,200,99207,100,99820,100,99198,100,99847,100,99187,100,99953,100,99162,100,100037,100,99122,100
2019-06-28 10:05:10.000000000,99533,687,99508,387,99534,100,99498,100,99567,100,99414,100,99700,100,99302,100,99710,100,99291,100,99780,200,99207,100,99820,100,99198,100,99847,100,99187,100,99953,100,99162,100,100037,100,99122,100
2019-06-28 10:05:20.000000000,99533,687,99508,387,99534,100,99498,100,99567,100,99414,100,99700,100,99302,100,99710,100,99291,100,99780,200,99207,100,99820,100,99198,100,99847,100,99187,100,99953,100,99162,100,100037,100,99122,100
2019-06-28 10:05:30.000000000,99533,687,99508,387,99534,100,99498,100,99567,100,99414,100,99700,100,99302,100,99710,100,99291,100,99780,200,99207,100,99820,100,99198,100,99847,100,99187,100,99953,100,99162,100,100037,100,99122,100
2019-06-28 10:05:34.527471673,99533,687,99508,287,99534,100,99498,100,99567,100,99414,100,99700,100,99302,100,99710,100,99291,100,99780,200,99207,100,99820,100,99198,100,99847,100,99187,100,99953,100,99162,100,100037,100,99122,100
2019-06-28 10:05:40.000000000,99533,498,99498,198,99534,195,99414,195,99567,195,99302,195,99700,100,99291,100,99710,100,99207,100,99780,200,99198,100,99820,100,99187,100,99847,100,99162,100,99953,100,99122,100,100037,100,98462,100
2019-06-28 10:05:47.486261740,99533,498,99498,198,99534,195,99414,195,99567,195,99302,195,99700,100,99291,100,99710,100,99207,100,99780,200,99198,100,99820,100,99187,100,99847,100,99162,100,99953,100,99122,100,100037,100,99037,100
2019-06-28 10:05:47.958044011,99520,100,99498,198,99533,498,99414,195,99534,195,99302,195,99567,195,99291,100,99700,100,99207,100,99710,100,99198,100,99780,200,99187,100,99820,100,99162,100,99847,100,99122,100,99953,100,99037,100
2019-06-28 10:05:50.000000000,99520,244,99498,244,99533,544,99414,244,99534,100,99302,100,99567,100,99291,100,99700,100,99207,100,99710,100,99198,100,99780,200,99187,100,99820,100,99162,100,99847,100,99122,100,99953,100,99037,100
2019-06-28 10:05:54.766464648,99520,244,99498,244,99533,544,99414,244,99534,100,99302,100,99567,100,99291,100,99710,100,99207,100,99780,200,99198,100,99820,100,99187,100,99847,100,99179,100,99953,100,99162,100,100116,100,99122,100
2019-06-28 10:06:00.000000000,99520,198,99498,198,99533,495,99414,195,99534,195,99302,195,99567,100,99291,100,99710,100,99207,100,99780,200,99198,100,99820,100,99187,100,99847,100,99179,100,99953,100,99162,100,100116,100,99122,100
2019-06-28 10:06:10.000000000,99520,198,99498,198,99533,495,99414,195,99534,195,99302,195,99567,100,99291,100,99710,100,99207,100,99780,200,99198,100,99820,100,99187,100,99847,100,99179,100,99953,100,99162,100,100116,100,99122,100
2019-06-28 10:06:20.000000000,99520,198,99498,198,99533,495,99414,195,99534,195,99302,195,99567,100,99291,100,99710,100,99207,100,99780,200,99198,100,99820,100,99187,100,99847,100,99179,100,99953,100,99162,100,100116,100,99122,100
2019-06-28 10:06:30.000000000,99520,387,99498,387,99533,400,99414,100,99534,100,99302,100,99567,100,99291,100,99710,100,99207,100,99780,200,99198,100,99820,100,99187,100,99847,100,99179,100,99953,100,99162,100,100116,100,99122,100
2019-06-28 10:06:40.000000000,99520,244,99498,244,99533,544,99414,244,99534,100,99302,100,99567,100,99291,100,99710,100,99207,100,99780,200,99198,100,99820,100,99187,100,99847,100,99179,100,99953,100,99162,100,100116,100,99122,100
2019-06-28 10:06:50.000000000,99520,172,99498,172,99533,472,99414,172,99534,172,99302,172,99567,172,99291,172,99710,100,99207,100,99780,200,99198,100,99820,100,99187,100,99847,100,99179,100,99953,100,99162,100,100116,100,99122,100
2019-06-28 10:07:00.000000000,99520,172,99498,172,99533,472,99414,172,99534,172,99302,172,99567,172,99291,172,99710,100,99207,100,99780,200,99198,100,99820,100,99187,100,99847,100,99179,100,99953,100,99162,100,100116,100,99122,100
2019-06-28 10:07:02.168097635,99520,172,99498,172,99533,472,99467,100,99534,172,99414,172,99567,172,99302,172,99710,100,99291,172,99780,200,99207,100,99820,100,99198,100,99847,100,99187,100,99953,100,99179,100,100116,100,99162,100
2019-06-28 10:07:10.000000000,99520,198,99498,198,99533,495,99467,195,99534,195,99414,195,99567,100,99302,100,99710,100,99291,100,99780,200,99207,100,99820,100,99198,100,99847,100,99187,100,99953,100,99179,100,100116,100,99162,100
2019-06-28 10:07:17.199322241,99520,198,99498,198,99533,395,99467,195,99534,195,99414,195,99567,100,99302,100,99710,100,99291,100,99780,200,99207,100,99820,100,99198,100,99847,100,99187,100,99953,100,99179,100,100116,100,99162,100
2019-06-28 10:07:20.000000000,99520,157,99498,157,99533,357,99467,157,99534,157,99414,157,99567,157,99302,157,99710,157,99291,157,99780,200,99207,100,99820,100,99198,100,99847,100,99187,100,99953,100,99179,100,100116,100,99162,100
2019-06-28 10:07:24.544611326,99520,57,99498,157,99533,357,99467,157,99534,157,99414,157,99567,157,99302,157,99710,157,99291,157,99780,200,99207,100,99820,100,99187,100,99847,100,99179,100,99953,100,99162,100,100116,100,99122,100
2019-06-28 10:07:30.000000000,99533,587,99498,387,99534,100,99467,100,99567,100,99414,100,99710,100,99302,100,99780,200,99291,100,99820,100,99207,100,99847,100,99187,100,99953,100,99179,100,100116,100,99162,100,100254,100,99122,100
2019-06-28 10:07:37.741218327,99533,487,99498,387,99534,100,99467,100,99567,100,99414,100,99710,100,99302,100,99780,200,99291,100,99820,100,99187,100,99847,100,99179,100,99953,100,99162,100,100116,100,99122,100,100254,100,99037,100
2019-06-28 10:07:40.000000000,99533,272,99498,172,99534,172,99467,172,99567,172,99414,172,99710,172,99302,172,99780,200,99291,100,99820,100,99187,100,99847,100,99179,100,99953,100,99162,100,100116,100,99122,100,100254,100,99037,100
2019-06-28 10:07:48.094815332,99533,172,99498,172,99534,172,99467,172,99567,172,99414,172,99710,172,99302,172,99780,200,99291,100,99820,100,99187,100,99847,100,99179,100,99953,100,99122,100,100116,100,99037,100,100254,100,98462,100
2019-06-28 10:07:50.000000000,99533,198,99498,198,99534,195,99467,195,99567,195,99414,195,99710,100,99302,100,99780,200,99291,100,99820,100,99187,100,99847,100,99179,100,99953,100,99122,100,100116,100,99037,100,100254,100,98462,100
2019-06-28 10:07:51.721038448,99533,198,99498,198,99534,195,99467,195,99567,195,99414,195,99710,100,99302,100,99780,200,99291,100,99820,100,99187,100,99847,100,99179,100,99953,100,99122,100,100108,100,99037,100,100116,100,98462,100
2019-06-28 10:07:52.576724571,99533,198,99498,198,99534,195,99467,195,99567,195,99414,195,99710,100,99302,100,99780,200,99291,100,99820,100,99187,100,99843,100,99179,100,99847,100,99122,100,99953,100,99037,100,100108,100,,
2019-06-28 10:08:00.000000000,99533,198,99498,198,99534,195,99467,195,99567,195,99414,195,99710,100,99302,100,99780,200,99291,100,99820,100,99187,100,99843,100,99179,100,99847,100,99122,100,99953,100,99037,100,100108,100,,
2019-06-28 10:08:10.000000000,99533,157,99498,157,99534,157,99467,157,99567,157,99414,157,99710,157,99302,157,99780,257,99291,157,99820,100,99187,100,99843,100,99179,100,99847,100,99122,100,99953,100,99037,100,100108,100,,
2019-06-28 10:08:20.000000000,99533,157,99498,157,99534,157,99467,157,99567,157,99414,157,99710,157,99302,157,99780,257,99291,157,99820,100,99187,100,99843,100,99179,100,99847,100,99122,100,99953,100,99037,100,100108,100,,
2019-06-28 10:08:30.000000000,99533,387,99498,387,99534,100,99467,100,99567,100,99414,100,99710,100,99302,100,99780,200,99291,100,99820,100,99187,100,99843,100,99179,100,99847,100,99122,100,99953,100,99037,100,100108,100,,
