,ask_price_1,ask_size_1,bid_price_1,bid_size_1,ask_price_2,ask_size_2,bid_price_2,bid_size_2,ask_price_3,ask_size_3,bid_price_3,bid_size_3,ask_price_4,ask_size_4,bid_price_4,bid_size_4,ask_price_5,ask_size_5,bid_price_5,bid_size_5,ask_price_6,ask_size_6,bid_price_6,bid_size_6,ask_price_7,ask_size_7,bid_price_7,bid_size_7,ask_price_8,ask_size_8,bid_price_8,bid_size_8,ask_price_9,ask_size_9,bid_price_9,bid_size_9,ask_price_10,ask_size_10,bid_price_10,bid_size_10
2019-06-28 09:30:00.000000000,100000,100,99959,100,,,,,,,,,,,,,,,,,,,,,,,,,,,,,,,,,,,,
2019-06-28 09:30:00.000000002,,,99959,100,,,,,,,,,,,,,,,,,,,,,,,,,,,,,,,,,,,,
2019-06-28 09:30:00.000000005,100060,100,99959,100,,,99927,100,,,,,,,,,,,,,,,,,,,,,,,,,,,,,,,,
2019-06-28 09:30:00.000000007,100006,100,99959,100,100060,100,99958,100,,,99927,100,,,,,,,,,,,,,,,,,,,,,,,,,,,,
2019-06-28 09:30:00.000000008,100004,100,99959,100,100006,100,99958,100,100060,100,99927,100,,,,,,,,,,,,,,,,,,,,,,,,,,,,
2019-06-28 09:30:00.000000010,100004,100,99959,100,100006,100,99958,100,100060,100,99927,100,,,99918,100,,,,,,,,,,,,,,,,,,,,,,,,
2019-06-28 09:30:00.000000011,100006,100,99959,100,100060,100,99958,100,,,99927,100,,,99918,100,,,,,,,,,,,,,,,,,,,,,,,,
2019-06-28 09:30:00.000000014,100004,100,99959,100,100006,100,99958,100,100060,100,99937,100,,,99927,100,,,99918,100,,,,,,,,,,,,,,,,,,,,
2019-06-28 09:30:00.000000016,100004,100,99958,100,100006,100,99937,100,100060,100,99927,100,,,99918,100,,,,,,,,,,,,,,,,,,,,,,,,
2019-06-28 09:30:00.000000017,100004,100,99958,100,100006,100,99937,100,100060,100,99927,100,,,99918,100,,,99823,100,,,,,,,,,,,,,,,,,,,,
2019-06-28 09:30:00.000000018,100006,100,99958,100,100060,100,99937,100,,,99927,100,,,99918,100,,,99823,100,,,,,,,,,,,,,,,,,,,,
2019-06-28 09:30:00.000000020,100006,100,99959,100,100060,100,99958,100,,,99937,100,,,99927,100,,,99918,100,,,99823,100,,,,,,,,,,,,,,,,
2019-06-28 09:30:00.000000022,100060,100,99959,100,,,99958,100,,,99937,100,,,99927,100,,,99918,100,,,99823,100,,,,,,,,,,,,,,,,
2019-06-28 09:30:00.000000024,100060,100,100004,100,,,99959,100,,,99958,100,,,99937,100,,,99927,100,,,99918,100,,,99823,100,,,,,,,,,,,,
2019-06-28 09:30:00.000000028,100060,100,100004,100,,,99966,100,,,99959,100,,,99958,100,,,99937,100,,,99927,100,,,99918,100,,,99823,100,,,,,,,,
2019-06-28 09:30:00.000000029,100060,100,100004,100,,,99972,100,,,99966,100,,,99959,100,,,99958,100,,,99937,100,,,99927,100,,,99918,100,,,99823,100,,,,
2019-06-28 09:30:00.000000030,100060,100,100004,100,,,99972,100,,,99966,100,,,99959,100,,,99958,100,,,99937,100,,,99927,100,,,99918,100,,,99850,100,,,99823,100
2019-06-28 09:30:00.000000032,100060,100,100004,100,100091,100,99972,100,,,99966,100,,,99959,200,,,99958,100,,,99937,100,,,99927,100,,,99918,100,,,99850,100,,,99823,100
2019-06-28 09:30:00.000000033,100060,100,100004,100,100091,100,99977,100,,,99972,100,,,99966,100,,,99959,200,,,99958,100,,,99937,100,,,99927,100,,,99918,100,,,99850,100
2019-06-28 09:30:00.000000038,100006,100,100004,100,100060,100,99977,100,100091,100,99972,100,,,99966,100,,,99959,200,,,99958,100,,,99937,100,,,99927,100,,,99918,100,,,99913,100
2019-06-28 09:30:00.000000041,100006,100,100004,100,100060,100,99977,100,100091,100,99972,100,100095,100,99966,100,,,99959,200,,,99958,100,,,99937,100,,,99927,100,,,99918,100,,,99913,100
2019-06-28 09:30:00.000000044,100006,100,99977,100,100060,100,99972,100,100091,100,99966,100,100095,100,99959,200,,,99958,100,,,99937,100,,,99927,100,,,99918,100,,,99913,100,,,99868,100
2019-06-28 09:30:00.000000045,100006,100,99977,100,100060,100,99972,100,100091,100,99966,100,100095,100,99959,200,,,99958,100,,,99937,100,,,99936,100,,,99927,100,,,99918,100,,,99913,100
2019-06-28 09:30:00.000000051,100006,100,99977,100,100060,100,99972,100,100091,100,99966,100,100095,100,99959,200,,,99958,100,,,99952,100,,,99937,100,,,99936,100,,,99927,100,,,99918,100
2019-06-28 09:30:00.000000053,100005,100,99977,100,100006,100,99972,100,100060,100,99966,100,100091,100,99959,200,100095,100,99958,100,,,99952,100,,,99937,100,,,99936,100,,,99927,100,,,99918,100
2019-06-28 09:30:00.000000054,100005,100,99977,100,100006,100,99972,100,100060,100,99966,100,100091,100,99959,200,100095,100,99958,100,,,99952,100,,,99937,100,,,99936,100,,,99929,100,,,99927,100
2019-06-28 09:30:00.000000058,100005,100,99977,100,100006,100,99972,100,100060,100,99966,100,100091,100,99959,200,100095,100,99958,100,,,99952,100,,,99937,100,,,99936,100,,,99929,100,,,99927,100
2019-06-28 09:30:00.000000059,100005,100,99977,100,100006,100,99972,100,100057,100,99967,100,100060,200,99966,100,100091,100,99959,200,100095,100,99958,100,,,99952,100,,,99937,100,,,99936,100,,,99929,100
2019-06-28 09:30:00.000000060,100005,200,99977,100,100006,100,99972,100,100057,100,99967,100,100060,200,99966,100,100091,100,99959,200,100095,100,99958,100,,,99952,100,,,99937,100,,,99936,100,,,99929,100
2019-06-28 09:30:00.000000063,100005,300,99977,100,100006,200,99972,100,100057,100,99967,100,100060,200,99966,100,100091,100,99959,200,100095,100,99958,100,,,99952,100,,,99948,100,,,99937,100,,,99936,100
2019-06-28 09:30:00.000000064,100005,400,99977,100,100006,200,99972,100,100057,100,99967,100,100060,200,99966,100,100091,100,99959,200,100095,100,99958,100,,,99952,100,,,99948,100,,,99937,100,,,99936,100
2019-06-28 09:30:00.000000065,100005,300,99977,100,100006,200,99972,100,100057,100,99967,100,100060,200,99966,100,100091,100,99959,200,100095,100,99958,100,,,99952,100,,,99948,100,,,99937,100,,,99936,100
2019-06-28 09:30:00.000000067,100005,300,99972,100,100006,200,99967,100,100057,100,99966,100,100060,200,99959,200,100091,100,99958,100,100095,100,99952,100,,,99948,100,,,99937,100,,,99936,100,,,99929,100
2019-06-28 09:30:00.000000069,100005,300,99972,100,100006,200,99967,100,100057,100,99966,100,100060,200,99959,200,100091,100,99958,100,100095,100,99952,100,,,99948,100,,,99937,100,,,99936,100,,,99929,100
2019-06-28 09:30:00.000000070,100005,300,99972,100,100006,200,99967,100,100057,100,99966,100,100060,200,99959,200,100073,100,99958,100,100091,100,99952,100,100095,100,99948,100,,,99937,100,,,99936,100,,,99929,100
2019-06-28 09:30:00.000000073,100004,100,99972,100,100005,300,99967,100,100006,200,99966,100,100057,100,99959,200,100060,200,99958,100,100073,100,99952,100,100091,100,99948,100,100095,100,99937,100,,,99936,100,,,99929,100
2019-06-28 09:30:00.000000077,100004,100,99972,100,100005,300,99967,100,100006,200,99966,100,100021,100,99959,200,100057,100,99958,100,100060,200,99952,100,100073,100,99948,100,100091,100,99937,100,100095,100,99936,100,100099,100,99929,100
2019-06-28 09:30:00.000000078,100004,100,99972,100,100005,300,99967,100,100006,200,99966,100,100021,100,99959,200,100057,100,99958,100,100060,200,99952,100,100073,100,99948,100,100091,100,99937,100,100095,100,99936,100,100099,100,99929,100
2019-06-28 09:30:00.000000083,100004,100,99972,100,100005,300,99967,100,100006,200,99966,100,100021,100,99959,200,100057,100,99958,100,100060,200,99952,100,100073,100,99948,100,100091,100,99937,100,100095,100,99936,100,100099,100,99929,100
2019-06-28 09:30:00.000000084,100004,100,99972,100,100005,300,99967,100,100006,200,99966,100,100021,100,99959,200,100057,100,99958,100,100060,200,99952,100,100064,100,99948,100,100073,100,99937,100,100091,100,99936,100,100095,100,99929,100
2019-06-28 09:30:00.000000085,100004,100,99977,100,100005,300,99972,100,100006,200,99967,100,100021,100,99966,100,100057,100,99959,200,100060,200,99958,100,100064,100,99952,100,100073,100,99948,100,100091,100,99937,100,100095,100,99936,100
2019-06-28 09:30:00.000000088,100004,100,99977,100,100005,300,99972,100,100006,200,99967,100,100021,100,99966,100,100057,100,99959,200,100060,200,99958,100,100064,100,99952,100,100073,100,99948,100,100091,100,99937,100,100095,100,99936,100
2019-06-28 09:30:00.000000089,100004,100,99977,100,100005,300,99972,100,100006,200,99967,100,100021,100,99966,100,100057,100,99959,200,100060,200,99958,100,100064,100,99955,100,100073,100,99952,100,100091,100,99948,100,100095,100,99937,100
2019-06-28 09:30:00.000000092,100004,100,99977,100,100005,300,99972,100,100006,200,99967,100,100021,100,99966,100,100057,100,99959,200,100060,200,99958,100,100064,100,99955,100,100073,100,99952,100,100091,100,99948,100,100095,100,99937,100
2019-06-28 09:30:00.000000096,100004,100,99977,100,100005,300,99973,100,100006,200,99972,100,100021,100,99967,100,100057,100,99966,100,100060,200,99959,200,100064,100,99958,100,100073,100,99955,100,100091,100,99952,100,100095,100,99948,100
2019-06-28 09:30:00.000000097,100004,100,99983,100,100005,300,99977,200,100006,200,99973,100,100021,100,99972,100,100057,100,99967,100,100060,200,99966,100,100064,100,99959,200,100073,100,99958,100,100091,100,99955,100,100095,100,99952,100
2019-06-28 09:30:04.820322785,100004,100,99983,100,100005,300,99977,200,100006,200,99973,100,100021,100,99972,100,100057,100,99967,100,100060,200,99966,100,100064,100,99959,200,100073,100,99958,100,100091,100,99955,100,100095,100,99952,100
2019-06-28 09:30:10.000000000,100004,270,99983,270,100005,470,99977,370,100006,200,99973,100,100021,100,99972,100,100057,100,99967,100,100060,200,99966,100,100064,100,99959,200,100073,100,99958,100,100091,100,99955,100,100095,100,99952,100
2019-06-28 09:30:10.898711411,100004,270,99998,100,100005,470,99983,270,100006,200,99977,370,100021,100,99973,100,100057,100,99972,100,100060,200,99966,100,100064,100,99959,200,100073,100,99958,100,100091,100,99955,100,100095,100,99952,100
2019-06-28 09:30:20.000000000,100004,440,99998,440,100005,300,99983,100,100006,200,99977,200,100021,100,99973,100,100057,100,99972,100,100060,200,99966,100,100064,100,99959,200,100073,100,99958,100,100091,100,99955,100,100095,100,99952,100
2019-06-28 09:30:21.319320292,100004,340,99998,440,100005,300,99983,100,100006,200,99977,200,100021,100,99973,100,100057,100,99972,100,100060,200,99966,100,100064,100,99959,200,100073,100,99958,100,100091,100,99955,100,100095,100,99952,100
2019-06-28 09:30:30.000000000,100005,416,99998,216,100006,312,99983,212,100021,212,99977,312,100057,100,99973,100,100060,200,99972,100,100064,100,99966,100,100073,100,99959,200,100091,100,99958,100,100095,100,99955,100,100099,100,99952,100
2019-06-28 09:30:40.000000000,100005,470,99998,270,100006,370,99983,270,100021,100,99977,200,100057,100,99973,100,100060,200,99972,100,100064,100,99966,100,100073,100,99959,200,100091,100,99958,100,100095,100,99955,100,100099,100,99952,100
2019-06-28 09:30:50.000000000,100005,385,99998,185,100006,285,99983,185,100021,185,99977,285,100057,185,99973,185,100060,200,99972,100,100064,100,99966,100,100073,100,99959,200,100091,100,99958,100,100095,100,99955,100,100099,100,99952,100
2019-06-28 09:30:53.538526666,100005,285,99998,185,100006,285,99983,185,100021,85,99977,285,100057,185,99973,185,100060,200,99972,100,100064,100,99966,100,100073,100,99959,200,100091,100,99958,100,100095,100,99955,100,100099,100,99952,100
2019-06-28 09:31:00.000000000,100005,268,99998,168,100006,268,99983,168,100057,168,99977,268,100060,268,99973,168,100064,168,99972,168,100073,100,99966,100,100091,100,99959,200,100095,100,99958,100,100099,100,99955,100,100101,100,99952,100
2019-06-28 09:31:10.000000000,100005,316,99998,216,100006,312,99983,212,100057,212,99977,312,100060,200,99973,100,100064,100,99972,100,100073,100,99966,100,100091,100,99959,200,100095,100,99958,100,100099,100,99955,100,100101,100,99952,100
2019-06-28 09:31:17.416147897,100005,216,99998,216,100006,312,99983,212,100057,212,99977,312,100060,100,99973,100,100064,100,99972,100,100073,100,99966,100,100091,100,99959,200,100095,100,99958,100,100099,100,99955,100,100101,100,99952,100
2019-06-28 09:31:19.382813794,100005,216,99998,216,100006,312,99983,212,100011,100,99977,312,100057,212,99973,100,100060,100,99972,100,100064,100,99966,100,100073,100,99959,200,100091,100,99958,100,100095,100,99955,100,100099,100,99952,100
2019-06-28 09:31:20.000000000,100005,440,99998,440,100006,200,99983,100,100011,100,99977,200,100057,100,99973,100,100060,100,99972,100,100064,100,99966,100,100073,100,99959,200,100091,100,99958,100,100095,100,99955,100,100099,100,99952,100
2019-06-28 09:31:30.000000000,100005,270,99998,270,100006,370,99983,270,100011,100,99977,200,100057,100,99973,100,100060,100,99972,100,100064,100,99966,100,100073,100,99959,200,100091,100,99958,100,100095,100,99955,100,100099,100,99952,100
2019-06-28 09:31:40.000000000,100005,440,99998,440,100006,200,99983,100,100011,100,99977,200,100057,100,99973,100,100060,100,99972,100,100064,100,99966,100,100073,100,99959,200,100091,100,99958,100,100095,100,99955,100,100099,100,99952,100
2019-06-28 09:31:48.434299225,100005,340,99998,440,100006,200,99983,100,100011,100,99977,200,100057,100,99973,100,100060,100,99972,100,100064,100,99966,100,100073,100,99959,200,100091,100,99958,100,100095,100,99955,100,100099,100,99952,100
2019-06-28 09:31:50.000000000,100006,370,99998,270,100011,270,99983,270,100057,100,99977,200,100060,100,99973,100,100064,100,99972,100,100073,100,99966,100,100091,100,99959,200,100095,100,99958,100,100099,100,99955,100,100101,100,99952,100
2019-06-28 09:31:54.689658558,100006,370,99998,170,100011,270,99983,270,100057,100,99977,200,100060,100,99973,100,100064,100,99972,100,100073,100,99966,100,100091,100,99959,200,100095,100,99958,100,100099,100,99955,100,100101,100,99952,100
2019-06-28 09:32:00.000000000,100006,370,99983,270,100011,270,99977,370,100057,100,99973,100,100060,100,99972,100,100064,100,99966,100,100073,100,99959,200,100091,100,99958,100,100095,100,99955,100,100099,100,99952,100,100101,100,99948,100
2019-06-28 09:32:10.000000000,100006,285,99983,185,100011,185,99977,285,100057,185,99973,185,100060,185,99972,185,100064,100,99966,100,100073,100,99959,200,100091,100,99958,100,100095,100,99955,100,100099,100,99952,100,100101,100,99948,100
2019-06-28 09:32:20.000000000,100006,285,99983,185,100011,185,99977,285,100057,185,99973,185,100060,185,99972,185,100064,100,99966,100,100073,100,99959,200,100091,100,99958,100,100095,100,99955,100,100099,100,99952,100,100101,100,99948,100
2019-06-28 09:32:27.515442862,100006,285,99983,185,100011,185,99977,285,100057,85,99973,185,100060,185,99972,185,100064,100,99966,100,100073,100,99959,200,100091,100,99958,100,100095,100,99955,100,100099,100,99952,100,100101,100,99948,100
2019-06-28 09:32:30.000000000,100006,268,99983,168,100011,168,99977,268,100060,168,99973,168,100064,168,99972,168,100073,168,99966,168,100091,100,99959,200,100095,100,99958,100,100099,100,99955,100,100101,100,99952,100,100125,100,99948,100
2019-06-28 09:32:40.000000000,100006,540,99983,440,100011,100,99977,200,100060,100,99973,100,100064,100,99972,100,100073,100,99966,100,100091,100,99959,200,100095,100,99958,100,100099,100,99955,100,100101,100,99952,100,100125,100,99948,100
2019-06-28 09:32:45.672259914,100006,540,99983,340,100011,100,99977,200,100060,100,99973,100,100064,100,99972,100,100073,100,99966,100,100091,100,99959,200,100095,100,99958,100,100099,100,99955,100,100101,100,99952,100,100125,100,99948,100
2019-06-28 09:32:49.907319312,100006,540,99983,240,100011,100,99977,200,100060,100,99973,100,100064,100,99972,100,100073,100,99966,100,100091,100,99959,200,100095,100,99958,100,100099,100,99955,100,100101,100,99948,100,100125,100,99937,100
2019-06-28 09:32:50.000000000,100006,370,99977,370,100011,270,99973,270,100060,100,99972,100,100064,100,99966,100,100073,100,99959,200,100091,100,99958,100,100095,100,99955,100,100099,100,99948,100,100101,100,99937,100,100125,100,99936,100
2019-06-28 09:33:00.000000000,100006,540,99977,540,100011,100,99973,100,100060,100,99972,100,100064,100,99966,100,100073,100,99959,200,100091,100,99958,100,100095,100,99955,100,100099,100,99948,100,100101,100,99937,100,100125,100,99936,100
2019-06-28 09:33:10.000000000,100006,285,99977,285,100011,185,99973,185,100060,185,99972,185,100064,185,99966,185,100073,100,99959,200,100091,100,99958,100,100095,100,99955,100,100099,100,99948,100,100101,100,99937,100,100125,100,99936,100
2019-06-28 09:33:12.095490169,100006,285,99977,185,100011,185,99973,185,100060,185,99972,185,100064,185,99966,185,100073,100,99959,200,100091,100,99958,100,100095,100,99955,100,100099,100,99948,100,100101,100,99937,100,100125,100,99936,100
2019-06-28 09:33:20.000000000,100006,285,99977,185,100011,185,99973,185,100060,185,99972,185,100064,185,99966,185,100073,100,99959,200,100091,100,99958,100,100095,100,99955,100,100099,100,99948,100,100101,100,99937,100,100125,100,99936,100
2019-06-28 09:33:22.967056538,100006,285,99977,85,100011,185,99973,185,100060,185,99972,185,100064,185,99966,185,100073,100,99959,200,100091,100,99958,100,100095,100,99955,100,100099,100,99948,100,100101,100,99937,100,100125,100,99936,100
2019-06-28 09:33:30.000000000,100006,540,99973,440,100011,100,99972,100,100060,100,99966,100,100064,100,99959,200,100073,100,99958,100,100091,100,99955,100,100095,100,99948,100,100099,100,99937,100,100101,100,99936,100,100125,100,99929,100
2019-06-28 09:33:40.000000000,100006,540,99973,440,100011,100,99972,100,100060,100,99966,100,100064,100,99959,200,100073,100,99958,100,100091,100,99955,100,100095,100,99948,100,100099,100,99937,100,100101,100,99936,100,100125,100,99929,100
2019-06-28 09:33:50.000000000,100006,316,99973,216,100011,212,99972,212,100060,212,99966,212,100064,100,99959,200,100073,100,99958,100,100091,100,99955,100,100095,100,99948,100,100099,100,99937,100,100101,100,99936,100,100125,100,99929,100
2019-06-28 09:34:00.000000000,100006,285,99973,185,100011,185,99972,185,100060,185,99966,185,100064,185,99959,285,100073,100,99958,100,100091,100,99955,100,100095,100,99948,100,100099,100,99937,100,100101,100,99936,100,100125,100,99929,100
2019-06-28 09:34:05.678118791,99977,100,99973,185,100006,185,99972,185,100011,185,99966,185,100060,185,99959,285,100064,185,99958,100,100073,100,99955,100,100091,100,99948,100,100095,100,99937,100,100099,100,99936,100,100101,100,99929,100
2019-06-28 09:34:08.570357487,99977,200,99973,185,100006,185,99972,185,100011,185,99966,185,100060,185,99959,285,100064,185,99958,100,100073,100,99955,100,100091,100,99948,100,100095,100,99937,100,100099,100,99936,100,100101,100,99929,100
2019-06-28 09:34:10.000000000,99977,370,99973,270,100006,270,99972,270,100011,100,99966,100,100060,100,99959,200,100064,100,99958,100,100073,100,99955,100,100091,100,99948,100,100095,100,99937,100,100099,100,99936,100,100101,100,99929,100
2019-06-28 09:34:20.000000000,99977,316,99973,216,100006,212,99972,212,100011,212,99966,212,100060,100,99959,200,100064,100,99958,100,100073,100,99955,100,100091,100,99948,100,100095,100,99937,100,100099,100,99936,100,100101,100,99929,100
2019-06-28 09:34:30.000000000,99977,370,99973,270,100006,270,99972,270,100011,100,99966,100,100060,100,99959,200,100064,100,99958,100,100073,100,99955,100,100091,100,99948,100,100095,100,99937,100,100099,100,99936,100,100101,100,99929,100
2019-06-28 09:34:37.088862079,99977,370,99973,170,100006,270,99972,270,100011,100,99966,100,100060,100,99959,200,100064,100,99958,100,100073,100,99955,100,100091,100,99948,100,100095,100,99937,100,100099,100,99936,100,100101,100,99929,100
2019-06-28 09:34:39.344407064,99977,370,99973,170,100006,270,99972,270,100008,100,99966,100,100011,100,99959,200,100060,100,99958,100,100064,100,99955,100,100073,100,99937,100,100091,100,99936,100,100095,100,99929,100,100099,100,99927,100
2019-06-28 09:34:40.000000000,99977,370,99972,270,100006,270,99966,270,100008,100,99959,200,100011,100,99958,100,100060,100,99955,100,100064,100,99937,100,100073,100,99936,100,100091,100,99929,100,100095,100,99927,100,100099,100,99918,100
2019-06-28 09:34:42.896969902,99977,370,99972,270,100006,270,99966,270,100008,100,99959,200,100011,100,99958,100,100060,100,99955,100,100064,100,99937,100,100073,100,99936,100,100095,100,99929,100,100099,100,99927,100,100101,100,99918,100
2019-06-28 09:34:50.000000000,99977,316,99972,216,100006,212,99966,212,100008,212,99959,312,100011,100,99958,100,100060,100,99955,100,100064,100,99937,100,100073,100,99936,100,100095,100,99929,100,100099,100,99927,100,100101,100,99918,100
2019-06-28 09:35:00.000000000,99977,316,99972,216,100006,212,99966,212,100008,212,99959,312,100011,100,99958,100,100060,100,99955,100,100064,100,99937,100,100073,100,99936,100,100095,100,99929,100,100099,100,99927,100,100101,100,99918,100
2019-06-28 09:35:02.781627212,99976,100,99972,216,99977,316,99966,212,100006,212,99959,312,100008,212,99958,100,100011,100,99955,100,100060,100,99937,100,100064,100,99936,100,100073,100,99929,100,100095,100,99927,100,100099,100,99918,100
2019-06-28 09:35:10.000000000,99976,270,99972,270,99977,370,99966,270,100006,100,99959,200,100008,100,99958,100,100011,100,99955,100,100060,100,99937,100,100064,100,99936,100,100073,100,99929,100,100095,100,99927,100,100099,100,99918,100
2019-06-28 09:35:20.000000000,99976,440,99972,440,99977,200,99966,100,100006,100,99959,200,100008,100,99958,100,100011,100,99955,100,100060,100,99937,100,100064,100,99936,100,100073,100,99929,100,100095,100,99927,100,100099,100,99918,100
2019-06-28 09:35:30.000000000,99976,270,99972,270,99977,370,99966,270,100006,100,99959,200,100008,100,99958,100,100011,100,99955,100,100060,100,99937,100,100064,100,99936,100,100073,100,99929,100,100095,100,99927,100,100099,100,99918,100
2019-06-28 09:35:40.000000000,99976,185,99972,185,99977,285,99966,185,100006,185,99959,285,100008,185,99958,185,100011,100,99955,100,100060,100,99937,100,100064,100,99936,100,100073,100,99929,100,100095,100,99927,100,100099,100,99918,100
2019-06-28 09:35:50.000000000,99976,270,99972,270,99977,370,99966,270,100006,100,99959,200,100008,100,99958,100,100011,100,99955,100,100060,100,99937,100,100064,100,99936,100,100073,100,99929,100,100095,100,99927,100,100099,100,99918,100
2019-06-28 09:36:00.000000000,99976,440,99972,440,99977,200,99966,100,100006,100,99959,200,100008,100,99958,100,100011,100,99955,100,100060,100,99937,100,100064,100,99936,100,100073,100,99929,100,100095,100,99927,100,100099,100,99918,100
2019-06-28 09:36:09.563617694,99976,440,99972,440,99977,200,99966,100,100006,100,99959,100,100008,100,99958,100,100011,100,99955,100,100060,100,99937,100,100064,100,99936,100,100073,100,99929,100,100095,100,99927,100,100099,100,99918,100
2019-06-28 09:36:10.000000000,99976,216,99972,216,99977,312,99966,212,100006,212,99959,212,100008,100,99958,100,100011,100,99955,100,100060,100,99937,100,100064,100,99936,100,100073,100,99929,100,100095,100,99927,100,100099,100,99918,100
2019-06-28 09:36:17.767152044,99976,116,99972,216,99977,312,99966,212,100006,212,99959,212,100008,100,99958,100,100011,100,99955,100,100060,100,99937,100,100064,100,99936,100,100073,100,99929,100,100095,100,99927,100,100099,100,99918,100
2019-06-28 09:36:20.000000000,99977,540,99972,440,100006,100,99966,100,100008,100,99959,100,100011,100,99958,100,100060,100,99955,100,100064,100,99937,100,100073,100,99936,100,100095,100,99929,100,100099,100,99927,100,100101,100,99918,100
2019-06-28 09:36:23.755416400,99977,440,99972,440,100008,100,99966,100,100011,100,99959,100,100060,100,99958,100,100064,100,99955,100,100073,100,99937,100,100095,100,99936,100,100099,100,99929,100,100101,100,99927,100,100122,100,99918,100
2019-06-28 09:36:28.494958021,99977,340,99972,440,100008,100,99966,100,100011,100,99959,100,100060,100,99958,100,100064,100,99955,100,100073,100,99937,100,100095,100,99936,100,100099,100,99929,100,100101,100,99927,100,100122,100,99918,100
2019-06-28 09:36:30.000000000,100008,270,99972,270,100011,270,99966,270,100060,100,99959,100,100064,100,99958,100,100073,100,99955,100,100095,100,99937,100,100099,100,99936,100,100101,100,99929,100,100122,100,99927,100,100125,100,99918,100
2019-06-28 09:36:39.535196209,100008,270,99977,100,100011,270,99972,270,100060,100,99966,270,100064,100,99959,100,100073,100,99958,100,100095,100,99955,100,100099,100,99937,100,100101,100,99936,100,100122,100,99929,100,100125,100,99927,100
2019-06-28 09:36:40.000000000,100008,168,99977,168,100011,168,99972,168,100060,168,99966,168,100064,168,99959,168,100073,168,99958,168,100095,100,99955,100,100099,100,99937,100,100101,100,99936,100,100122,100,99929,100,100125,100,99927,100
2019-06-28 09:36:50.000000000,100008,216,99977,216,100011,212,99972,212,100060,212,99966,212,100064,100,99959,100,100073,100,99958,100,100095,100,99955,100,100099,100,99937,100,100101,100,99936,100,100122,100,99929,100,100125,100,99927,100
2019-06-28 09:37:00.000000000,100008,185,99977,185,100011,185,99972,185,100060,185,99966,185,100064,185,99959,185,100073,100,99958,100,100095,100,99955,100,100099,100,99937,100,100101,100,99936,100,100122,100,99929,100,100125,100,99927,100
2019-06-28 09:37:10.000000000,100008,185,99977,185,100011,185,99972,185,100060,185,99966,185,100064,185,99959,185,100073,100,99958,100,100095,100,99955,100,100099,100,99937,100,100101,100,99936,100,100122,100,99929,100,100125,100,99927,100
2019-06-28 09:37:20.000000000,100008,185,99977,185,100011,185,99972,185,100060,185,99966,185,100064,185,99959,185,100073,100,99958,100,100095,100,99955,100,100099,100,99937,100,100101,100,99936,100,100122,100,99929,100,100125,100,99927,100
2019-06-28 09:37:30.000000000,100008,270,99977,270,100011,270,99972,270,100060,100,99966,100,100064,100,99959,100,100073,100,99958,100,100095,100,99955,100,100099,100,99937,100,100101,100,99936,100,100122,100,99929,100,100125,100,99927,100
2019-06-28 09:37:40.000000000,100008,168,99977,168,100011,168,99972,168,100060,168,99966,168,100064,168,99959,168,100073,168,99958,168,100095,100,99955,100,100099,100,99937,100,100101,100,99936,100,100122,100,99929,100,100125,100,99927,100
2019-06-28 09:37:50.000000000,100008,440,99977,440,100011,100,99972,100,100060,100,99966,100,100064,100,99959,100,100073,100,99958,100,100095,100,99955,100,100099,100,99937,100,100101,100,99936,100,100122,100,99929,100,100125,100,99927,100
2019-06-28 09:38:00.000000000,100008,270,99977,270,100011,270,99972,270,100060,100,99966,100,100064,100,99959,100,100073,100,99958,100,100095,100,99955,100,100099,100,99937,100,100101,100,99936,100,100122,100,99929,100,100125,100,99927,100
2019-06-28 09:38:10.000000000,100008,168,99977,168,100011,168,99972,168,100060,168,99966,168,100064,168,99959,168,100073,168,99958,168,100095,100,99955,100,100099,100,99937,100,100101,100,99936,100,100122,100,99929,100,100125,100,99927,100
2019-06-28 09:38:20.000000000,100008,216,99977,216,100011,212,99972,212,100060,212,99966,212,100064,100,99959,100,100073,100,99958,100,100095,100,99955,100,100099,100,99937,100,100101,100,99936,100,100122,100,99929,100,100125,100,99927,100
2019-06-28 09:38:26.899581159,100008,216,99977,216,100011,212,99972,212,100060,212,99966,212,100064,100,99959,100,100073,100,99958,100,100095,100,99955,100,100099,100,99937,100,100101,100,99936,100,100122,100,99929,100,100125,100,99927,100
2019-06-28 09:38:30.000000000,100008,216,99977,216,100011,212,99972,212,100060,212,99966,212,100064,100,99959,100,100073,100,99958,100,100095,100,99955,100,100099,100,99937,100,100101,100,99936,100,100122,100,99929,100,100125,100,99927,100
2019-06-28 09:38:40.000000000,100008,440,99977,440,100011,100,99972,100,100060,100,99966,100,100064,100,99959,100,100073,100,99958,100,100095,100,99955,100,100099,100,99937,100,100101,100,99936,100,100122,100,99929,100,100125,100,99927,100
2019-06-28 09:38:50.000000000,100008,216,99977,216,100011,212,99972,212,100060,212,99966,212,100064,100,99959,100,100073,100,99958,100,100095,100,99955,100,100099,100,99937,100,100101,100,99936,100,100122,100,99929,100,100125,100,99927,100
2019-06-28 09:38:54.801930260,100008,216,99977,116,100011,212,99972,212,100060,212,99966,212,100064,100,99959,100,100073,100,99958,100,100095,100,99955,100,100099,100,99937,100,100101,100,99936,100,100122,100,99929,100,100125,100,99927,100
2019-06-28 09:38:55.778762465,100008,216,99977,116,100011,212,99972,112,100060,212,99966,212,100064,100,99959,100,100073,100,99958,100,100095,100,99955,100,100099,100,99937,100,100101,100,99936,100,100122,100,99929,100,100125,100,99927,100
2019-06-28 09:39:00.000000000,100008,216,99966,216,100011,212,99959,212,100060,212,99958,212,100064,100,99955,100,100073,100,99937,100,100095,100,99936,100,100099,100,99929,100,100101,100,99927,100,100122,100,99918,100,100125,100,99900,100
2019-06-28 09:39:04.694013182,100008,216,99966,116,100011,212,99959,212,100060,212,99958,212,100064,100,99955,100,100073,100,99937,100,100095,100,99936,100,100099,100,99929,100,100101,100,99927,100,100122,100,99918,100,100125,100,99900,100
2019-06-28 09:39:10.000000000,100008,168,99959,168,100011,168,99958,168,100060,168,99955,168,100064,168,99937,168,100073,168,99936,168,100095,100,99929,100,100099,100,99927,100,100101,100,99918,100,100122,100,99900,100,100125,100,99895,100
2019-06-28 09:39:14.346186422,100008,168,99959,168,100011,168,99958,168,100060,168,99955,168,100064,168,99937,168,100073,168,99936,168,100095,100,99929,100,100099,100,99927,100,100101,100,99918,100,100125,100,99900,100,,,99895,100
2019-06-28 09:39:20.000000000,100008,185,99959,185,100011,185,99958,185,100060,185,99955,185,100064,185,99937,185,100073,100,99936,100,100095,100,99929,100,100099,100,99927,100,100101,100,99918,100,100125,100,99900,100,,,99895,100
2019-06-28 09:39:30.000000000,100008,168,99959,168,100011,168,99958,168,100060,168,99955,168,100064,168,99937,168,100073,168,99936,168,100095,100,99929,100,100099,100,99927,100,100101,100,99918,100,100125,100,99900,100,,,99895,100
2019-06-28 09:39:31.936937016,100008,168,99978,100,100011,168,99959,168,100060,168,99958,168,100064,168,99955,168,100073,168,99937,168,100095,100,99936,168,100099,100,99929,100,100101,100,99927,100,100125,100,99918,100,,,99900,100
2019-06-28 09:39:38.500625744,100008,168,99978,200,100011,168,99959,168,100060,168,99958,168,100064,168,99955,168,100073,168,99937,168,100095,100,99936,168,100099,100,99929,100,100101,100,99927,100,100125,100,99918,100,,,99900,100
2019-06-28 09:39:40.000000000,100008,216,99978,316,100011,212,99959,212,100060,212,99958,212,100064,100,99955,100,100073,100,99937,100,100095,100,99936,100,100099,100,99929,100,100101,100,99927,100,100125,100,99918,100,,,99900,100
2019-06-28 09:39:42.248649240,100008,116,99978,316,100011,212,99959,212,100060,212,99958,212,100064,100,99955,100,100073,100,99937,100,100095,100,99936,100,100099,100,99929,100,100101,100,99927,100,100125,100,99918,100,,,99900,100
2019-06-28 09:39:50.000000000,100011,270,99978,370,100060,270,99959,270,100064,100,99958,100,100073,100,99955,100,100095,100,99937,100,100099,100,99936,100,100101,100,99929,100,100125,100,99927,100,,,99918,100,,,99900,100
2019-06-28 09:39:51.099261850,100011,270,99979,100,100060,270,99978,370,100064,100,99959,270,100073,100,99958,100,100095,100,99955,100,100099,100,99937,100,100101,100,99936,100,100125,100,99929,100,,,99927,100,,,99918,100
2019-06-28 09:39:57.549969193,100011,270,99979,100,100060,270,99978,370,100064,100,99959,270,100073,100,99958,100,100095,100,99955,100,100099,100,99937,100,100101,100,99936,100,100125,100,99929,100,100241,100,99927,100,,,99918,100
2019-06-28 09:39:59.426060030,100011,270,99979,200,100060,270,99978,370,100064,100,99959,270,100073,100,99958,100,100095,100,99955,100,100099,100,99937,100,100101,100,99936,100,100125,100,99929,100,100241,100,99927,100,,,99918,100
2019-06-28 09:40:00.000000000,100011,216,99979,316,100060,212,99978,312,100064,212,99959,212,100073,100,99958,100,100095,100,99955,100,100099,100,99937,100,100101,100,99936,100,100125,100,99929,100,100241,100,99927,100,,,99918,100
2019-06-28 09:40:10.000000000,100011,185,99979,285,100060,185,99978,285,100064,185,99959,185,100073,185,99958,185,100095,100,99955,100,100099,100,99937,100,100101,100,99936,100,100125,100,99929,100,100241,100,99927,100,,,99918,100
2019-06-28 09:40:13.180780512,100011,85,99979,285,100060,185,99978,285,100064,185,99959,185,100073,185,99958,185,100095,100,99955,100,100099,100,99937,100,100101,100,99936,100,100125,100,99929,100,100241,100,99927,100,,,99900,100
2019-06-28 09:40:20.000000000,100060,168,99979,268,100064,168,99978,268,100073,168,99959,168,100095,168,99958,168,100099,168,99955,168,100101,100,99937,100,100125,100,99936,100,100241,100,99929,100,,,99927,100,,,99900,100
2019-06-28 09:40:29.167723631,100060,168,99979,268,100064,168,99978,268,100073,168,99959,168,100095,168,99958,168,100099,168,99955,168,100101,100,99937,100,100125,100,99936,100,100146,100,99929,100,100241,100,99927,100,,,99900,100
2019-06-28 09:40:30.000000000,100060,440,99979,540,100064,100,99978,200,100073,100,99959,100,100095,100,99958,100,100099,100,99955,100,100101,100,99937,100,100125,100,99936,100,100146,100,99929,100,100241,100,99927,100,,,99900,100
2019-06-28 09:40:39.711159783,100060,440,99979,440,100064,100,99978,200,100073,100,99959,100,100095,100,99958,100,100099,100,99955,100,100101,100,99937,100,100125,100,99936,100,100146,100,99929,100,100241,100,99927,100,,,99900,100
2019-06-28 09:40:40.000000000,100060,168,99979,168,100064,168,99978,268,100073,168,99959,168,100095,168,99958,168,100099,168,99955,168,100101,100,99937,100,100125,100,99936,100,100146,100,99929,100,100241,100,99927,100,,,99900,100
2019-06-28 09:40:44.110844786,100010,100,99979,168,100060,168,99978,268,100064,168,99959,168,100073,168,99958,168,100095,168,99955,168,100099,168,99937,100,100101,100,99936,100,100125,100,99929,100,100146,100,99927,100,100241,100,99900,100
2019-06-28 09:40:50.000000000,100010,216,99979,216,100060,212,99978,312,100064,212,99959,212,100073,100,99958,100,100095,100,99955,100,100099,100,99937,100,100101,100,99936,100,100125,100,99929,100,100146,100,99927,100,100241,100,99900,100
2019-06-28 09:41:00.000000000,100010,185,99979,185,100060,185,99978,285,100064,185,99959,185,100073,185,99958,185,100095,100,99955,100,100099,100,99937,100,100101,100,99936,100,100125,100,99929,100,100146,100,99927,100,100241,100,99900,100
2019-06-28 09:41:10.000000000,100010,168,99979,168,100060,168,99978,268,100064,168,99959,168,100073,168,99958,168,100095,168,99955,168,100099,100,99937,100,100101,100,99936,100,100125,100,99929,100,100146,100,99927,100,100241,100,99900,100
2019-06-28 09:41:20.000000000,100010,168,99979,168,100060,168,99978,268,100064,168,99959,168,100073,168,99958,168,100095,168,99955,168,100099,100,99937,100,100101,100,99936,100,100125,100,99929,100,100146,100,99927,100,100241,100,99900,100
2019-06-28 09:41:30.000000000,100010,270,99979,270,100060,270,99978,370,100064,100,99959,100,100073,100,99958,100,100095,100,99955,100,100099,100,99937,100,100101,100,99936,100,100125,100,99929,100,100146,100,99927,100,100241,100,99900,100
2019-06-28 09:41:33.983648897,100010,170,99979,270,100060,270,99978,370,100064,100,99959,100,100073,100,99958,100,100095,100,99955,100,100099,100,99937,100,100101,100,99936,100,100125,100,99929,100,100146,100,99927,100,100241,100,99900,100
2019-06-28 09:41:37.906410888,100010,70,99979,270,100060,270,99978,370,100064,100,99959,100,100073,100,99958,100,100095,100,99955,100,100099,100,99937,100,100101,100,99936,100,100125,100,99929,100,100146,100,99927,100,100241,100,99900,100
2019-06-28 09:41:40.000000000,100060,270,99979,270,100064,270,99978,370,100073,100,99959,100,100095,100,99958,100,100099,100,99955,100,100101,100,99937,100,100125,100,99936,100,100146,100,99929,100,100241,100,99927,100,,,99900,100
2019-06-28 09:41:41.374699576,100060,270,99979,270,100064,270,99978,370,100073,100,99959,100,100095,100,99958,100,100101,100,99955,100,100125,100,99937,100,100146,100,99936,100,100241,100,99929,100,100318,100,99927,100,,,99900,100
2019-06-28 09:41:50.000000000,100060,270,99979,270,100064,270,99978,370,100073,100,99959,100,100095,100,99958,100,100101,100,99955,100,100125,100,99937,100,100146,100,99936,100,100241,100,99929,100,100318,100,99927,100,,,99900,100
2019-06-28 09:42:00.000000000,100060,440,99979,440,100064,100,99978,200,100073,100,99959,100,100095,100,99958,100,100101,100,99955,100,100125,100,99937,100,100146,100,99936,100,100241,100,99929,100,100318,100,99927,100,,,99900,100
2019-06-28 09:42:10.000000000,100060,270,99979,270,100064,270,99978,370,100073,100,99959,100,100095,100,99958,100,100101,100,99955,100,100125,100,99937,100,100146,100,99936,100,100241,100,99929,100,100318,100,99927,100,,,99900,100
2019-06-28 09:42:12.419745380,100009,100,99979,270,100060,270,99978,370,100064,270,99959,100,100073,100,99958,100,100095,100,99955,100,100101,100,99937,100,100125,100,99936,100,100146,100,99929,100,100241,100,99927,100,100318,100,99900,100
2019-06-28 09:42:20.000000000,100009,216,99979,216,100060,212,99978,312,100064,212,99959,212,100073,100,99958,100,100095,100,99955,100,100101,100,99937,100,100125,100,99936,100,100146,100,99929,100,100241,100,99927,100,100318,100,99900,100
2019-06-28 09:42:29.905429655,100009,316,99979,116,100060,212,99978,312,100064,212,99959,212,100073,100,99958,100,100095,100,99955,100,100101,100,99937,100,100125,100,99936,100,100146,100,99929,100,100241,100,99927,100,100318,100,99900,100
2019-06-28 09:42:30.000000000,100009,316,99978,316,100060,212,99959,212,100064,212,99958,212,100073,100,99955,100,100095,100,99937,100,100101,100,99936,100,100125,100,99929,100,100146,100,99927,100,100241,100,99900,100,100318,100,99895,100
2019-06-28 09:42:40.000000000,100009,316,99978,316,100060,212,99959,212,100064,212,99958,212,100073,100,99955,100,100095,100,99937,100,100101,100,99936,100,100125,100,99929,100,100146,100,99927,100,100241,100,99900,100,100318,100,99895,100
2019-06-28 09:42:50.000000000,100009,268,99978,268,100060,168,99959,168,100064,168,99958,168,100073,168,99955,168,100095,168,99937,168,100101,100,99936,100,100125,100,99929,100,100146,100,99927,100,100241,100,99900,100,100318,100,99895,100
2019-06-28 09:42:52.076743848,100009,368,99978,268,100060,168,99959,168,100064,168,99958,168,100073,168,99955,168,100095,168,99937,168,100101,100,99936,100,100125,100,99929,100,100146,100,99927,100,100241,100,99900,100,100318,100,99895,100
2019-06-28 09:43:00.000000000,100009,640,99978,540,100060,100,99959,100,100064,100,99958,100,100073,100,99955,100,100095,100,99937,100,100101,100,99936,100,100125,100,99929,100,100146,100,99927,100,100241,100,99900,100,100318,100,99895,100
2019-06-28 09:43:10.000000000,100009,416,99978,316,100060,212,99959,212,100064,212,99958,212,100073,100,99955,100,100095,100,99937,100,100101,100,99936,100,100125,100,99929,100,100146,100,99927,100,100241,100,99900,100,100318,100,99895,100
2019-06-28 09:43:10.186506551,100009,416,99978,216,100060,212,99959,212,100064,212,99958,212,100073,100,99955,100,100095,100,99937,100,100101,100,99936,100,100125,100,99929,100,100146,100,99927,100,100241,100,99900,100,100318,100,99895,100
2019-06-28 09:43:20.000000000,100009,640,99978,440,100060,100,99959,100,100064,100,99958,100,100073,100,99955,100,100095,100,99937,100,100101,100,99936,100,100125,100,99929,100,100146,100,99927,100,100241,100,99900,100,100318,100,99895,100
2019-06-28 09:43:26.460704245,100009,640,99978,340,100060,100,99959,100,100064,100,99958,100,100073,100,99955,100,100095,100,99937,100,100101,100,99936,100,100125,100,99929,100,100146,100,99927,100,100241,100,99900,100,100318,100,99895,100
2019-06-28 09:43:30.000000000,100009,385,99959,185,100060,185,99958,185,100064,185,99955,185,100073,185,99937,185,100095,100,99936,100,100101,100,99929,100,100125,100,99927,100,100146,100,99900,100,100241,100,99895,100,100318,100,99891,100
2019-06-28 09:43:40.000000000,100009,640,99959,440,100060,100,99958,100,100064,100,99955,100,100073,100,99937,100,100095,100,99936,100,100101,100,99929,100,100125,100,99927,100,100146,100,99900,100,100241,100,99895,100,100318,100,99891,100
2019-06-28 09:43:44.234715111,100009,640,99959,440,100060,100,99958,100,100064,100,99955,100,100073,100,99937,100,100095,100,99936,100,100101,100,99929,100,100125,100,99927,100,100146,100,99900,100,100241,100,99895,100,100318,100,99891,100
2019-06-28 09:43:49.758542750,99979,100,99959,440,100009,640,99958,100,100060,100,99955,100,100064,100,99937,100,100073,100,99936,100,100095,100,99929,100,100101,100,99927,100,100125,100,99900,100,100146,100,99895,100,100241,100,99891,100
2019-06-28 09:43:50.000000000,99979,216,99959,216,100009,412,99958,212,100060,212,99955,212,100064,100,99937,100,100073,100,99936,100,100095,100,99929,100,100101,100,99927,100,100125,100,99900,100,100146,100,99895,100,100241,100,99891,100
2019-06-28 09:44:00.000000000,99979,216,99959,216,100009,412,99958,212,100060,212,99955,212,100064,100,99937,100,100073,100,99936,100,100095,100,99929,100,100101,100,99927,100,100125,100,99900,100,100146,100,99895,100,100241,100,99891,100
2019-06-28 09:44:10.000000000,99979,168,99959,168,100009,368,99958,168,100060,168,99955,168,100064,168,99937,168,100073,168,99936,168,100095,100,99929,100,100101,100,99927,100,100125,100,99900,100,100146,100,99895,100,100241,100,99891,100
2019-06-28 09:44:20.000000000,99979,185,99959,185,100009,385,99958,185,100060,185,99955,185,100064,185,99937,185,100073,100,99936,100,100095,100,99929,100,100101,100,99927,100,100125,100,99900,100,100146,100,99895,100,100241,100,99891,100
2019-06-28 09:44:30.000000000,99979,270,99959,270,100009,470,99958,270,100060,100,99955,100,100064,100,99937,100,100073,100,99936,100,100095,100,99929,100,100101,100,99927,100,100125,100,99900,100,100146,100,99895,100,100241,100,99891,100
2019-06-28 09:44:32.094093231,99979,270,99959,170,100009,470,99958,270,100060,100,99955,100,100064,100,99937,100,100073,100,99936,100,100095,100,99929,100,100101,100,99927,100,100125,100,99900,100,100146,100,99895,100,100241,100,99891,100
2019-06-28 09:44:33.813348704,99979,270,99967,100,100009,470,99959,170,100060,100,99958,270,100064,100,99955,100,100073,100,99937,100,100095,100,99936,100,100101,100,99929,100,100125,100,99927,100,100146,100,99900,100,100241,100,99895,100
2019-06-28 09:44:40.000000000,99979,168,99967,168,100009,368,99958,168,100060,168,99955,168,100064,168,99937,168,100073,168,99936,168,100095,100,99929,100,100101,100,99927,100,100125,100,99900,100,100146,100,99895,100,100241,100,99891,100
2019-06-28 09:44:50.000000000,99979,168,99967,168,100009,368,99958,168,100060,168,99955,168,100064,168,99937,168,100073,168,99936,168,100095,100,99929,100,100101,100,99927,100,100125,100,99900,100,100146,100,99895,100,100241,100,99891,100
2019-06-28 09:45:00.000000000,99979,216,99967,216,100009,412,99958,212,100060,212,99955,212,100064,100,99937,100,100073,100,99936,100,100095,100,99929,100,100101,100,99927,100,100125,100,99900,100,100146,100,99895,100,100241,100,99891,100
2019-06-28 09:45:01.055491920,99979,116,99967,216,100009,412,99958,212,100060,212,99955,212,100064,100,99937,100,100073,100,99936,100,100095,100,99929,100,100101,100,99927,100,100125,100,99900,100,100146,100,99895,100,100241,100,99891,100
2019-06-28 09:45:04.088038426,99979,116,99967,216,100009,412,99958,212,100060,212,99955,212,100064,100,99937,100,100073,100,99936,100,100095,100,99929,100,100101,100,99900,100,100107,100,99895,100,100125,100,99891,100,100146,100,99877,100
2019-06-28 09:45:05.403478243,99979,16,99967,216,100009,412,99958,212,100060,212,99955,212,100064,100,99937,100,100073,100,99929,100,100095,100,99900,100,100101,100,99895,100,100107,100,99891,100,100125,100,99877,100,100146,100,99868,100
2019-06-28 09:45:10.000000000,100009,416,99967,216,100060,212,99958,212,100064,212,99955,212,100073,100,99937,100,100095,100,99929,100,100101,100,99900,100,100107,100,99895,100,100125,100,99891,100,100146,100,99877,100,100241,100,99868,100
2019-06-28 09:45:16.194303394,100009,316,99967,216,100060,212,99958,212,100064,212,99955,212,100073,100,99937,100,100095,100,99929,100,100101,100,99900,100,100107,100,99895,100,100125,100,99891,100,100146,100,99877,100,100241,100,99868,100
2019-06-28 09:45:17.914912317,100009,316,99967,216,100060,212,99958,212,100064,212,99955,212,100073,100,99937,100,100095,100,99929,100,100101,100,99900,100,100107,100,99895,100,100125,100,99891,100,100146,100,99877,100,100235,100,99868,100
2019-06-28 09:45:20.000000000,100009,285,99967,185,100060,185,99958,185,100064,185,99955,185,100073,185,99937,185,100095,100,99929,100,100101,100,99900,100,100107,100,99895,100,100125,100,99891,100,100146,100,99877,100,100235,100,99868,100
2019-06-28 09:45:30.000000000,100009,285,99967,185,100060,185,99958,185,100064,185,99955,185,100073,185,99937,185,100095,100,99929,100,100101,100,99900,100,100107,100,99895,100,100125,100,99891,100,100146,100,99877,100,100235,100,99868,100
2019-06-28 09:45:32.293701577,100009,285,99967,185,100060,185,99958,185,100064,185,99955,185,100073,185,99937,185,100095,100,99929,100,100101,100,99900,100,100107,100,99895,100,100125,100,99891,100,100146,100,99877,100,100235,100,99868,100
2019-06-28 09:45:38.682488036,100009,185,99967,185,100060,185,99958,185,100064,185,99955,185,100073,185,99937,185,100095,100,99929,100,100107,100,99900,100,100125,100,99895,100,100146,100,99891,100,100235,100,99877,100,100241,100,99868,100
2019-06-28 09:45:40.000000000,100009,185,99967,185,100060,185,99958,185,100064,185,99955,185,100073,185,99937,185,100095,100,99929,100,100107,100,99900,100,100125,100,99895,100,100146,100,99891,100,100235,100,99877,100,100241,100,99868,100
2019-06-28 09:45:50.000000000,100009,440,99967,440,100060,100,99958,100,100064,100,99955,100,100073,100,99937,100,100095,100,99929,100,100107,100,99900,100,100125,100,99895,100,100146,100,99891,100,100235,100,99877,100,100241,100,99868,100
2019-06-28 09:46:00.000000000,100009,185,99967,185,100060,185,99958,185,100064,185,99955,185,100073,185,99937,185,100095,100,99929,100,100107,100,99900,100,100125,100,99895,100,100146,100,99891,100,100235,100,99877,100,100241,100,99868,100
2019-06-28 09:46:10.000000000,100009,185,99967,185,100060,185,99958,185,100064,185,99955,185,100073,185,99937,185,100095,100,99929,100,100107,100,99900,100,100125,100,99895,100,100146,100,99891,100,100235,100,99877,100,100241,100,99868,100
2019-06-28 09:46:20.000000000,100009,185,99967,185,100060,185,99958,185,100064,185,99955,185,100073,185,99937,185,100095,100,99929,100,100107,100,99900,100,100125,100,99895,100,100146,100,99891,100,100235,100,99877,100,100241,100,99868,100
2019-06-28 09:46:30.000000000,100009,440,99967,440,100060,100,99958,100,100064,100,99955,100,100073,100,99937,100,100095,100,99929,100,100107,100,99900,100,100125,100,99895,100,100146,100,99891,100,100235,100,99877,100,100241,100,99868,100
2019-06-28 09:46:40.000000000,100009,440,99967,440,100060,100,99958,100,100064,100,99955,100,100073,100,99937,100,100095,100,99929,100,100107,100,99900,100,100125,100,99895,100,100146,100,99891,100,100235,100,99877,100,100241,100,99868,100
2019-06-28 09:46:50.000000000,100009,270,99967,270,100060,270,99958,270,100064,100,99955,100,100073,100,99937,100,100095,100,99929,100,100107,100,99900,100,100125,100,99895,100,100146,100,99891,100,100235,100,99877,100,100241,100,99868,100
2019-06-28 09:46:53.264559716,100009,170,99967,270,100060,270,99958,270,100064,100,99955,100,100073,100,99937,100,100095,100,99929,100,100107,100,99900,100,100125,100,99895,100,100146,100,99891,100,100235,100,99877,100,100241,100,99868,100
2019-06-28 09:47:00.000000000,100060,185,99967,185,100064,185,99958,185,100073,185,99955,185,100095,185,99937,185,100107,100,99929,100,100125,100,99900,100,100146,100,99895,100,100235,100,99891,100,100241,100,99877,100,100318,100,99868,100
2019-06-28 09:47:10.000000000,100060,270,99967,270,100064,270,99958,270,100073,100,99955,100,100095,100,99937,100,100107,100,99929,100,100125,100,99900,100,100146,100,99895,100,100235,100,99891,100,100241,100,99877,100,100318,100,99868,100
2019-06-28 09:47:20.000000000,100060,168,99967,168,100064,168,99958,168,100073,168,99955,168,100095,168,99937,168,100107,168,99929,168,100125,100,99900,100,100146,100,99895,100,100235,100,99891,100,100241,100,99877,100,100318,100,99868,100
2019-06-28 09:47:25.816231400,100060,68,99967,168,100064,168,99958,168,100073,168,99955,168,100095,168,99937,168,100107,168,99929,168,100125,100,99900,100,100146,100,99895,100,100235,100,99891,100,100241,100,99877,100,100318,100,99868,100
2019-06-28 09:47:30.000000000,100064,270,99967,270,100073,270,99958,270,100095,100,99955,100,100107,100,99937,100,100125,100,99929,100,100146,100,99900,100,100235,100,99895,100,100241,100,99891,100,100318,100,99877,100,100567,100,99868,100
2019-06-28 09:47:40.000000000,100064,270,99967,270,100073,270,99958,270,100095,100,99955,100,100107,100,99937,100,100125,100,99929,100,100146,100,99900,100,100235,100,99895,100,100241,100,99891,100,100318,100,99877,100,100567,100,99868,100
2019-06-28 09:47:40.632688946,100064,270,99967,270,100073,270,99958,270,100095,100,99955,100,100107,100,99937,100,100125,100,99929,100,100146,100,99900,100,100241,100,99895,100,100318,100,99891,100,100567,100,99877,100,,,99872,100
2019-06-28 09:47:44.647383057,100059,100,99967,270,100064,270,99958,270,100073,270,99955,100,100095,100,99937,100,100107,100,99929,100,100125,100,99900,100,100146,100,99895,100,100241,100,99891,100,100318,100,99877,100,100567,100,99872,100
2019-06-28 09:47:50.000000000,100059,440,99967,440,100064,100,99958,100,100073,100,99955,100,100095,100,99937,100,100107,100,99929,100,100125,100,99900,100,100146,100,99895,100,100241,100,99891,100,100318,100,99877,100,100567,100,99872,100
2019-06-28 09:47:51.991942270,100059,440,99967,340,100064,100,99958,100,100073,100,99955,100,100095,100,99937,100,100107,100,99929,100,100125,100,99900,100,100146,100,99895,100,100241,100,99891,100,100318,100,99877,100,100567,100,99872,100
2019-06-28 09:48:00.000000000,100059,270,99958,270,100064,270,99955,270,100073,100,99937,100,100095,100,99929,100,100107,100,99900,100,100125,100,99895,100,100146,100,99891,100,100241,100,99877,100,100318,100,99872,100,100567,100,99868,100
2019-06-28 09:48:06.919924057,100026,100,99958,270,100059,270,99955,270,100064,270,99937,100,100073,100,99929,100,100095,100,99900,100,100107,100,99895,100,100125,100,99891,100,100146,100,99877,100,100241,100,99872,100,100318,100,99868,100
2019-06-28 09:48:10.000000000,100026,168,99958,168,100059,168,99955,168,100064,168,99937,168,100073,168,99929,168,100095,168,99900,168,100107,100,99895,100,100125,100,99891,100,100146,100,99877,100,100241,100,99872,100,100318,100,99868,100
2019-06-28 09:48:20.000000000,100026,216,99958,216,100059,212,99955,212,100064,212,99937,212,100073,100,99929,100,100095,100,99900,100,100107,100,99895,100,100125,100,99891,100,100146,100,99877,100,100241,100,99872,100,100318,100,99868,100
2019-06-28 09:48:21.015243198,100026,216,99958,216,100059,212,99955,212,100064,212,99937,212,100073,100,99929,100,100095,100,99900,100,100107,100,99895,100,100125,100,99891,100,100142,100,99877,100,100146,100,99872,100,100241,100,99868,100
2019-06-28 09:48:30.000000000,100026,440,99958,440,100059,100,99955,100,100064,100,99937,100,100073,100,99929,100,100095,100,99900,100,100107,100,99895,100,100125,100,99891,100,100142,100,99877,100,100146,100,99872,100,100241,100,99868,100
2019-06-28 09:48:40.000000000,100026,168,99958,168,100059,168,99955,168,100064,168,99937,168,100073,168,99929,168,100095,168,99900,168,100107,100,99895,100,100125,100,99891,100,100142,100,99877,100,100146,100,99872,100,100241,100,99868,100
2019-06-28 09:48:49.585486340,100026,68,99958,168,100059,168,99955,168,100064,168,99937,168,100073,168,99929,168,100095,168,99900,168,100107,100,99891,100,100125,100,99877,100,100142,100,99872,100,100146,100,99868,100,100241,100,99848,100
2019-06-28 09:48:50.000000000,100059,168,99958,168,100064,168,99955,168,100073,168,99937,168,100095,168,99929,168,100107,168,99900,168,100125,100,99891,100,100142,100,99877,100,100146,100,99872,100,100241,100,99868,100,100318,100,99848,100
2019-06-28 09:48:54.007227995,100059,68,99958,168,100064,168,99955,168,100073,168,99937,168,100095,168,99929,168,100107,168,99900,168,100125,100,99891,100,100142,100,99877,100,100146,100,99872,100,100241,100,99868,100,100318,100,99848,100
2019-06-28 09:49:00.000000000,100064,185,99958,185,100073,185,99955,185,100095,185,99937,185,100107,185,99929,185,100125,100,99900,100,100142,100,99891,100,100146,100,99877,100,100241,100,99872,100,100318,100,99868,100,100567,100,99848,100
2019-06-28 09:49:10.000000000,100064,270,99958,270,100073,270,99955,270,100095,100,99937,100,100107,100,99929,100,100125,100,99900,100,100142,100,99891,100,100146,100,99877,100,100241,100,99872,100,100318,100,99868,100,100567,100,99848,100
2019-06-28 09:49:11.957210042,100064,170,99958,270,100073,270,99955,270,100095,100,99937,100,100107,100,99929,100,100125,100,99900,100,100142,100,99891,100,100146,100,99877,100,100241,100,99868,100,100318,100,99848,100,100567,100,99838,100
2019-06-28 09:49:20.000000000,100073,168,99958,168,100095,168,99955,168,100107,168,99937,168,100125,168,99929,168,100142,168,99900,168,100146,100,99891,100,100241,100,99877,100,100318,100,99868,100,100567,100,99848,100,,,99838,100
2019-06-28 09:49:30.000000000,100073,168,99958,168,100095,168,99955,168,100107,168,99937,168,100125,168,99929,168,100142,168,99900,168,100146,100,99891,100,100241,100,99877,100,100318,100,99868,100,100567,100,99848,100,,,99838,100
2019-06-28 09:49:30.683310250,100073,168,99958,168,100095,168,99955,168,100107,168,99937,168,100125,168,99929,168,100142,168,99900,168,100146,100,99891,100,100241,200,99868,100,100318,100,99848,100,100567,100,99838,100,,,99819,100
2019-06-28 09:49:31.799286446,100073,68,99958,168,100095,168,99955,68,100107,168,99937,168,100125,168,99929,168,100142,168,99900,168,100146,100,99891,100,100241,200,99868,100,100318,100,99848,100,100567,100,99838,100,,,99819,100
2019-06-28 09:49:31.926993184,100073,68,99958,168,100095,168,99955,68,100107,168,99937,168,100125,168,99929,168,100142,168,99900,168,100146,100,99891,100,100241,200,99868,100,100318,100,99848,100,100479,100,99838,100,100567,100,99819,100
2019-06-28 09:49:40.000000000,100095,168,99958,168,100107,168,99937,168,100125,168,99929,168,100142,168,99900,168,100146,168,99891,168,100241,200,99868,100,100318,100,99848,100,100479,100,99838,100,100567,100,99819,100,,,99808,100
2019-06-28 09:49:41.990467812,100095,168,100064,100,100107,168,99958,168,100125,168,99937,168,100142,168,99929,168,100146,168,99900,168,100241,200,99891,168,100318,100,99868,100,100479,100,99848,100,100567,100,99838,100,,,99819,100
2019-06-28 09:49:42.861974587,100095,68,100064,100,100107,168,99958,168,100125,168,99937,168,100142,168,99929,168,100146,168,99900,168,100241,200,99891,168,100318,100,99868,100,100479,100,99838,100,100567,100,99819,100,,,99808,100
2019-06-28 09:49:48.042037662,100107,168,100095,32,100125,168,100064,100,100142,168,99958,168,100146,168,99937,168,100241,200,99929,168,100318,100,99900,168,100479,100,99891,168,100567,100,99868,100,,,99838,100,,,99819,100
2019-06-28 09:49:50.000000000,100107,216,100095,148,100125,212,100064,212,100142,212,99958,212,100146,100,99937,100,100241,200,99929,100,100318,100,99900,100,100479,100,99891,100,100567,100,99868,100,,,99838,100,,,99819,100
2019-06-28 09:50:00.000000000,100107,216,100095,148,100125,212,100064,212,100142,212,99958,212,100146,100,99937,100,100241,200,99929,100,100318,100,99900,100,100479,100,99891,100,100567,100,99868,100,,,99838,100,,,99819,100
2019-06-28 09:50:10.000000000,100107,216,100095,148,100125,212,100064,212,100142,212,99958,212,100146,100,99937,100,100241,200,99929,100,100318,100,99900,100,100479,100,99891,100,100567,100,99868,100,,,99838,100,,,99819,100
2019-06-28 09:50:11.357917214,100107,116,100095,148,100125,212,100064,212,100142,212,99958,212,100146,100,99937,100,100241,200,99929,100,100318,100,99900,100,100479,100,99891,100,100567,100,99868,100,,,99819,100,,,99808,100
2019-06-28 09:50:20.000000000,100125,270,100095,202,100142,270,100064,270,100146,100,99958,100,100241,200,99937,100,100318,100,99929,100,100479,100,99900,100,100567,100,99891,100,,,99868,100,,,99819,100,,,99808,100
2019-06-28 09:50:21.069505606,100125,170,100095,202,100142,270,100064,270,100146,100,99958,100,100241,200,99937,100,100318,100,99929,100,100479,100,99900,100,100567,100,99891,100,,,99868,100,,,99819,100,,,99808,100
2019-06-28 09:50:29.718647902,100125,70,100095,202,100142,270,100064,270,100146,100,99958,100,100241,200,99937,100,100318,100,99929,100,100479,100,99900,100,100567,100,99891,100,,,99868,100,,,99819,100,,,99808,100
2019-06-28 09:50:30.000000000,100142,270,100095,202,100146,270,100064,270,100241,200,99958,100,100318,100,99937,100,100479,100,99929,100,100567,100,99900,100,,,99891,100,,,99868,100,,,99819,100,,,99808,100
2019-06-28 09:50:38.428858135,100142,270,100095,202,100146,270,100064,270,100241,200,99958,100,100318,100,99937,100,100479,100,99929,100,100543,100,99900,100,100567,100,99891,100,,,99868,100,,,99819,100,,,99808,100
2019-06-28 09:50:40.000000000,100142,440,100095,372,100146,100,100064,100,100241,200,99958,100,100318,100,99937,100,100479,100,99929,100,100543,100,99900,100,100567,100,99891,100,,,99868,100,,,99819,100,,,99808,100
2019-06-28 09:50:47.653427222,100142,440,100095,372,100146,100,100064,100,100235,100,99958,100,100241,200,99937,100,100318,100,99929,100,100479,100,99900,100,100543,100,99891,100,100567,100,99868,100,,,99819,100,,,99808,100
2019-06-28 09:50:50.000000000,100142,185,100095,117,100146,185,100064,185,100235,185,99958,185,100241,285,99937,185,100318,100,99929,100,100479,100,99900,100,100543,100,99891,100,100567,100,99868,100,,,99819,100,,,99808,100
2019-06-28 09:51:00.000000000,100142,168,100095,100,100146,168,100064,168,100235,168,99958,168,100241,268,99937,168,100318,168,99929,168,100479,100,99900,100,100543,100,99891,100,100567,100,99868,100,,,99819,100,,,99808,100
2019-06-28 09:51:07.113983158,100142,168,100125,100,100146,168,100095,100,100235,168,100064,168,100241,268,99958,168,100318,168,99937,168,100479,100,99929,168,100543,100,99900,100,100567,100,99891,100,,,99868,100,,,99819,100
2019-06-28 09:51:10.000000000,100142,270,100125,270,100146,270,100095,202,100235,100,100064,100,100241,200,99958,100,100318,100,99937,100,100479,100,99929,100,100543,100,99900,100,100567,100,99891,100,,,99868,100,,,99819,100
2019-06-28 09:51:20.000000000,100142,168,100125,168,100146,168,100095,100,100235,168,100064,168,100241,268,99958,168,100318,168,99937,168,100479,100,99929,100,100543,100,99900,100,100567,100,99891,100,,,99868,100,,,99819,100
2019-06-28 09:51:30.000000000,100142,216,100125,216,100146,212,100095,144,100235,212,100064,212,100241,200,99958,100,100318,100,99937,100,100479,100,99929,100,100543,100,99900,100,100567,100,99891,100,,,99868,100,,,99819,100
2019-06-28 09:51:40.000000000,100142,440,100125,440,100146,100,100095,32,100235,100,100064,100,100241,200,99958,100,100318,100,99937,100,100479,100,99929,100,100543,100,99900,100,100567,100,99891,100,,,99868,100,,,99819,100
2019-06-28 09:51:50.000000000,100142,270,100125,270,100146,270,100095,202,100235,100,100064,100,100241,200,99958,100,100318,100,99937,100,100479,100,99929,100,100543,100,99900,100,100567,100,99891,100,,,99868,100,,,99819,100
2019-06-28 09:51:50.289740021,100142,270,100125,270,100146,270,100095,202,100241,200,100064,100,100318,100,99958,100,100342,100,99937,100,100479,100,99929,100,100543,100,99900,100,100567,100,99891,100,,,99868,100,,,99819,100
2019-06-28 09:51:50.769437233,100142,270,100125,270,100146,270,100095,202,100241,200,100064,100,100318,100,99958,100,100342,100,99937,100,100372,100,99929,100,100479,100,99900,100,100543,100,99891,100,100567,100,99868,100,,,99819,100
2019-06-28 09:51:59.005634625,100142,270,100125,270,100146,270,100095,202,100241,200,100064,100,100318,100,99958,100,100342,200,99937,100,100372,100,99929,100,100479,100,99900,100,100543,100,99891,100,100567,100,99868,100,,,99819,100
2019-06-28 09:52:00.000000000,100142,168,100125,168,100146,168,100095,100,100241,268,100064,168,100318,168,99958,168,100342,268,99937,168,100372,100,99929,100,100479,100,99900,100,100543,100,99891,100,100567,100,99868,100,,,99819,100
2019-06-28 09:52:10.000000000,100142,270,100125,270,100146,270,100095,202,100241,200,100064,100,100318,100,99958,100,100342,200,99937,100,100372,100,99929,100,100479,100,99900,100,100543,100,99891,100,100567,100,99868,100,,,99819,100
2019-06-28 09:52:20.000000000,100142,440,100125,440,100146,100,100095,32,100241,200,100064,100,100318,100,99958,100,100342,200,99937,100,100372,100,99929,100,100479,100,99900,100,100543,100,99891,100,100567,100,99868,100,,,99819,100
2019-06-28 09:52:30.000000000,100142,185,100125,185,100146,185,100095,117,100241,285,100064,185,100318,185,99958,185,100342,200,99937,100,100372,100,99929,100,100479,100,99900,100,100543,100,99891,100,100567,100,99868,100,,,99819,100
2019-06-28 09:52:40.000000000,100142,270,100125,270,100146,270,100095,202,100241,200,100064,100,100318,100,99958,100,100342,200,99937,100,100372,100,99929,100,100479,100,99900,100,100543,100,99891,100,100567,100,99868,100,,,99819,100
2019-06-28 09:52:50.000000000,100142,440,100125,440,100146,100,100095,32,100241,200,100064,100,100318,100,99958,100,100342,200,99937,100,100372,100,99929,100,100479,100,99900,100,100543,100,99891,100,100567,100,99868,100,,,99819,100
2019-06-28 09:52:56.928686090,100142,340,100125,440,100146,100,100095,32,100241,200,100064,100,100342,200,99958,100,100372,100,99937,100,100479,100,99929,100,100543,100,99900,100,100567,100,99891,100,,,99868,100,,,99819,100
2019-06-28 09:53:00.000000000,100146,270,100125,270,100241,370,100095,202,100342,200,100064,100,100372,100,99958,100,100479,100,99937,100,100543,100,99929,100,100567,100,99900,100,,,99891,100,,,99868,100,,,99819,100
2019-06-28 09:53:02.546531059,100146,270,100126,100,100241,370,100125,270,100342,200,100095,202,100372,100,100064,100,100479,100,99958,100,100543,100,99937,100,100567,100,99929,100,,,99900,100,,,99891,100,,,99868,100
2019-06-28 09:53:10.000000000,100146,185,100126,185,100241,285,100125,185,100342,285,100095,117,100372,185,100064,185,100479,100,99958,100,100543,100,99937,100,100567,100,99929,100,,,99900,100,,,99891,100,,,99868,100
2019-06-28 09:53:20.000000000,100146,270,100126,270,100241,370,100125,270,100342,200,100095,32,100372,100,100064,100,100479,100,99958,100,100543,100,99937,100,100567,100,99929,100,,,99900,100,,,99891,100,,,99868,100
2019-06-28 09:53:30.000000000,100146,270,100126,270,100241,370,100125,270,100342,200,100095,32,100372,100,100064,100,100479,100,99958,100,100543,100,99937,100,100567,100,99929,100,,,99900,100,,,99891,100,,,99868,100
2019-06-28 09:53:40.000000000,100146,216,100126,216,100241,312,100125,212,100342,312,100095,144,100372,100,100064,100,100479,100,99958,100,100543,100,99937,100,100567,100,99929,100,,,99900,100,,,99891,100,,,99868,100
2019-06-28 09:53:50.000000000,100146,185,100126,185,100241,285,100125,185,100342,285,100095,117,100372,185,100064,185,100479,100,99958,100,100543,100,99937,100,100567,100,99929,100,,,99900,100,,,99891,100,,,99868,100
2019-06-28 09:53:58.179862127,100146,185,100126,85,100241,285,100125,185,100342,185,100095,117,100372,185,100064,185,100479,100,99958,100,100543,100,99937,100,100567,100,99929,100,,,99900,100,,,99891,100,,,99868,100
2019-06-28 09:54:00.000000000,100146,440,100125,440,100241,200,100095,32,100342,100,100064,100,100372,100,99958,100,100479,100,99937,100,100543,100,99929,100,100567,100,99900,100,,,99891,100,,,99868,100,,,99819,100
2019-06-28 09:54:02.668630277,100146,440,100125,440,100241,200,100095,32,100342,100,100064,100,100372,100,99958,100,100479,100,99937,100,100543,100,99929,100,100567,100,99900,100,,,99891,100,,,99868,100,,,99850,100
2019-06-28 09:54:10.000000000,100146,270,100125,270,100241,370,100095,202,100342,100,100064,100,100372,100,99958,100,100479,100,99937,100,100543,100,99929,100,100567,100,99900,100,,,99891,100,,,99868,100,,,99850,100
2019-06-28 09:54:20.000000000,100146,440,100125,440,100241,200,100095,32,100342,100,100064,100,100372,100,99958,100,100479,100,99937,100,100543,100,99929,100,100567,100,99900,100,,,99891,100,,,99868,100,,,99850,100
2019-06-28 09:54:30.000000000,100146,440,100125,440,100241,200,100095,32,100342,100,100064,100,100372,100,99958,100,100479,100,99937,100,100543,100,99929,100,100567,100,99900,100,,,99891,100,,,99868,100,,,99850,100
2019-06-28 09:54:40.000000000,100146,185,100125,185,100241,285,100095,117,100342,185,100064,185,100372,185,99958,185,100479,100,99937,100,100543,100,99929,100,100567,100,99900,100,,,99891,100,,,99868,100,,,99850,100
2019-06-28 09:54:49.295928580,100141,100,100125,185,100146,185,100095,117,100241,285,100064,185,100342,185,99958,185,100372,185,99937,100,100479,100,99929,100,100543,100,99900,100,100567,100,99891,100,,,99868,100,,,99850,100
2019-06-28 09:54:50.000000000,100141,185,100125,185,100146,185,100095,117,100241,285,100064,185,100342,185,99958,185,100372,100,99937,100,100479,100,99929,100,100543,100,99900,100,100567,100,99891,100,,,99868,100,,,99850,100
2019-06-28 09:55:00.000000000,100141,216,100125,216,100146,212,100095,144,100241,312,100064,212,100342,100,99958,100,100372,100,99937,100,100479,100,99929,100,100543,100,99900,100,100567,100,99891,100,,,99868,100,,,99850,100
2019-06-28 09:55:10.000000000,100141,168,100125,168,100146,168,100095,100,100241,268,100064,168,100342,168,99958,168,100372,168,99937,168,100479,100,99929,100,100543,100,99900,100,100567,100,99891,100,,,99868,100,,,99850,100
2019-06-28 09:55:15.610407671,100141,168,100125,168,100146,168,100095,100,100241,268,100064,168,100342,168,99958,168,100372,168,99937,168,100479,100,99929,100,100543,100,99900,100,100567,100,99891,100,,,99868,100,,,99850,100
2019-06-28 09:55:20.000000000,100141,440,100125,440,100146,100,100095,32,100241,200,100064,100,100342,100,99958,100,100372,100,99937,100,100479,100,99929,100,100543,100,99900,100,100567,100,99891,100,,,99868,100,,,99850,100
2019-06-28 09:55:30.000000000,100141,440,100125,440,100146,100,100095,32,100241,200,100064,100,100342,100,99958,100,100372,100,99937,100,100479,100,99929,100,100543,100,99900,100,100567,100,99891,100,,,99868,100,,,99850,100
2019-06-28 09:55:32.429406162,100141,440,100125,440,100146,100,100095,32,100241,200,100064,100,100342,100,99958,100,100372,100,99937,100,100479,100,99929,100,100543,100,99900,100,100567,100,99891,100,,,99868,100,,,99850,100
2019-06-28 09:55:40.000000000,100141,185,100125,185,100146,185,100095,117,100241,285,100064,185,100342,185,99958,185,100372,100,99937,100,100479,100,99929,100,100543,100,99900,100,100567,100,99891,100,,,99868,100,,,99850,100
2019-06-28 09:55:50.000000000,100141,270,100125,270,100146,270,100095,202,100241,200,100064,100,100342,100,99958,100,100372,100,99937,100,100479,100,99929,100,100543,100,99900,100,100567,100,99891,100,,,99868,100,,,99850,100
2019-06-28 09:56:00.000000000,100141,168,100125,168,100146,168,100095,100,100241,268,100064,168,100342,168,99958,168,100372,168,99937,168,100479,100,99929,100,100543,100,99900,100,100567,100,99891,100,,,99868,100,,,99850,100
2019-06-28 09:56:10.000000000,100141,216,100125,216,100146,212,100095,144,100241,312,100064,212,100342,100,99958,100,100372,100,99937,100,100479,100,99929,100,100543,100,99900,100,100567,100,99891,100,,,99868,100,,,99850,100
2019-06-28 09:56:20.000000000,100141,216,100125,216,100146,212,100095,144,100241,312,100064,212,100342,100,99958,100,100372,100,99937,100,100479,100,99929,100,100543,100,99900,100,100567,100,99891,100,,,99868,100,,,99850,100
2019-06-28 09:56:24.145046631,100141,216,100125,216,100146,212,100095,144,100241,212,100064,212,100342,100,99958,100,100372,100,99937,100,100479,100,99929,100,100543,100,99900,100,100567,100,99891,100,,,99868,100,,,99850,100
2019-06-28 09:56:25.283902845,100141,216,100125,116,100146,212,100095,144,100241,212,100064,212,100342,100,99958,100,100372,100,99937,100,100479,100,99929,100,100543,100,99900,100,100567,100,99891,100,,,99868,100,,,99850,100
2019-06-28 09:56:30.000000000,100141,440,100095,372,100146,100,100064,100,100241,100,99958,100,100342,100,99937,100,100372,100,99929,100,100479,100,99900,100,100543,100,99891,100,100567,100,99868,100,,,99850,100,,,99822,100
2019-06-28 09:56:35.417400854,100141,440,100095,372,100146,100,100064,100,100241,100,99958,100,100342,100,99937,100,100372,100,99929,100,100479,100,99900,100,100543,100,99891,100,100567,100,99868,100,,,99850,100,,,99822,100
2019-06-28 09:56:40.000000000,100141,185,100095,117,100146,185,100064,185,100241,185,99958,185,100342,185,99937,185,100372,100,99929,100,100479,100,99900,100,100543,100,99891,100,100567,100,99868,100,,,99850,100,,,99822,100
2019-06-28 09:56:50.000000000,100141,185,100095,117,100146,185,100064,185,100241,185,99958,185,100342,185,99937,185,100372,100,99929,100,100479,100,99900,100,100543,100,99891,100,100567,100,99868,100,,,99850,100,,,99822,100
2019-06-28 09:57:00.000000000,100141,185,100095,117,100146,185,100064,185,100241,185,99958,185,100342,185,99937,185,100372,100,99929,100,100479,100,99900,100,100543,100,99891,100,100567,100,99868,100,,,99850,100,,,99822,100
2019-06-28 09:57:10.000000000,100141,440,100095,372,100146,100,100064,100,100241,100,99958,100,100342,100,99937,100,100372,100,99929,100,100479,100,99900,100,100543,100,99891,100,100567,100,99868,100,,,99850,100,,,99822,100
2019-06-28 09:57:20.000000000,100141,216,100095,148,100146,212,100064,212,100241,212,99958,212,100342,100,99937,100,100372,100,99929,100,100479,100,99900,100,100543,100,99891,100,100567,100,99868,100,,,99850,100,,,99822,100
2019-06-28 09:57:30.000000000,100141,216,100095,148,100146,212,100064,212,100241,212,99958,212,100342,100,99937,100,100372,100,99929,100,100479,100,99900,100,100543,100,99891,100,100567,100,99868,100,,,99850,100,,,99822,100
2019-06-28 09:57:40.000000000,100141,440,100095,372,100146,100,100064,100,100241,100,99958,100,100342,100,99937,100,100372,100,99929,100,100479,100,99900,100,100543,100,99891,100,100567,100,99868,100,,,99850,100,,,99822,100
2019-06-28 09:57:40.988468353,100141,440,100095,372,100146,100,100064,100,100241,100,99958,100,100342,100,99937,100,100372,100,99929,100,100479,100,99900,100,100543,100,99891,100,100567,100,99868,100,,,99850,100,,,99822,100
2019-06-28 09:57:42.921986736,100126,100,100095,372,100141,440,100064,100,100146,100,99937,100,100241,100,99929,100,100342,100,99900,100,100372,100,99891,100,100479,100,99868,100,100543,100,99850,100,100567,100,99822,100,,,99381,100
2019-06-28 09:57:44.586162030,100126,100,100095,272,100141,440,100064,100,100146,100,99937,100,100241,100,99900,100,100342,100,99891,100,100372,100,99868,100,100479,100,99850,100,100543,100,99822,100,100567,100,99381,100,,,98464,100
2019-06-28 09:57:50.000000000,100126,270,100064,270,100141,270,99937,270,100146,100,99900,100,100241,100,99891,100,100342,100,99868,100,100372,100,99850,100,100479,100,99822,100,100543,100,99381,100,100567,100,98464,100,,,98408,100
2019-06-28 09:57:56.006614555,100126,270,100064,270,100141,270,99937,270,100146,100,99900,100,100241,100,99891,100,100342,100,99868,100,100372,100,99850,100,100479,100,99822,100,100543,100,99381,100,100567,100,98464,100,,,98408,100
2019-06-28 09:57:57.875266695,100125,100,100064,270,100126,270,99937,270,100141,270,99900,100,100146,100,99891,100,100241,100,99868,100,100342,100,99850,100,100372,100,99822,100,100479,100,99381,100,100543,100,98464,100,100567,100,98408,100
2019-06-28 09:57:58.523638181,100125,100,100064,170,100126,270,99937,270,100141,270,99900,100,100146,100,99891,100,100241,100,99868,100,100342,100,99850,100,100372,100,99822,100,100479,100,99381,100,100543,100,98464,100,100567,100,98408,100
2019-06-28 09:57:58.826238769,100125,100,100064,70,100126,270,99937,270,100141,270,99900,100,100146,100,99891,100,100241,100,99868,100,100342,100,99850,100,100372,100,99822,100,100479,100,99381,100,100543,100,98464,100,100567,100,98408,100
2019-06-28 09:58:00.000000000,100125,216,99937,216,100126,212,99900,212,100141,212,99891,212,100146,100,99868,100,100241,100,99850,100,100342,100,99822,100,100372,100,99381,100,100479,100,98464,100,100543,100,98408,100,100567,100,98190,100
2019-06-28 09:58:10.000000000,100125,216,99937,216,100126,212,99900,212,100141,212,99891,212,100146,100,99868,100,100241,100,99850,100,100342,100,99822,100,100372,100,99381,100,100479,100,98464,100,100543,100,98408,100,100567,100,98190,100
2019-06-28 09:58:20.000000000,100125,270,99937,270,100126,270,99900,270,100141,100,99891,100,100146,100,99868,100,100241,100,99850,100,100342,100,99822,100,100372,100,99381,100,100479,100,98464,100,100543,100,98408,100,100567,100,98190,100
2019-06-28 09:58:22.159535381,100125,270,99937,170,100126,270,99900,270,100141,100,99891,100,100146,100,99868,100,100241,100,99850,100,100342,100,99822,100,100372,100,99381,100,100479,100,98464,100,100543,100,98408,100,100567,100,98190,100
2019-06-28 09:58:30.000000000,100125,168,99900,168,100126,168,99891,168,100141,168,99868,168,100146,168,99850,168,100241,168,99822,168,100342,100,99381,100,100372,100,98464,100,100479,100,98408,100,100543,100,98190,100,100567,100,98087,100
2019-06-28 09:58:40.000000000,100125,168,99900,168,100126,168,99891,168,100141,168,99868,168,100146,168,99850,168,100241,168,99822,168,100342,100,99381,100,100372,100,98464,100,100479,100,98408,100,100543,100,98190,100,100567,100,98087,100
2019-06-28 09:58:50.000000000,100125,168,99900,168,100126,168,99891,168,100141,168,99868,168,100146,168,99850,168,100241,168,99822,168,100342,100,99381,100,100372,100,98464,100,100479,100,98408,100,100543,100,98190,100,100567,100,98087,100
2019-06-28 09:58:51.406692307,100125,168,99900,168,100126,168,99891,168,100141,168,99868,168,100146,168,99850,168,100241,168,99822,168,100342,100,99381,100,100372,100,98498,100,100479,100,98464,100,100543,100,98408,100,100567,100,98190,100
2019-06-28 09:58:52.253135559,100064,100,99900,168,100125,168,99891,168,100126,168,99868,168,100141,168,99850,168,100146,168,99822,168,100241,168,99381,100,100342,100,98498,100,100372,100,98464,100,100479,100,98408,100,100543,100,98190,100
2019-06-28 09:59:00.000000000,100064,270,99900,270,100125,270,99891,270,100126,100,99868,100,100141,100,99850,100,100146,100,99822,100,100241,100,99381,100,100342,100,98498,100,100372,100,98464,100,100479,100,98408,100,100543,100,98190,100
2019-06-28 09:59:10.000000000,100064,216,99900,216,100125,212,99891,212,100126,212,99868,212,100141,100,99850,100,100146,100,99822,100,100241,100,99381,100,100342,100,98498,100,100372,100,98464,100,100479,100,98408,100,100543,100,98190,100
2019-06-28 09:59:20.000000000,100064,168,99900,168,100125,168,99891,168,100126,168,99868,168,100141,168,99850,168,100146,168,99822,168,100241,100,99381,100,100342,100,98498,100,100372,100,98464,100,100479,100,98408,100,100543,100,98190,100
2019-06-28 09:59:30.000000000,100064,168,99900,168,100125,168,99891,168,100126,168,99868,168,100141,168,99850,168,100146,168,99822,168,100241,100,99381,100,100342,100,98498,100,100372,100,98464,100,100479,100,98408,100,100543,100,98190,100
2019-06-28 09:59:33.978546158,100064,168,99900,68,100125,168,99891,168,100126,168,99868,168,100141,168,99850,168,100146,168,99822,168,100241,100,99381,100,100342,100,98498,100,100372,100,98464,100,100479,100,98409,100,100543,100,98408,100
2019-06-28 09:59:35.278648564,100064,168,99900,68,100125,168,99891,168,100126,168,99868,168,100141,68,99850,168,100146,168,99822,168,100241,100,99381,100,100342,100,98498,100,100372,100,98464,100,100479,100,98409,100,100543,100,98408,100
2019-06-28 09:59:40.000000000,100064,216,99891,216,100125,212,99868,212,100126,212,99850,212,100146,100,99822,100,100241,100,99381,100,100342,100,98498,100,100372,100,98464,100,100479,100,98409,100,100543,100,98408,100,100567,100,98190,100
2019-06-28 09:59:50.000000000,100064,185,99891,185,100125,185,99868,185,100126,185,99850,185,100146,185,99822,185,100241,100,99381,100,100342,100,98498,100,100372,100,98464,100,100479,100,98409,100,100543,100,98408,100,100567,100,98190,100
2019-06-28 09:59:55.772369427,100064,185,99891,185,100125,185,99868,185,100126,185,99850,185,100146,185,99822,185,100241,100,99381,100,100342,100,98498,100,100372,100,98464,100,100479,100,98409,100,100543,100,98408,100,100567,100,98190,100
2019-06-28 10:00:00.000000000,100064,270,99891,270,100125,270,99868,270,100126,100,99850,100,100146,100,99822,100,100241,100,99381,100,100342,100,98498,100,100372,100,98464,100,100479,100,98409,100,100543,100,98408,100,100567,100,98190,100
2019-06-28 10:00:10.000000000,100064,440,99891,440,100125,100,99868,100,100126,100,99850,100,100146,100,99822,100,100241,100,99381,100,100342,100,98498,100,100372,100,98464,100,100479,100,98409,100,100543,100,98408,100,100567,100,98190,100
2019-06-28 10:00:11.250656921,100064,440,99891,340,100125,100,99868,100,100126,100,99850,100,100146,100,99822,100,100241,100,99381,100,100342,100,98498,100,100372,100,98464,100,100479,100,98409,100,100543,100,98408,100,100567,100,98190,100
2019-06-28 10:00:20.000000000,100064,440,99868,440,100125,100,99850,100,100126,100,99822,100,100146,100,99381,100,100241,100,98498,100,100342,100,98464,100,100372,100,98409,100,100479,100,98408,100,100543,100,98190,100,100567,100,98087,100
2019-06-28 10:00:30.000000000,100064,440,99868,440,100125,100,99850,100,100126,100,99822,100,100146,100,99381,100,100241,100,98498,100,100342,100,98464,100,100372,100,98409,100,100479,100,98408,100,100543,100,98190,100,100567,100,98087,100
2019-06-28 10:00:40.000000000,100064,216,99868,216,100125,212,99850,212,100126,212,99822,212,100146,100,99381,100,100241,100,98498,100,100342,100,98464,100,100372,100,98409,100,100479,100,98408,100,100543,100,98190,100,100567,100,98087,100
2019-06-28 10:00:50.000000000,100064,270,99868,270,100125,270,99850,270,100126,100,99822,100,100146,100,99381,100,100241,100,98498,100,100342,100,98464,100,100372,100,98409,100,100479,100,98408,100,100543,100,98190,100,100567,100,98087,100
2019-06-28 10:01:00.000000000,100064,185,99868,185,100125,185,99850,185,100126,185,99822,185,100146,185,99381,185,100241,100,98498,100,100342,100,98464,100,100372,100,98409,100,100479,100,98408,100,100543,100,98190,100,100567,100,98087,100
2019-06-28 10:01:00.038015218,100064,185,99868,185,100125,185,99850,185,100126,185,99822,185,100146,185,99381,185,100241,100,98498,100,100342,100,98464,100,100372,100,98409,100,100479,100,98408,100,100543,100,98190,100,,,98131,100
2019-06-28 10:01:10.000000000,100064,216,99868,216,100125,212,99850,212,100126,212,99822,212,100146,100,99381,100,100241,100,98498,100,100342,100,98464,100,100372,100,98409,100,100479,100,98408,100,100543,100,98190,100,,,98131,100
2019-06-28 10:01:14.962230220,100064,216,99868,16,100125,212,99850,212,100126,212,99822,212,100146,100,99381,100,100241,100,98498,100,100342,100,98464,100,100372,100,98409,100,100479,100,98408,100,100543,100,98190,100,,,98131,100
2019-06-28 10:01:20.000000000,100064,440,99850,440,100125,100,99822,100,100126,100,99381,100,100146,100,98498,100,100241,100,98464,100,100342,100,98409,100,100372,100,98408,100,100479,100,98190,100,100543,100,98131,100,,,98087,100
2019-06-28 10:01:21.606684024,100064,440,99850,340,100125,100,99822,100,100126,100,99381,100,100146,100,98498,100,100241,100,98464,100,100342,100,98409,100,100372,100,98408,100,100479,100,98190,100,100543,100,98131,100,,,98087,100
2019-06-28 10:01:29.060027517,100064,440,99850,240,100125,100,99822,100,100126,100,99381,100,100146,100,98498,100,100241,100,98464,100,100342,100,98409,100,100372,100,98408,100,100479,100,98190,100,100543,100,98131,100,,,98087,100
2019-06-28 10:01:30.000000000,100064,440,99822,440,100125,100,99381,100,100126,100,98498,100,100146,100,98464,100,100241,100,98409,100,100342,100,98408,100,100372,100,98190,100,100479,100,98131,100,100543,100,98087,100,,,,
2019-06-28 10:01:40.000000000,100064,440,99822,440,100125,100,99381,100,100126,100,98498,100,100146,100,98464,100,100241,100,98409,100,100342,100,98408,100,100372,100,98190,100,100479,100,98131,100,100543,100,98087,100,,,,
2019-06-28 10:01:50.000000000,100064,168,99822,168,100125,168,99381,168,100126,168,98498,168,100146,168,98464,168,100241,168,98409,168,100342,100,98408,100,100372,100,98190,100,100479,100,98131,100,100543,100,98087,100,,,,
2019-06-28 10:02:00.000000000,100064,185,99822,185,100125,185,99381,185,100126,185,98498,185,100146,185,98464,185,100241,100,98409,100,100342,100,98408,100,100372,100,98190,100,100479,100,98131,100,100543,100,98087,100,,,,
2019-06-28 10:02:10.000000000,100064,185,99822,185,100125,185,99381,185,100126,185,98498,185,100146,185,98464,185,100241,100,98409,100,100342,100,98408,100,100372,100,98190,100,100479,100,98131,100,100543,100,98087,100,,,,
2019-06-28 10:02:20.000000000,100064,216,99822,216,100125,212,99381,212,100126,212,98498,212,100146,100,98464,100,100241,100,98409,100,100342,100,98408,100,100372,100,98190,100,100479,100,98131,100,100543,100,98087,100,,,,
2019-06-28 10:02:30.000000000,100064,216,99822,216,100125,212,99381,212,100126,212,98498,212,100146,100,98464,100,100241,100,98409,100,100342,100,98408,100,100372,100,98190,100,100479,100,98131,100,100543,100,98087,100,,,,
2019-06-28 10:02:34.251895607,100064,216,99822,216,100125,212,99381,212,100126,212,98678,100,100146,100,98498,212,100241,100,98464,100,100342,100,98409,100,100372,100,98408,100,100479,100,98190,100,100543,100,98131,100,,,98087,100
2019-06-28 10:02:40.000000000,100064,270,99822,270,100125,270,99381,270,100126,100,98678,100,100146,100,98498,100,100241,100,98464,100,100342,100,98409,100,100372,100,98408,100,100479,100,98190,100,100543,100,98131,100,,,98087,100
2019-06-28 10:02:49.721662079,100064,270,99822,270,100125,270,99381,270,100126,100,99131,100,100146,100,98678,100,100241,100,98498,100,100342,100,98464,100,100372,100,98409,100,100479,100,98408,100,100543,100,98190,100,,,98131,100
2019-06-28 10:02:50.000000000,100064,440,99822,440,100125,100,99381,100,100126,100,99131,100,100146,100,98678,100,100241,100,98498,100,100342,100,98464,100,100372,100,98409,100,100479,100,98408,100,100543,100,98190,100,,,98131,100
2019-06-28 10:03:00.000000000,100064,185,99822,185,100125,185,99381,185,100126,185,99131,185,100146,185,98678,185,100241,100,98498,100,100342,100,98464,100,100372,100,98409,100,100479,100,98408,100,100543,100,98190,100,,,98131,100
2019-06-28 10:03:03.162939343,100064,185,99822,85,100125,185,99381,185,100126,185,99131,185,100146,185,98678,185,100241,100,98498,100,100342,100,98464,100,100372,100,98409,100,100479,100,98408,100,100543,100,98190,100,,,98131,100
2019-06-28 10:03:10.000000000,100064,270,99381,270,100125,270,99131,270,100126,100,98678,100,100146,100,98498,100,100241,100,98464,100,100342,100,98409,100,100372,100,98408,100,100479,100,98190,100,100543,100,98131,100,,,,
2019-06-28 10:03:20.000000000,100064,168,99381,168,100125,168,99131,168,100126,168,98678,168,100146,168,98498,168,100241,168,98464,168,100342,100,98409,100,100372,100,98408,100,100479,100,98190,100,100543,100,98131,100,,,,
2019-06-28 10:03:30.000000000,100064,270,99381,270,100125,270,99131,270,100126,100,98678,100,100146,100,98498,100,100241,100,98464,100,100342,100,98409,100,100372,100,98408,100,100479,100,98190,100,100543,100,98131,100,,,,
2019-06-28 10:03:40.000000000,100064,216,99381,216,100125,212,99131,212,100126,212,98678,212,100146,100,98498,100,100241,100,98464,100,100342,100,98409,100,100372,100,98408,100,100479,100,98190,100,100543,100,98131,100,,,,
2019-06-28 10:03:50.000000000,100064,185,99381,185,100125,185,99131,185,100126,185,98678,185,100146,185,98498,185,100241,100,98464,100,100342,100,98409,100,100372,100,98408,100,100479,100,98190,100,100543,100,98131,100,,,,
2019-06-28 10:03:53.505530190,100064,185,99381,185,100125,185,99131,185,100126,185,98678,185,100146,185,98498,185,100241,100,98464,100,100342,100,98415,100,100372,100,98409,100,100479,100,98408,100,100543,100,98190,100,,,,
2019-06-28 10:04:00.000000000,100064,270,99381,270,100125,270,99131,270,100126,100,98678,100,100146,100,98498,100,100241,100,98464,100,100342,100,98415,100,100372,100,98409,100,100479,100,98408,100,100543,100,98190,100,,,,
2019-06-28 10:04:01.579032154,99850,100,99381,270,100064,270,99131,270,100125,270,98678,100,100126,100,98498,100,100146,100,98464,100,100241,100,98415,100,100342,100,98409,100,100372,100,98408,100,100479,100,98190,100,100543,100,,
2019-06-28 10:04:10.000000000,99850,216,99381,216,100064,212,99131,212,100125,212,98678,212,100126,100,98498,100,100146,100,98464,100,100241,100,98415,100,100342,100,98409,100,100372,100,98408,100,100479,100,98190,100,100543,100,,
2019-06-28 10:04:18.336463882,99850,216,99381,216,100064,212,99131,212,100125,212,98678,212,100126,100,98591,100,100146,100,98498,100,100241,100,98415,100,100342,100,98409,100,100372,100,98408,100,100479,100,98190,100,100543,100,,
2019-06-28 10:04:20.000000000,99850,216,99381,216,100064,212,99131,212,100125,212,98678,212,100126,100,98591,100,100146,100,98498,100,100241,100,98415,100,100342,100,98409,100,100372,100,98408,100,100479,100,98190,100,100543,100,,
2019-06-28 10:04:30.000000000,99850,440,99381,440,100064,100,99131,100,100125,100,98678,100,100126,100,98591,100,100146,100,98498,100,100241,100,98415,100,100342,100,98409,100,100372,100,98408,100,100479,100,98190,100,100543,100,,
2019-06-28 10:04:40.000000000,99850,185,99381,185,100064,185,99131,185,100125,185,98678,185,100126,185,98591,185,100146,100,98498,100,100241,100,98415,100,100342,100,98409,100,100372,100,98408,100,100479,100,98190,100,100543,100,,
2019-06-28 10:04:50.000000000,99850,168,99381,168,100064,168,99131,168,100125,168,98678,168,100126,168,98591,168,100146,168,98498,168,100241,100,98415,100,100342,100,98409,100,100372,100,98408,100,100479,100,98190,100,100543,100,,
2019-06-28 10:05:00.000000000,99850,216,99381,216,100064,212,99131,212,100125,212,98678,212,100126,100,98591,100,100146,100,98498,100,100241,100,98415,100,100342,100,98409,100,100372,100,98408,100,100479,100,98190,100,100543,100,,
2019-06-28 10:05:10.000000000,99850,270,99381,270,100064,270,99131,270,100125,100,98678,100,100126,100,98591,100,100146,100,98498,100,100241,100,98415,100,100342,100,98409,100,100372,100,98408,100,100479,100,98190,100,100543,100,,
2019-06-28 10:05:19.256036405,99850,270,99381,270,100064,270,99131,270,100125,100,98678,100,100126,100,98591,100,100146,100,98498,100,100241,100,98450,100,100342,100,98415,100,100372,100,98409,100,100479,100,98408,100,100543,100,98190,100
2019-06-28 10:05:19.918165688,99850,270,99381,170,100064,270,99131,270,100125,100,98678,100,100126,100,98498,100,100146,100,98450,100,100241,100,98415,100,100342,100,98409,100,100372,100,98408,100,100479,100,98190,100,100543,100,,
2019-06-28 10:05:20.000000000,99850,185,99131,185,100064,185,98678,185,100125,185,98498,185,100126,185,98450,185,100146,100,98415,100,100241,100,98409,100,100342,100,98408,100,100372,100,98190,100,100479,100,,,100543,100,,
2019-06-28 10:05:30.000000000,99850,440,99131,440,100064,100,98678,100,100125,100,98498,100,100126,100,98450,100,100146,100,98415,100,100241,100,98409,100,100342,100,98408,100,100372,100,98190,100,100479,100,,,100543,100,,
2019-06-28 10:05:40.000000000,99850,216,99131,216,100064,212,98678,212,100125,212,98498,212,100126,100,98450,100,100146,100,98415,100,100241,100,98409,100,100342,100,98408,100,100372,100,98190,100,100479,100,,,100543,100,,
2019-06-28 10:05:43.384994575,99850,216,99131,116,100064,212,98678,212,100125,212,98498,212,100126,100,98450,100,100146,100,98415,100,100241,100,98409,100,100342,100,98408,100,100372,100,98190,100,100479,100,,,100543,100,,
2019-06-28 10:05:50.000000000,99850,185,98678,185,100064,185,98498,185,100125,185,98450,185,100126,185,98415,185,100146,100,98409,100,100241,100,98408,100,100342,100,98190,100,100372,100,,,100479,100,,,100543,100,,
2019-06-28 10:05:50.986779031,99850,185,98678,85,100064,185,98498,185,100125,185,98450,185,100126,185,98415,185,100146,100,98409,100,100241,100,98408,100,100342,100,98190,100,100372,100,,,100479,100,,,100543,100,,
2019-06-28 10:05:55.536403312,99850,185,98678,85,100064,185,98645,100,100125,185,98498,185,100126,185,98450,185,100146,100,98415,185,100241,100,98409,100,100342,100,98408,100,100372,100,98190,100,100479,100,,,100543,100,,
2019-06-28 10:06:00.000000000,99850,440,98645,440,100064,100,98498,100,100125,100,98450,100,100126,100,98415,100,100146,100,98409,100,100241,100,98408,100,100342,100,98190,100,100372,100,,,100479,100,,,100543,100,,
2019-06-28 10:06:10.000000000,99850,440,98645,440,100064,100,98498,100,100125,100,98450,100,100126,100,98415,100,100146,100,98409,100,100241,100,98408,100,100342,100,98190,100,100372,100,,,100479,100,,,100543,100,,
2019-06-28 10:06:16.827066093,99131,100,98645,440,99850,440,98498,100,100064,100,98450,100,100125,100,98415,100,100126,100,98409,100,100146,100,98408,100,100241,100,98190,100,100342,100,,,100372,100,,,100479,100,,
2019-06-28 10:06:20.000000000,99131,185,98645,185,99850,185,98498,185,100064,185,98450,185,100125,185,98415,185,100126,100,98409,100,100146,100,98408,100,100241,100,98190,100,100342,100,,,100372,100,,,100479,100,,
2019-06-28 10:06:29.234739362,99131,285,98645,185,99850,185,98498,185,100064,185,98450,185,100125,185,98415,185,100126,100,98409,100,100146,100,98408,100,100241,100,98190,100,100342,100,,,100372,100,,,100479,100,,
2019-06-28 10:06:30.000000000,99131,285,98645,185,99850,185,98498,185,100064,185,98450,185,100125,185,98415,185,100126,100,98409,100,100146,100,98408,100,100241,100,98190,100,100342,100,,,100372,100,,,100479,100,,
2019-06-28 10:06:39.911695899,99131,285,98645,85,99850,185,98498,185,100064,185,98450,185,100125,185,98415,185,100126,100,98409,100,100146,100,98408,100,100241,100,98190,100,100342,100,,,100372,100,,,100479,100,,
2019-06-28 10:06:40.000000000,99131,285,98498,185,99850,185,98450,185,100064,185,98415,185,100125,185,98409,185,100126,100,98408,100,100146,100,98190,100,100241,100,,,100342,100,,,100372,100,,,100479,100,,
2019-06-28 10:06:45.760309251,99131,285,98498,185,99850,185,98450,185,100064,185,98415,185,100125,85,98409,185,100126,100,98408,100,100146,100,98190,100,100241,100,,,100342,100,,,100372,100,,,100479,100,,
2019-06-28 10:06:50.000000000,99131,316,98498,216,99850,212,98450,212,100064,212,98415,212,100126,100,98409,100,100146,100,98408,100,100241,100,98190,100,100342,100,,,100372,100,,,100479,100,,,100543,100,,
2019-06-28 10:07:00.000000000,99131,285,98498,185,99850,185,98450,185,100064,185,98415,185,100126,185,98409,185,100146,100,98408,100,100241,100,98190,100,100342,100,,,100372,100,,,100479,100,,,100543,100,,
2019-06-28 10:07:10.000000000,99131,268,98498,168,99850,168,98450,168,100064,168,98415,168,100126,168,98409,168,100146,168,98408,168,100241,100,98190,100,100342,100,,,100372,100,,,100479,100,,,100543,100,,
2019-06-28 10:07:20.000000000,99131,285,98498,185,99850,185,98450,185,100064,185,98415,185,100126,185,98409,185,100146,100,98408,100,100241,100,98190,100,100342,100,,,100372,100,,,100479,100,,,100543,100,,
2019-06-28 10:07:30.000000000,99131,285,98498,185,99850,185,98450,185,100064,185,98415,185,100126,185,98409,185,100146,100,98408,100,100241,100,98190,100,100342,100,,,100372,100,,,100479,100,,,100543,100,,
2019-06-28 10:07:40.000000000,99131,316,98498,216,99850,212,98450,212,100064,212,98415,212,100126,100,98409,100,100146,100,98408,100,100241,100,98190,100,100342,100,,,100372,100,,,100479,100,,,100543,100,,
2019-06-28 10:07:44.939505662,99131,316,98498,216,99850,212,98450,212,100064,112,98415,212,100126,100,98409,100,100146,100,98408,100,100241,100,98190,100,100342,100,,,100372,100,,,100479,100,,,100543,100,,
2019-06-28 10:07:50.000000000,99131,540,98498,440,99850,100,98450,100,100126,100,98415,100,100146,100,98409,100,100241,100,98408,100,100342,100,98190,100,100372,100,,,100479,100,,,100543,100,,,,,,
2019-06-28 10:08:00.000000000,99131,370,98498,270,99850,270,98450,270,100126,100,98415,100,100146,100,98409,100,100241,100,98408,100,100342,100,98190,100,100372,100,,,100479,100,,,100543,100,,,,,,
2019-06-28 10:08:05.204369170,98869,100,98498,270,99131,370,98450,270,99850,270,98415,100,100126,100,98409,100,100146,100,98408,100,100241,100,98190,100,100342,100,,,100372,100,,,100479,100,,,100543,100,,
2019-06-28 10:08:10.000000000,98869,185,98498,185,99131,285,98450,185,99850,185,98415,185,100126,185,98409,185,100146,100,98408,100,100241,100,98190,100,100342,100,,,100372,100,,,100479,100,,,100543,100,,
2019-06-28 10:08:16.427831576,98869,185,98498,185,98971,100,98450,185,99131,285,98415,185,99850,185,98409,185,100126,185,98408,100,100146,100,98190,100,100241,100,,,100342,100,,,100372,100,,,100479,100,,
2019-06-28 10:08:20.000000000,98869,168,98498,168,98971,168,98450,168,99131,268,98415,168,99850,168,98409,168,100126,168,98408,168,100146,100,98190,100,100241,100,,,100342,100,,,100372,100,,,100479,100,,
2019-06-28 10:08:21.989296106,98869,168,98802,100,98971,168,98498,168,99131,268,98450,168,99850,168,98415,168,100126,168,98409,168,100146,100,98408,168,100241,100,98190,100,100342,100,,,100372,100,,,100479,100,,
2019-06-28 10:08:30.000000000,98869,168,98802,168,98971,168,98498,168,99131,268,98450,168,99850,168,98415,168,100126,168,98409,168,100146,100,98408,100,100241,100,98190,100,100342,100,,,100372,100,,,100479,100,,
2019-06-28 10:08:30.674521430,98869,168,98802,68,98971,168,98498,168,99131,268,98450,168,99850,168,98415,168,100126,168,98409,168,100146,100,98408,100,100241,100,98190,100,100342,100,,,100372,100,,,100479,100,,
2019-06-28 10:08:40.000000000,98869,270,98498,270,98971,270,98450,270,99131,200,98415,100,99850,100,98409,100,100126,100,98408,100,100146,100,98190,100,100241,100,,,100342,100,,,100372,100,,,100479,100,,
2019-06-28 10:08:50.000000000,98869,440,98498,440,98971,100,98450,100,99131,200,98415,100,99850,100,98409,100,100126,100,98408,100,100146,100,98190,100,100241,100,,,100342,100,,,100372,100,,,100479,100,,
2019-06-28 10:09:00.000000000,98869,185,98498,185,98971,185,98450,185,99131,285,98415,185,99850,185,98409,185,100126,100,98408,100,100146,100,98190,100,100241,100,,,100342,100,,,100372,100,,,100479,100,,
2019-06-28 10:09:09.127288464,98869,185,98498,185,98971,185,98450,185,99131,285,98415,185,99605,100,98409,185,99850,185,98408,100,100126,100,98190,100,100146,100,,,100241,100,,,100342,100,,,100372,100,,
2019-06-28 10:09:10.000000000,98869,270,98498,270,98971,270,98450,270,99131,200,98415,100,99605,100,98409,100,99850,100,98408,100,100126,100,98190,100,100146,100,,,100241,100,,,100342,100,,,100372,100,,
2019-06-28 10:09:20.000000000,98869,440,98498,440,98971,100,98450,100,99131,200,98415,100,99605,100,98409,100,99850,100,98408,100,100126,100,98190,100,100146,100,,,100241,100,,,100342,100,,,100372,100,,
2019-06-28 10:09:25.531894229,98869,440,98803,100,98971,100,98498,440,99131,100,98450,100,99605,100,98415,100,99850,100,98409,100,100126,100,98408,100,100146,100,98190,100,100241,100,,,100342,100,,,100372,100,,
2019-06-28 10:09:27.261267943,98869,440,98803,100,98971,100,98498,440,99131,100,98450,100,99558,100,98415,100,99605,100,98409,100,99850,100,98408,100,100126,100,,,100146,100,,,100241,100,,,100342,100,,
2019-06-28 10:09:30.000000000,98869,270,98803,270,98971,270,98498,270,99131,100,98450,100,99558,100,98415,100,99605,100,98409,100,99850,100,98408,100,100126,100,,,100146,100,,,100241,100,,,100342,100,,
2019-06-28 10:09:34.444110772,98869,270,98803,370,98971,270,98498,270,99131,100,98450,100,99558,100,98415,100,99605,100,98409,100,99850,100,98408,100,100126,100,,,100146,100,,,100241,100,,,100342,100,,
2019-06-28 10:09:40.000000000,98869,440,98803,540,98971,100,98498,100,99131,100,98450,100,99558,100,98415,100,99605,100,98409,100,99850,100,98408,100,100126,100,,,100146,100,,,100241,100,,,100342,100,,
2019-06-28 10:09:49.630674608,98869,440,98803,540,98971,100,98498,100,99131,100,98450,100,99551,100,98415,100,99558,100,98409,100,99605,100,98408,100,99850,100,,,100126,100,,,100146,100,,,100241,100,,
2019-06-28 10:09:50.000000000,98869,168,98803,268,98971,168,98498,168,99131,168,98450,168,99551,168,98415,168,99558,168,98409,168,99605,100,98408,100,99850,100,,,100126,100,,,100146,100,,,100241,100,,
2019-06-28 10:10:00.000000000,98869,185,98803,285,98971,185,98498,185,99131,185,98450,185,99551,185,98415,185,99558,100,98409,100,99605,100,98408,100,99850,100,,,100126,100,,,100146,100,,,100241,100,,
2019-06-28 10:10:06.308401655,98869,85,98803,285,98971,185,98498,185,99131,185,98450,185,99551,185,98415,185,99558,100,98409,100,99605,100,98408,100,99850,100,,,100126,100,,,100146,100,,,100241,100,,
2019-06-28 10:10:10.000000000,98971,168,98803,268,99131,168,98498,168,99551,168,98450,168,99558,168,98415,168,99605,168,98409,168,99850,100,98408,100,100126,100,,,100146,100,,,100241,100,,,100342,100,,
2019-06-28 10:10:20.000000000,98971,168,98803,268,99131,168,98498,168,99551,168,98450,168,99558,168,98415,168,99605,168,98409,168,99850,100,98408,100,100126,100,,,100146,100,,,100241,100,,,100342,100,,
2019-06-28 10:10:30.000000000,98971,168,98803,268,99131,168,98498,168,99551,168,98450,168,99558,168,98415,168,99605,168,98409,168,99850,100,98408,100,100126,100,,,100146,100,,,100241,100,,,100342,100,,
2019-06-28 10:10:40.000000000,98971,168,98803,268,99131,168,98498,168,99551,168,98450,168,99558,168,98415,168,99605,168,98409,168,99850,100,98408,100,100126,100,,,100146,100,,,100241,100,,,100342,100,,
2019-06-28 10:10:50.000000000,98971,216,98803,316,99131,212,98498,212,99551,212,98450,212,99558,100,98415,100,99605,100,98409,100,99850,100,98408,100,100126,100,,,100146,100,,,100241,100,,,100342,100,,
2019-06-28 10:10:55.362527336,98971,116,98803,316,99131,212,98498,212,99551,212,98450,212,99558,100,98415,100,99605,100,98409,100,99850,100,98408,100,100126,100,,,100146,100,,,100241,100,,,100342,100,,
2019-06-28 10:11:00.000000000,99131,216,98803,316,99551,212,98498,212,99558,212,98450,212,99605,100,98415,100,99850,100,98409,100,100126,100,98408,100,100146,100,,,100241,100,,,100342,100,,,100372,100,,
2019-06-28 10:11:04.607210770,99131,216,98803,316,99265,100,98498,212,99551,212,98450,212,99558,212,98415,100,99605,100,98409,100,99850,100,98408,100,100126,100,,,100146,100,,,100241,100,,,100342,100,,
2019-06-28 10:11:10.000000000,99131,168,98803,268,99265,168,98498,168,99551,168,98450,168,99558,168,98415,168,99605,168,98409,168,99850,100,98408,100,100126,100,,,100146,100,,,100241,100,,,100342,100,,
2019-06-28 10:11:12.352345696,99131,68,98803,268,99265,168,98498,168,99551,168,98450,168,99558,168,98415,168,99605,168,98409,168,99850,100,98408,100,100126,100,,,100146,100,,,100241,100,,,100342,100,,
2019-06-28 10:11:15.291775781,99131,68,98803,268,99265,168,98498,68,99515,100,98450,168,99551,168,98415,168,99558,168,98409,168,99605,168,98408,100,99850,100,,,100126,100,,,100146,100,,,100241,100,,
2019-06-28 10:11:20.000000000,99265,185,98803,285,99515,185,98450,185,99551,185,98415,185,99558,185,98409,185,99605,100,98408,100,99850,100,,,100126,100,,,100146,100,,,100241,100,,,100342,100,,
2019-06-28 10:11:30.000000000,99265,185,98803,285,99515,185,98450,185,99551,185,98415,185,99558,185,98409,185,99605,100,98408,100,99850,100,,,100126,100,,,100146,100,,,100241,100,,,100342,100,,
2019-06-28 10:11:31.123625219,99265,85,98803,285,99515,185,98450,185,99551,185,98415,185,99558,185,98409,185,99605,100,98408,100,99850,100,,,100126,100,,,100146,100,,,100241,100,,,100342,100,,
2019-06-28 10:11:40.000000000,99515,185,98803,285,99551,185,98450,185,99558,185,98415,185,99605,185,98409,185,99850,100,98408,100,100126,100,,,100146,100,,,100241,100,,,100342,100,,,100372,100,,
2019-06-28 10:11:42.091101013,99440,100,98803,285,99515,185,98450,185,99551,185,98415,185,99558,185,98409,185,99605,185,98408,100,99850,100,,,100126,100,,,100146,100,,,100241,100,,,100342,100,,
2019-06-28 10:11:50.000000000,99440,168,98803,268,99515,168,98450,168,99551,168,98415,168,99558,168,98409,168,99605,168,98408,168,99850,100,,,100126,100,,,100146,100,,,100241,100,,,100342,100,,
2019-06-28 10:11:59.221624658,99440,168,98803,268,99515,168,98450,168,99551,168,98415,168,99558,168,98409,168,99605,168,98408,168,99850,100,,,100010,100,,,100126,100,,,100146,100,,,100241,100,,
2019-06-28 10:12:00.000000000,99440,440,98803,540,99515,100,98450,100,99551,100,98415,100,99558,100,98409,100,99605,100,98408,100,99850,100,,,100010,100,,,100126,100,,,100146,100,,,100241,100,,
2019-06-28 10:12:10.000000000,99440,270,98803,370,99515,270,98450,270,99551,100,98415,100,99558,100,98409,100,99605,100,98408,100,99850,100,,,100010,100,,,100126,100,,,100146,100,,,100241,100,,
2019-06-28 10:12:20.000000000,99440,168,98803,268,99515,168,98450,168,99551,168,98415,168,99558,168,98409,168,99605,168,98408,168,99850,100,,,100010,100,,,100126,100,,,100146,100,,,100241,100,,
