,ask_price_1,ask_size_1,bid_price_1,bid_size_1,ask_price_2,ask_size_2,bid_price_2,bid_size_2,ask_price_3,ask_size_3,bid_price_3,bid_size_3,ask_price_4,ask_size_4,bid_price_4,bid_size_4,ask_price_5,ask_size_5,bid_price_5,bid_size_5,ask_price_6,ask_size_6,bid_price_6,bid_size_6,ask_price_7,ask_size_7,bid_price_7,bid_size_7,ask_price_8,ask_size_8,bid_price_8,bid_size_8,ask_price_9,ask_size_9,bid_price_9,bid_size_9,ask_price_10,ask_size_10,bid_price_10,bid_size_10
2019-06-28 09:30:00.000000001,,,99974,100,,,,,,,,,,,,,,,,,,,,,,,,,,,,,,,,,,,,
2019-06-28 09:30:00.000000003,,,99976,100,,,99974,100,,,99912,100,,,,,,,,,,,,,,,,,,,,,,,,,,,,
2019-06-28 09:30:00.000000006,,,99976,100,,,99974,100,,,99912,100,,,99877,100,,,,,,,,,,,,,,,,,,,,,,,,
2019-06-28 09:30:00.000000009,100044,100,99976,100,,,99974,100,,,99912,100,,,99877,100,,,,,,,,,,,,,,,,,,,,,,,,
2019-06-28 09:30:00.000000011,100044,100,99976,100,100178,100,99974,100,,,99912,100,,,99877,100,,,,,,,,,,,,,,,,,,,,,,,,
2019-06-28 09:30:00.000000012,100030,100,99998,100,100044,100,99976,100,100049,100,99974,100,100159,100,99912,100,100178,100,99877,100,,,,,,,,,,,,,,,,,,,,
2019-06-28 09:30:00.000000014,100030,100,100004,100,100044,100,99998,100,100049,100,99976,100,100159,100,99974,100,100178,100,99912,100,,,99877,100,,,,,,,,,,,,,,,,
2019-06-28 09:30:00.000000015,100030,100,100004,100,100044,100,99998,100,100049,100,99976,100,100145,100,99974,100,100159,100,99912,100,100178,100,99877,100,,,,,,,,,,,,,,,,
2019-06-28 09:30:00.000000018,100030,100,99998,100,100037,100,99976,100,100044,100,99974,100,100046,100,99912,100,100049,100,99877,100,100145,100,,,100159,100,,,100178,100,,,,,,,,,,
2019-06-28 09:30:00.000000020,100030,100,99998,100,100037,100,99976,100,100044,100,99974,100,100046,100,99912,100,100049,100,99877,100,100103,100,,,100145,100,,,100159,100,,,100178,100,,,,,,
2019-06-28 09:30:00.000000022,100030,100,99998,100,100037,100,99976,100,100044,100,99974,100,100046,100,99912,100,100049,100,99877,100,100098,100,,,100103,100,,,100145,100,,,100159,100,,,100178,100,,
2019-06-28 09:30:00.000000025,100030,100,99998,100,100037,100,99976,100,100044,100,99974,100,100046,100,99957,100,100049,100,99912,100,100098,100,99877,100,100103,100,99875,100,100145,100,,,100159,100,,,100178,100,,
2019-06-28 09:30:00.000000027,100030,100,99998,100,100037,100,99976,100,100040,100,99974,100,100044,100,99957,100,100046,100,99912,100,100049,100,99877,100,100098,100,99875,100,100103,100,,,100145,100,,,100159,100,,
2019-06-28 09:30:00.000000029,100030,100,99998,100,100037,100,99976,100,100040,100,99974,100,100044,100,99957,100,100046,100,99951,100,100049,100,99912,100,100098,100,99877,100,100103,100,99875,100,100145,100,99810,100,100159,100,,
2019-06-28 09:30:00.000000032,100030,100,99998,100,100037,100,99976,100,100040,100,99974,100,100044,100,99957,100,100046,100,99951,100,100049,100,99912,100,100098,100,99877,100,100103,100,99875,100,100145,100,99810,100,100159,100,99809,100
2019-06-28 09:30:00.000000033,100030,100,99998,100,100037,100,99976,100,100040,100,99974,100,100042,100,99957,100,100044,100,99951,100,100046,100,99912,100,100049,100,99877,100,100098,100,99875,100,100103,100,99810,100,100145,100,99809,100
2019-06-28 09:30:00.000000035,100030,100,100016,100,100037,100,99998,100,100040,100,99976,100,100042,100,99974,100,100044,100,99957,100,100046,100,99951,100,100049,100,99912,100,100098,100,99877,100,100103,100,99875,100,100145,100,99810,100
2019-06-28 09:30:00.000000038,100030,100,100007,100,100037,100,99998,100,100040,100,99976,100,100042,100,99974,100,100044,100,99957,100,100046,100,99951,100,100049,100,99912,100,100098,100,99877,100,100103,100,99875,100,100145,100,99831,100
2019-06-28 09:30:00.000000039,100030,100,100007,100,100037,100,99998,100,100040,100,99976,100,100042,100,99974,100,100044,100,99957,100,100046,100,99951,100,100049,100,99912,100,100051,100,99877,100,100066,100,99875,100,100098,100,99831,100
2019-06-28 09:30:00.000000040,100030,100,100007,200,100037,100,99998,100,100040,100,99976,100,100042,100,99974,100,100044,100,99957,100,100046,100,99951,100,100049,100,99913,100,100051,100,99912,100,100066,100,99877,100,100098,100,99875,100
2019-06-28 09:30:00.000000044,100030,100,100007,200,100037,100,99998,100,100040,100,99976,100,100042,100,99974,100,100044,100,99957,100,100046,100,99951,100,100049,100,99913,100,100051,100,99912,100,100066,100,99877,100,100098,100,99875,100
2019-06-28 09:30:00.000000046,100030,100,100014,100,100037,100,100007,200,100040,100,99998,100,100042,100,99976,100,100044,100,99974,100,100046,100,99957,100,100049,100,99951,100,100051,100,99913,100,100066,100,99912,100,100098,100,99877,100
2019-06-28 09:30:00.000000048,100030,100,100014,100,100037,100,100007,300,100040,100,99998,100,100042,100,99976,100,100044,100,99974,100,100046,100,99957,100,100049,100,99951,100,100051,100,99913,100,100066,100,99912,100,100098,100,99877,100
2019-06-28 09:30:00.000000051,100030,100,100014,100,100037,100,100007,300,100040,100,99998,100,100042,100,99976,100,100044,100,99974,100,100046,100,99957,100,100049,100,99951,100,100051,100,99913,100,100066,100,99912,100,100098,100,99877,100
2019-06-28 09:30:00.000000056,100030,100,100014,100,100037,100,100007,300,100040,100,99998,100,100042,100,99976,100,100044,100,99974,100,100046,100,99957,100,100049,100,99951,100,100051,100,99913,100,100066,100,99912,100,100098,100,99877,100
2019-06-28 09:30:00.000000058,100017,100,100014,100,100030,100,100007,300,100033,100,99998,100,100037,100,99976,100,100040,100,99974,100,100042,100,99957,100,100044,100,99951,100,100046,100,99913,100,100049,100,99912,100,100051,100,99877,100
2019-06-28 09:30:00.000000062,100017,100,100014,100,100030,100,100007,300,100033,100,99998,100,100037,100,99976,100,100040,100,99974,100,100042,100,99957,100,100044,100,99951,100,100046,100,99913,100,100049,100,99912,100,100051,100,99877,100
2019-06-28 09:30:00.000000065,100017,100,100007,300,100030,100,99998,100,100033,100,99976,100,100037,100,99974,100,100040,100,99957,100,100042,100,99951,100,100044,100,99913,100,100046,100,99912,100,100049,100,99877,100,100051,100,99875,100
2019-06-28 09:30:00.000000067,100017,100,100007,300,100030,100,99998,100,100033,100,99976,100,100037,100,99974,100,100040,100,99957,100,100042,100,99951,100,100044,100,99913,100,100046,100,99912,100,100049,100,99877,100,100051,100,99875,100
2019-06-28 09:30:00.000000068,100017,100,100007,300,100030,100,99998,100,100033,100,99976,100,100037,100,99974,100,100040,100,99957,100,100042,100,99951,100,100044,100,99913,100,100046,100,99912,100,100048,100,99877,100,100049,100,99875,100
2019-06-28 09:30:00.000000070,100017,100,100007,300,100030,100,99998,100,100033,100,99976,100,100037,100,99974,100,100038,100,99957,100,100040,100,99951,100,100042,100,99913,100,100044,100,99912,100,100046,100,99877,100,100048,100,99875,100
2019-06-28 09:30:00.000000071,100017,100,100007,300,100030,100,99998,100,100033,100,99976,100,100037,100,99974,100,100038,100,99957,100,100040,100,99951,100,100042,100,99913,100,100044,100,99912,100,100046,100,99877,100,100048,100,99875,100
2019-06-28 09:30:00.000000072,100017,100,100007,300,100030,100,99998,100,100033,100,99976,100,100037,100,99974,100,100038,100,99957,100,100040,100,99951,100,100042,100,99913,100,100044,100,99912,100,100046,100,99877,100,100048,100,99875,100
2019-06-28 09:30:00.000000075,100017,100,100007,300,100030,100,99998,100,100033,100,99976,100,100037,100,99974,100,100038,100,99957,100,100040,100,99951,100,100042,100,99913,100,100044,100,99912,100,100046,100,99877,100,100048,100,99875,100
2019-06-28 09:30:00.000000078,100017,100,100007,300,100030,100,99998,100,100033,100,99976,100,100037,100,99974,100,100038,100,99957,100,100040,100,99951,100,100042,100,99913,100,100044,100,99912,100,100046,100,99877,100,100048,100,99875,100
2019-06-28 09:30:00.000000080,100016,100,100007,300,100017,100,99998,100,100030,100,99976,100,100033,100,99974,100,100037,100,99957,100,100038,100,99951,100,100040,100,99913,100,100042,100,99912,100,100044,100,99877,100,100046,100,99875,100
2019-06-28 09:30:00.000000084,100016,100,100007,200,100017,100,99998,100,100030,100,99976,100,100033,100,99974,100,100037,100,99957,100,100038,100,99951,100,100040,100,99913,100,100042,100,99912,100,100044,100,99877,100,100046,100,99875,100
2019-06-28 09:30:00.000000089,100016,100,100008,100,100017,100,100007,200,100030,100,99998,100,100033,100,99976,100,100037,100,99974,100,100038,100,99957,100,100040,100,99951,100,100042,100,99913,100,100044,100,99912,100,100046,100,99877,100
2019-06-28 09:30:00.000000090,100016,100,100008,100,100017,100,100007,200,100030,100,99998,100,100033,100,99976,100,100037,100,99974,100,100038,100,99961,100,100040,100,99957,100,100042,100,99951,100,100044,100,99913,100,100046,100,99912,100
2019-06-28 09:30:00.000000093,100016,100,100008,100,100017,100,100007,200,100030,100,99998,100,100033,100,99976,100,100037,100,99974,100,100038,100,99961,100,100040,100,99957,100,100042,100,99951,100,100044,100,99913,100,100046,100,99912,100
2019-06-28 09:30:00.000000094,100014,100,100008,100,100016,100,100007,200,100017,100,99998,100,100030,100,99976,100,100033,100,99974,100,100037,100,99961,100,100038,100,99957,100,100040,100,99951,100,100042,100,99913,100,100044,100,99912,100
2019-06-28 09:30:00.000000095,100014,100,100008,100,100016,100,100007,200,100017,100,99998,100,100030,100,99976,100,100033,100,99974,100,100037,100,99961,100,100038,100,99957,100,100040,100,99951,100,100042,100,99913,100,100044,100,99912,100
2019-06-28 09:30:00.000000097,100014,200,100009,100,100016,100,100008,100,100017,100,100007,200,100030,100,99998,100,100033,100,99976,100,100037,100,99974,100,100038,100,99961,100,100040,100,99957,100,100042,100,99951,100,100044,100,99913,100
2019-06-28 09:30:00.000000098,100014,200,100008,100,100016,100,100007,200,100017,100,99998,100,100030,100,99976,100,100033,100,99974,100,100037,100,99961,100,100038,100,99957,100,100040,100,99951,100,100042,100,99913,100,100044,100,99912,100
2019-06-28 09:30:00.000000099,100014,200,100008,100,100016,100,100007,200,100017,100,99998,100,100030,100,99976,100,100033,100,99974,100,100037,100,99961,100,100038,100,99957,100,100040,100,99951,100,100042,100,99913,100,100044,100,99912,100
2019-06-28 09:30:10.000000000,100014,601,100008,501,100016,100,100007,200,100017,100,99998,100,100030,100,99976,100,100033,100,99974,100,100037,100,99961,100,100038,100,99957,100,100040,100,99951,100,100042,100,99913,100,100044,100,99912,100
2019-06-28 09:30:20.000000000,100014,400,100008,300,100016,300,100007,400,100017,100,99998,100,100030,100,99976,100,100033,100,99974,100,100037,100,99961,100,100038,100,99957,100,100040,100,99951,100,100042,100,99913,100,100044,100,99912,100
2019-06-28 09:30:30.000000000,100014,336,100008,236,100016,232,100007,332,100017,232,99998,232,100030,100,99976,100,100033,100,99974,100,100037,100,99961,100,100038,100,99957,100,100040,100,99951,100,100042,100,99913,100,100044,100,99912,100
2019-06-28 09:30:34.028410127,100014,336,100008,236,100016,132,100007,332,100017,232,99998,232,100030,100,99976,100,100033,100,99974,100,100037,100,99961,100,100038,100,99957,100,100040,100,99951,100,100042,100,99913,100,100044,100,99912,100
2019-06-28 09:30:40.000000000,100014,300,100008,200,100017,200,100007,300,100030,200,99998,200,100033,200,99976,200,100037,100,99974,100,100038,100,99961,100,100040,100,99957,100,100042,100,99951,100,100044,100,99913,100,100046,100,99912,100
2019-06-28 09:30:50.000000000,100014,300,100008,200,100017,200,100007,300,100030,200,99998,200,100033,200,99976,200,100037,100,99974,100,100038,100,99961,100,100040,100,99957,100,100042,100,99951,100,100044,100,99913,100,100046,100,99912,100
2019-06-28 09:31:00.000000000,100014,300,100008,200,100017,200,100007,300,100030,200,99998,200,100033,200,99976,200,100037,100,99974,100,100038,100,99961,100,100040,100,99957,100,100042,100,99951,100,100044,100,99913,100,100046,100,99912,100
2019-06-28 09:31:10.000000000,100014,336,100008,236,100017,232,100007,332,100030,232,99998,232,100033,100,99976,100,100037,100,99974,100,100038,100,99961,100,100040,100,99957,100,100042,100,99951,100,100044,100,99913,100,100046,100,99912,100
2019-06-28 09:31:20.000000000,100014,601,100008,501,100017,100,100007,200,100030,100,99998,100,100033,100,99976,100,100037,100,99974,100,100038,100,99961,100,100040,100,99957,100,100042,100,99951,100,100044,100,99913,100,100046,100,99912,100
2019-06-28 09:31:25.643154746,100014,601,100008,501,100017,100,100007,200,100030,100,99998,100,100033,100,99976,100,100037,100,99974,100,100038,100,99961,100,100040,100,99957,100,100042,100,99951,100,100044,100,99913,100,100046,100,99912,100
2019-06-28 09:31:30.000000000,100014,300,100008,200,100017,200,100007,300,100030,200,99998,200,100033,200,99976,200,100037,100,99974,100,100038,100,99961,100,100040,100,99957,100,100042,100,99951,100,100044,100,99913,100,100046,100,99912,100
2019-06-28 09:31:40.000000000,100014,336,100008,236,100017,232,100007,332,100030,232,99998,232,100033,100,99976,100,100037,100,99974,100,100038,100,99961,100,100040,100,99957,100,100042,100,99951,100,100044,100,99913,100,100046,100,99912,100
2019-06-28 09:31:50.000000000,100014,336,100008,236,100017,232,100007,332,100030,232,99998,232,100033,100,99976,100,100037,100,99974,100,100038,100,99961,100,100040,100,99957,100,100042,100,99951,100,100044,100,99913,100,100046,100,99912,100
2019-06-28 09:31:53.431829310,100014,336,100008,136,100017,232,100007,332,100030,232,99998,232,100033,100,99976,100,100037,100,99974,100,100038,100,99961,100,100040,100,99957,100,100042,100,99913,100,100044,100,99912,100,100046,100,99877,100
2019-06-28 09:32:00.000000000,100014,300,100007,300,100017,200,99998,200,100030,200,99976,200,100033,200,99974,200,100037,100,99961,100,100038,100,99957,100,100040,100,99913,100,100042,100,99912,100,100044,100,99877,100,100046,100,99875,100
2019-06-28 09:32:10.000000000,100014,601,100007,601,100017,100,99998,100,100030,100,99976,100,100033,100,99974,100,100037,100,99961,100,100038,100,99957,100,100040,100,99913,100,100042,100,99912,100,100044,100,99877,100,100046,100,99875,100
2019-06-28 09:32:11.986757601,100009,100,100007,601,100014,601,99998,100,100017,100,99976,100,100030,100,99974,100,100033,100,99961,100,100037,100,99957,100,100038,100,99913,100,100040,100,99912,100,100042,100,99877,100,100044,100,99875,100
2019-06-28 09:32:20.000000000,100009,200,100007,300,100014,300,99998,200,100017,200,99976,200,100030,200,99974,200,100033,100,99961,100,100037,100,99957,100,100038,100,99913,100,100040,100,99912,100,100042,100,99877,100,100044,100,99875,100
2019-06-28 09:32:30.000000000,100009,501,100007,601,100014,200,99998,100,100017,100,99976,100,100030,100,99974,100,100033,100,99961,100,100037,100,99957,100,100038,100,99913,100,100040,100,99912,100,100042,100,99877,100,100044,100,99875,100
2019-06-28 09:32:39.299007207,100009,501,100007,601,100014,200,99998,100,100017,100,99976,100,100030,100,99974,100,100033,100,99961,100,100037,100,99957,100,100038,100,99913,100,100040,100,99912,100,100042,100,99877,100,100044,100,99875,100
2019-06-28 09:32:40.000000000,100009,501,100007,601,100014,200,99998,100,100017,100,99976,100,100030,100,99974,100,100033,100,99961,100,100037,100,99957,100,100038,100,99913,100,100040,100,99912,100,100042,100,99877,100,100044,100,99875,100
2019-06-28 09:32:50.000000000,100009,180,100007,280,100014,280,99998,180,100017,180,99976,180,100030,180,99974,180,100033,180,99961,180,100037,100,99957,100,100038,100,99913,100,100040,100,99912,100,100042,100,99877,100,100044,100,99875,100
2019-06-28 09:33:00.000000000,100009,236,100007,336,100014,332,99998,232,100017,232,99976,232,100030,100,99974,100,100033,100,99961,100,100037,100,99957,100,100038,100,99913,100,100040,100,99912,100,100042,100,99877,100,100044,100,99875,100
2019-06-28 09:33:10.000000000,100009,236,100007,336,100014,332,99998,232,100017,232,99976,232,100030,100,99974,100,100033,100,99961,100,100037,100,99957,100,100038,100,99913,100,100040,100,99912,100,100042,100,99877,100,100044,100,99875,100
2019-06-28 09:33:15.748421388,100009,336,100007,336,100014,232,99998,232,100017,232,99976,232,100030,100,99974,100,100033,100,99961,100,100037,100,99957,100,100038,100,99913,100,100040,100,99912,100,100042,100,99877,100,100044,100,99875,100
2019-06-28 09:33:20.000000000,100009,400,100007,400,100014,300,99998,300,100017,100,99976,100,100030,100,99974,100,100033,100,99961,100,100037,100,99957,100,100038,100,99913,100,100040,100,99912,100,100042,100,99877,100,100044,100,99875,100
2019-06-28 09:33:30.000000000,100009,280,100007,280,100014,180,99998,180,100017,180,99976,180,100030,180,99974,180,100033,180,99961,180,100037,100,99957,100,100038,100,99913,100,100040,100,99912,100,100042,100,99877,100,100044,100,99875,100
2019-06-28 09:33:35.039298022,100009,280,100007,280,100014,180,99998,180,100017,180,99976,180,100030,180,99974,180,100033,180,99961,180,100037,100,99957,100,100038,100,99913,100,100040,100,99912,100,100042,100,99877,100,100044,100,99875,100
2019-06-28 09:33:40.000000000,100009,601,100007,601,100014,100,99998,100,100017,100,99976,100,100030,100,99974,100,100033,100,99961,100,100037,100,99957,100,100038,100,99913,100,100040,100,99912,100,100042,100,99877,100,100044,100,99875,100
2019-06-28 09:33:49.006180443,100009,501,100007,601,100014,100,99998,100,100017,100,99976,100,100030,100,99974,100,100033,100,99961,100,100037,100,99957,100,100038,100,99913,100,100040,100,99912,100,100042,100,99877,100,100044,100,99875,100
2019-06-28 09:33:50.000000000,100009,501,100007,601,100014,100,99998,100,100017,100,99976,100,100030,100,99974,100,100033,100,99961,100,100037,100,99957,100,100038,100,99913,100,100040,100,99912,100,100042,100,99877,100,100044,100,99875,100
2019-06-28 09:33:50.432651203,100009,401,100007,601,100014,100,99998,100,100017,100,99976,100,100030,100,99974,100,100033,100,99961,100,100037,100,99957,100,100038,100,99913,100,100040,100,99912,100,100042,100,99877,100,100044,100,99875,100
2019-06-28 09:34:00.000000000,100014,236,100007,336,100017,232,99998,232,100030,232,99976,232,100033,100,99974,100,100037,100,99961,100,100038,100,99957,100,100040,100,99913,100,100042,100,99912,100,100044,100,99877,100,100046,100,99875,100
2019-06-28 09:34:04.227740403,100014,236,100007,236,100017,232,99998,232,100030,232,99976,232,100033,100,99974,100,100037,100,99961,100,100038,100,99957,100,100040,100,99913,100,100042,100,99912,100,100044,100,99877,100,100046,100,99875,100
2019-06-28 09:34:04.463834445,100014,236,100007,236,100017,232,99998,232,100030,232,99976,232,100033,100,99974,100,100037,100,99961,100,100038,100,99957,100,100040,100,99913,100,100042,100,99912,100,100044,100,99877,100,100046,100,99875,100
2019-06-28 09:34:10.000000000,100014,236,100007,236,100017,232,99998,232,100030,232,99976,232,100033,100,99974,100,100037,100,99961,100,100038,100,99957,100,100040,100,99913,100,100042,100,99912,100,100044,100,99877,100,100046,100,99875,100
2019-06-28 09:34:20.000000000,100014,501,100007,501,100017,100,99998,100,100030,100,99976,100,100033,100,99974,100,100037,100,99961,100,100038,100,99957,100,100040,100,99913,100,100042,100,99912,100,100044,100,99877,100,100046,100,99875,100
2019-06-28 09:34:30.000000000,100014,501,100007,501,100017,100,99998,100,100030,100,99976,100,100033,100,99974,100,100037,100,99961,100,100038,100,99957,100,100040,100,99913,100,100042,100,99912,100,100044,100,99877,100,100046,100,99875,100
2019-06-28 09:34:40.000000000,100014,200,100007,200,100017,200,99998,200,100030,200,99976,200,100033,200,99974,200,100037,100,99961,100,100038,100,99957,100,100040,100,99913,100,100042,100,99912,100,100044,100,99877,100,100046,100,99875,100
2019-06-28 09:34:44.200638067,100008,100,100007,200,100014,200,99998,200,100017,200,99976,200,100030,200,99974,200,100033,200,99961,100,100037,100,99957,100,100038,100,99913,100,100040,100,99912,100,100042,100,99877,100,100044,100,99875,100
2019-06-28 09:34:49.973771340,100008,100,100007,200,100014,300,99998,200,100017,200,99976,200,100030,200,99974,200,100033,200,99961,100,100037,100,99957,100,100038,100,99913,100,100040,100,99912,100,100042,100,99877,100,100044,100,99875,100
2019-06-28 09:34:50.000000000,100008,300,100007,300,100014,400,99998,300,100017,100,99976,100,100030,100,99974,100,100033,100,99961,100,100037,100,99957,100,100038,100,99913,100,100040,100,99912,100,100042,100,99877,100,100044,100,99875,100
2019-06-28 09:34:59.744575884,100008,400,100007,300,100014,400,99998,300,100017,100,99976,100,100030,100,99974,100,100033,100,99961,100,100037,100,99957,100,100038,100,99913,100,100040,100,99912,100,100042,100,99877,100,100044,100,99875,100
2019-06-28 09:35:00.000000000,100008,400,100007,300,100014,400,99998,300,100017,100,99976,100,100030,100,99974,100,100033,100,99961,100,100037,100,99957,100,100038,100,99913,100,100040,100,99912,100,100042,100,99877,100,100044,100,99875,100
2019-06-28 09:35:10.000000000,100008,400,100007,300,100014,400,99998,300,100017,100,99976,100,100030,100,99974,100,100033,100,99961,100,100037,100,99957,100,100038,100,99913,100,100040,100,99912,100,100042,100,99877,100,100044,100,99875,100
2019-06-28 09:35:20.000000000,100008,336,100007,236,100014,332,99998,232,100017,232,99976,232,100030,100,99974,100,100033,100,99961,100,100037,100,99957,100,100038,100,99913,100,100040,100,99912,100,100042,100,99877,100,100044,100,99875,100
2019-06-28 09:35:30.000000000,100008,300,100007,200,100014,300,99998,200,100017,200,99976,200,100030,200,99974,200,100033,100,99961,100,100037,100,99957,100,100038,100,99913,100,100040,100,99912,100,100042,100,99877,100,100044,100,99875,100
2019-06-28 09:35:32.569012829,100008,300,100007,200,100014,300,99998,200,100017,200,99976,200,100030,200,99974,200,100033,100,99961,100,100037,100,99957,100,100038,100,99913,100,100040,100,99912,100,100042,100,99877,100,100044,100,99875,100
2019-06-28 09:35:40.000000000,100008,400,100007,300,100014,400,99998,300,100017,100,99976,100,100030,100,99974,100,100033,100,99961,100,100037,100,99957,100,100038,100,99913,100,100040,100,99912,100,100042,100,99877,100,100044,100,99875,100
2019-06-28 09:35:50.000000000,100008,400,100007,300,100014,400,99998,300,100017,100,99976,100,100030,100,99974,100,100033,100,99961,100,100037,100,99957,100,100038,100,99913,100,100040,100,99912,100,100042,100,99877,100,100044,100,99875,100
2019-06-28 09:35:54.980753573,100008,500,100007,300,100014,300,99998,300,100017,100,99976,100,100030,100,99974,100,100033,100,99961,100,100037,100,99957,100,100038,100,99913,100,100040,100,99912,100,100042,100,99877,100,100044,100,99875,100
2019-06-28 09:36:00.000000000,100008,500,100007,300,100014,300,99998,300,100017,100,99976,100,100030,100,99974,100,100033,100,99961,100,100037,100,99957,100,100038,100,99913,100,100040,100,99912,100,100042,100,99877,100,100044,100,99875,100
2019-06-28 09:36:03.488731029,100008,500,100007,300,100014,300,99998,300,100017,100,99976,100,100030,100,99974,100,100033,100,99961,100,100037,100,99957,100,100038,100,99913,100,100040,100,99912,100,100042,100,99877,100,100044,100,99875,100
2019-06-28 09:36:05.012450865,100008,500,100007,200,100014,300,99998,300,100017,100,99976,100,100030,100,99974,100,100033,100,99961,100,100037,100,99957,100,100038,100,99913,100,100040,100,99912,100,100042,100,99877,100,100044,100,99875,100
2019-06-28 09:36:10.000000000,100008,380,99998,180,100014,180,99976,180,100017,180,99974,180,100030,180,99961,180,100033,180,99957,180,100037,100,99913,100,100038,100,99912,100,100040,100,99877,100,100042,100,99875,100,100044,100,99871,100
2019-06-28 09:36:20.000000000,100008,436,99998,236,100014,232,99976,232,100017,232,99974,232,100030,100,99961,100,100033,100,99957,100,100037,100,99913,100,100038,100,99912,100,100040,100,99877,100,100042,100,99875,100,100044,100,99871,100
2019-06-28 09:36:30.000000000,100008,400,99998,200,100014,200,99976,200,100017,200,99974,200,100030,200,99961,200,100033,100,99957,100,100037,100,99913,100,100038,100,99912,100,100040,100,99877,100,100042,100,99875,100,100044,100,99871,100
2019-06-28 09:36:32.043431881,100008,400,99998,200,100014,200,99976,200,100017,200,99974,200,100026,100,99961,200,100030,200,99957,100,100033,100,99913,100,100037,100,99912,100,100038,100,99877,100,100040,100,99875,100,100042,100,99871,100
2019-06-28 09:36:40.000000000,100008,436,99998,236,100014,232,99976,232,100017,232,99974,232,100026,100,99961,100,100030,100,99957,100,100033,100,99913,100,100037,100,99912,100,100038,100,99877,100,100040,100,99875,100,100042,100,99871,100
2019-06-28 09:36:50.000000000,100008,500,99998,300,100014,300,99976,300,100017,100,99974,100,100026,100,99961,100,100030,100,99957,100,100033,100,99913,100,100037,100,99912,100,100038,100,99877,100,100040,100,99875,100,100042,100,99871,100
2019-06-28 09:37:00.000000000,100008,701,99998,501,100014,100,99976,100,100017,100,99974,100,100026,100,99961,100,100030,100,99957,100,100033,100,99913,100,100037,100,99912,100,100038,100,99877,100,100040,100,99875,100,100042,100,99871,100
2019-06-28 09:37:05.989190431,100008,701,99998,401,100014,100,99976,100,100017,100,99974,100,100026,100,99961,100,100030,100,99957,100,100033,100,99913,100,100037,100,99912,100,100038,100,99877,100,100040,100,99875,100,100042,100,99871,100
2019-06-28 09:37:09.614811951,100008,701,99998,401,100014,100,99976,100,100017,100,99961,100,100026,100,99957,100,100030,100,99913,100,100033,100,99912,100,100037,100,99877,100,100038,100,99875,100,100040,100,99871,100,100042,100,99870,100
2019-06-28 09:37:10.000000000,100008,701,99976,501,100014,100,99961,100,100017,100,99957,100,100026,100,99913,100,100030,100,99912,100,100033,100,99877,100,100037,100,99875,100,100038,100,99871,100,100040,100,99870,100,100042,100,99867,100
2019-06-28 09:37:12.602026337,100008,701,99976,401,100014,100,99961,100,100017,100,99957,100,100026,100,99913,100,100030,100,99912,100,100033,100,99877,100,100037,100,99875,100,100038,100,99871,100,100040,100,99870,100,100042,100,99867,100
2019-06-28 09:37:18.143250430,100008,701,99976,401,100014,100,99961,100,100017,100,99957,100,100030,100,99913,100,100033,100,99912,100,100037,100,99891,100,100038,100,99877,100,100040,100,99875,100,100042,100,99871,100,100044,100,99870,100
2019-06-28 09:37:20.000000000,100008,400,99961,200,100014,200,99957,200,100017,200,99913,200,100030,200,99912,200,100033,100,99891,100,100037,100,99877,100,100038,100,99875,100,100040,100,99871,100,100042,100,99870,100,100044,100,99867,100
2019-06-28 09:37:22.732045061,100008,400,99961,100,100014,200,99957,200,100017,200,99913,200,100030,100,99912,200,100033,100,99891,100,100037,100,99877,100,100038,100,99875,100,100040,100,99871,100,100042,100,99870,100,100044,100,99867,100
2019-06-28 09:37:27.792798732,100008,400,99961,100,100014,200,99957,200,100017,200,99913,200,100030,100,99912,200,100033,100,99891,100,100037,100,99877,100,100038,100,99875,100,100040,100,99871,100,100042,100,99870,100,100044,100,99867,100
2019-06-28 09:37:30.000000000,100008,500,99957,300,100014,300,99913,300,100017,100,99912,100,100033,100,99891,100,100037,100,99877,100,100038,100,99875,100,100040,100,99871,100,100042,100,99870,100,100044,100,99867,100,100046,100,99810,100
2019-06-28 09:37:40.000000000,100008,380,99957,180,100014,180,99913,180,100017,180,99912,180,100033,180,99891,180,100037,180,99877,180,100038,100,99875,100,100040,100,99871,100,100042,100,99870,100,100044,100,99867,100,100046,100,99810,100
2019-06-28 09:37:50.000000000,100008,701,99957,501,100014,100,99913,100,100017,100,99912,100,100033,100,99891,100,100037,100,99877,100,100038,100,99875,100,100040,100,99871,100,100042,100,99870,100,100044,100,99867,100,100046,100,99810,100
2019-06-28 09:38:00.000000000,100008,436,99957,236,100014,232,99913,232,100017,232,99912,232,100033,100,99891,100,100037,100,99877,100,100038,100,99875,100,100040,100,99871,100,100042,100,99870,100,100044,100,99867,100,100046,100,99810,100
2019-06-28 09:38:10.000000000,100008,500,99957,300,100014,300,99913,300,100017,100,99912,100,100033,100,99891,100,100037,100,99877,100,100038,100,99875,100,100040,100,99871,100,100042,100,99870,100,100044,100,99867,100,100046,100,99810,100
2019-06-28 09:38:17.852016202,100008,500,99957,300,100014,300,99913,300,100017,100,99912,100,100033,100,99891,100,100037,100,99877,100,100038,100,99875,100,100040,100,99871,100,100042,100,99870,100,100044,100,99810,100,100046,100,99809,100
2019-06-28 09:38:20.000000000,100008,701,99957,501,100014,100,99913,100,100017,100,99912,100,100033,100,99891,100,100037,100,99877,100,100038,100,99875,100,100040,100,99871,100,100042,100,99870,100,100044,100,99810,100,100046,100,99809,100
2019-06-28 09:38:30.000000000,100008,436,99957,236,100014,232,99913,232,100017,232,99912,232,100033,100,99891,100,100037,100,99877,100,100038,100,99875,100,100040,100,99871,100,100042,100,99870,100,100044,100,99810,100,100046,100,99809,100
2019-06-28 09:38:40.000000000,100008,500,99957,300,100014,300,99913,300,100017,100,99912,100,100033,100,99891,100,100037,100,99877,100,100038,100,99875,100,100040,100,99871,100,100042,100,99870,100,100044,100,99810,100,100046,100,99809,100
2019-06-28 09:38:50.000000000,100008,500,99957,300,100014,300,99913,300,100017,100,99912,100,100033,100,99891,100,100037,100,99877,100,100038,100,99875,100,100040,100,99871,100,100042,100,99870,100,100044,100,99810,100,100046,100,99809,100
2019-06-28 09:39:00.000000000,100008,380,99957,180,100014,180,99913,180,100017,180,99912,180,100033,180,99891,180,100037,180,99877,180,100038,100,99875,100,100040,100,99871,100,100042,100,99870,100,100044,100,99810,100,100046,100,99809,100
2019-06-28 09:39:10.000000000,100008,380,99957,180,100014,180,99913,180,100017,180,99912,180,100033,180,99891,180,100037,180,99877,180,100038,100,99875,100,100040,100,99871,100,100042,100,99870,100,100044,100,99810,100,100046,100,99809,100
2019-06-28 09:39:16.495857701,100008,380,99957,180,100014,180,99913,180,100017,180,99912,180,100033,180,99891,180,100037,180,99877,180,100038,100,99875,100,100040,100,99871,100,100042,100,99870,100,100044,100,99810,100,100046,100,99802,100
2019-06-28 09:39:20.000000000,100008,436,99957,236,100014,232,99913,232,100017,232,99912,232,100033,100,99891,100,100037,100,99877,100,100038,100,99875,100,100040,100,99871,100,100042,100,99870,100,100044,100,99810,100,100046,100,99802,100
2019-06-28 09:39:30.000000000,100008,380,99957,180,100014,180,99913,180,100017,180,99912,180,100033,180,99891,180,100037,180,99877,180,100038,100,99875,100,100040,100,99871,100,100042,100,99870,100,100044,100,99810,100,100046,100,99802,100
2019-06-28 09:39:31.358990526,100008,380,99957,80,100014,180,99913,180,100017,80,99912,180,100033,180,99891,180,100037,180,99877,180,100038,100,99875,100,100040,100,99871,100,100042,100,99870,100,100044,100,99810,100,100046,100,99802,100
2019-06-28 09:39:33.241570361,99957,20,99913,180,100008,380,99912,180,100014,180,99891,180,100017,80,99877,180,100033,180,99875,100,100037,180,99871,100,100038,100,99870,100,100040,100,99810,100,100042,100,99802,100,100044,100,99645,100
2019-06-28 09:39:40.000000000,99957,120,99913,200,100008,400,99912,200,100014,200,99891,200,100033,200,99877,200,100037,100,99875,100,100038,100,99871,100,100040,100,99870,100,100042,100,99810,100,100044,100,99802,100,100046,100,99645,100
2019-06-28 09:39:50.000000000,99957,421,99913,501,100008,300,99912,100,100014,100,99891,100,100033,100,99877,100,100037,100,99875,100,100038,100,99871,100,100040,100,99870,100,100042,100,99810,100,100044,100,99802,100,100046,100,99645,100
2019-06-28 09:39:54.145967203,99957,421,99913,401,100008,300,99912,100,100014,100,99891,100,100033,100,99877,100,100037,100,99875,100,100038,100,99871,100,100040,100,99870,100,100042,100,99810,100,100044,100,99802,100,100046,100,99645,100
2019-06-28 09:40:00.000000000,99957,421,99912,501,100008,300,99891,100,100014,100,99877,100,100033,100,99875,100,100037,100,99871,100,100038,100,99870,100,100040,100,99810,100,100042,100,99802,100,100044,100,99645,100,100046,100,99536,100
2019-06-28 09:40:10.000000000,99957,120,99912,200,100008,400,99891,200,100014,200,99877,200,100033,200,99875,200,100037,100,99871,100,100038,100,99870,100,100040,100,99810,100,100042,100,99802,100,100044,100,99645,100,100046,100,99536,100
2019-06-28 09:40:14.537183457,99956,100,99912,200,99957,120,99891,200,100008,400,99877,200,100014,200,99875,200,100033,200,99871,100,100037,100,99870,100,100038,100,99810,100,100040,100,99802,100,100042,100,99645,100,100044,100,99536,100
2019-06-28 09:40:20.000000000,99956,180,99912,180,99957,100,99891,180,100008,380,99877,180,100014,180,99875,180,100033,180,99871,180,100037,100,99870,100,100038,100,99810,100,100040,100,99802,100,100042,100,99645,100,100044,100,99536,100
2019-06-28 09:40:30.000000000,99956,300,99912,300,99957,220,99891,300,100008,300,99877,100,100014,100,99875,100,100033,100,99871,100,100037,100,99870,100,100038,100,99810,100,100040,100,99802,100,100042,100,99645,100,100044,100,99536,100
2019-06-28 09:40:40.000000000,99956,200,99912,200,99957,120,99891,200,100008,400,99877,200,100014,200,99875,200,100033,100,99871,100,100037,100,99870,100,100038,100,99810,100,100040,100,99802,100,100042,100,99645,100,100044,100,99536,100
2019-06-28 09:40:50.000000000,99956,200,99912,200,99957,120,99891,200,100008,400,99877,200,100014,200,99875,200,100033,100,99871,100,100037,100,99870,100,100038,100,99810,100,100040,100,99802,100,100042,100,99645,100,100044,100,99536,100
2019-06-28 09:40:51.992412319,99956,200,99912,100,99957,120,99891,200,100008,400,99877,200,100014,200,99875,200,100033,100,99871,100,100037,100,99870,100,100038,100,99810,100,100040,100,99802,100,100042,100,99645,100,100044,100,99536,100
2019-06-28 09:40:57.115221240,99956,200,99891,200,99957,120,99877,100,100008,400,99875,200,100014,200,99871,100,100033,100,99870,100,100037,100,99810,100,100038,100,99802,100,100040,100,99645,100,100042,100,99536,100,100044,100,99375,100
2019-06-28 09:41:00.000000000,99956,501,99891,501,99957,20,99875,100,100008,300,99871,100,100014,100,99870,100,100033,100,99810,100,100037,100,99802,100,100038,100,99645,100,100040,100,99536,100,100042,100,99375,100,100044,100,99222,100
2019-06-28 09:41:10.000000000,99956,236,99891,236,99957,152,99875,232,100008,432,99871,232,100014,100,99870,100,100033,100,99810,100,100037,100,99802,100,100038,100,99645,100,100040,100,99536,100,100042,100,99375,100,100044,100,99222,100
2019-06-28 09:41:20.000000000,99956,236,99891,236,99957,152,99875,232,100008,432,99871,232,100014,100,99870,100,100033,100,99810,100,100037,100,99802,100,100038,100,99645,100,100040,100,99536,100,100042,100,99375,100,100044,100,99222,100
2019-06-28 09:41:21.132411883,99956,236,99891,136,99957,152,99875,232,100008,432,99871,232,100014,100,99870,100,100033,100,99810,100,100037,100,99802,100,100040,100,99645,100,100042,100,99536,100,100044,100,99375,100,100046,100,99222,100
2019-06-28 09:41:23.749549626,99956,236,99891,136,99957,152,99875,232,100008,432,99871,232,100014,100,99870,100,100033,100,99810,100,100037,100,99802,100,100040,100,99645,100,100042,100,99536,100,100044,100,99375,100,100046,100,99222,100
2019-06-28 09:41:30.000000000,99956,300,99875,300,99957,220,99871,300,100008,300,99870,100,100014,100,99810,100,100033,100,99802,100,100037,100,99645,100,100040,100,99536,100,100042,100,99375,100,100044,100,99222,100,100046,100,98963,100
2019-06-28 09:41:36.172515828,99956,300,99875,300,99957,220,99871,300,100008,300,99870,100,100014,100,99802,100,100033,100,99645,100,100037,100,99536,100,100040,100,99375,100,100042,100,99222,100,100044,100,98963,100,100046,100,98703,100
2019-06-28 09:41:40.000000000,99956,300,99875,300,99957,220,99871,300,100008,300,99870,100,100014,100,99802,100,100033,100,99645,100,100037,100,99536,100,100040,100,99375,100,100042,100,99222,100,100044,100,98963,100,100046,100,98703,100
2019-06-28 09:41:50.000000000,99956,300,99875,300,99957,220,99871,300,100008,300,99870,100,100014,100,99802,100,100033,100,99645,100,100037,100,99536,100,100040,100,99375,100,100042,100,99222,100,100044,100,98963,100,100046,100,98703,100
2019-06-28 09:41:58.636151767,99956,300,99875,200,99957,220,99871,300,100008,300,99870,100,100014,100,99645,100,100033,100,99536,100,100037,100,99375,100,100040,100,99222,100,100042,100,98963,100,100044,100,98703,100,100046,100,,
2019-06-28 09:42:00.000000000,99956,180,99871,180,99957,100,99870,180,100008,380,99645,180,100014,180,99536,180,100033,180,99375,180,100037,100,99222,100,100040,100,98963,100,100042,100,98703,100,100044,100,,,100046,100,,
2019-06-28 09:42:10.000000000,99956,236,99871,236,99957,152,99870,232,100008,432,99645,232,100014,100,99536,100,100033,100,99375,100,100037,100,99222,100,100040,100,98963,100,100042,100,98703,100,100044,100,,,100046,100,,
2019-06-28 09:42:20.000000000,99956,300,99871,300,99957,220,99870,300,100008,300,99645,100,100014,100,99536,100,100033,100,99375,100,100037,100,99222,100,100040,100,98963,100,100042,100,98703,100,100044,100,,,100046,100,,
2019-06-28 09:42:30.000000000,99956,200,99871,200,99957,120,99870,200,100008,400,99645,200,100014,200,99536,200,100033,100,99375,100,100037,100,99222,100,100040,100,98963,100,100042,100,98703,100,100044,100,,,100046,100,,
2019-06-28 09:42:40.000000000,99956,200,99871,200,99957,120,99870,200,100008,400,99645,200,100014,200,99536,200,100033,100,99375,100,100037,100,99222,100,100040,100,98963,100,100042,100,98703,100,100044,100,,,100046,100,,
2019-06-28 09:42:41.486125053,99956,200,99871,200,99957,120,99870,200,100008,400,99645,200,100014,200,99536,200,100033,100,99375,100,100037,100,99222,100,100040,100,99086,100,100042,100,98963,100,100044,100,98703,100,100046,100,,
2019-06-28 09:42:50.000000000,99956,300,99871,300,99957,220,99870,300,100008,300,99645,100,100014,100,99536,100,100033,100,99375,100,100037,100,99222,100,100040,100,99086,100,100042,100,98963,100,100044,100,98703,100,100046,100,,
2019-06-28 09:42:53.070406925,99891,100,99871,300,99956,300,99870,300,99957,220,99645,100,100008,200,99536,100,100014,100,99375,100,100033,100,99222,100,100037,100,99086,100,100040,100,98963,100,100042,100,98703,100,100044,100,,
2019-06-28 09:43:00.000000000,99891,236,99871,236,99956,232,99870,232,99957,152,99645,232,100008,200,99536,100,100014,100,99375,100,100033,100,99222,100,100037,100,99086,100,100040,100,98963,100,100042,100,98703,100,100044,100,,
2019-06-28 09:43:02.712362550,99891,236,99871,236,99956,232,99870,232,99957,152,99645,232,100008,200,99536,100,100014,100,99375,100,100033,100,99222,100,100037,100,99086,100,100040,100,99078,100,100042,100,98963,100,100044,100,98703,100
2019-06-28 09:43:06.691071585,99891,236,99871,136,99956,232,99870,232,99957,152,99645,232,100008,200,99536,100,100014,100,99375,100,100033,100,99222,100,100037,100,99086,100,100040,100,99078,100,100042,100,98963,100,100044,100,98703,100
2019-06-28 09:43:10.000000000,99891,300,99870,300,99956,300,99645,300,99957,20,99536,100,100008,200,99375,100,100014,100,99222,100,100033,100,99086,100,100037,100,99078,100,100040,100,98963,100,100042,100,98703,100,100044,100,,
2019-06-28 09:43:20.000000000,99891,200,99870,200,99956,200,99645,200,99957,120,99536,200,100008,300,99375,200,100014,100,99222,100,100033,100,99086,100,100037,100,99078,100,100040,100,98963,100,100042,100,98703,100,100044,100,,
2019-06-28 09:43:30.000000000,99891,501,99870,501,99956,100,99645,100,99957,20,99536,100,100008,200,99375,100,100014,100,99222,100,100033,100,99086,100,100037,100,99078,100,100040,100,98963,100,100042,100,98703,100,100044,100,,
2019-06-28 09:43:40.000000000,99891,300,99870,300,99956,300,99645,300,99957,20,99536,100,100008,200,99375,100,100014,100,99222,100,100033,100,99086,100,100037,100,99078,100,100040,100,98963,100,100042,100,98703,100,100044,100,,
2019-06-28 09:43:50.000000000,99891,200,99870,200,99956,200,99645,200,99957,120,99536,200,100008,300,99375,200,100014,100,99222,100,100033,100,99086,100,100037,100,99078,100,100040,100,98963,100,100042,100,98703,100,100044,100,,
2019-06-28 09:43:54.124261407,99891,200,99870,100,99956,200,99645,200,99957,120,99536,200,100008,300,99375,200,100014,100,99222,100,100033,100,99086,100,100037,100,99078,100,100040,100,98963,100,100042,100,98703,100,100046,100,,
2019-06-28 09:43:59.426839566,99891,200,99645,200,99956,200,99536,200,99957,120,99375,200,100008,300,99222,100,100014,100,99086,100,100033,100,99078,100,100037,100,98963,100,100040,100,98703,100,100042,100,,,100046,100,,
2019-06-28 09:44:00.000000000,99891,236,99645,236,99956,232,99536,232,99957,152,99375,232,100008,200,99222,100,100014,100,99086,100,100033,100,99078,100,100037,100,98963,100,100040,100,98703,100,100042,100,,,100046,100,,
2019-06-28 09:44:03.427872813,99870,100,99645,236,99891,236,99536,232,99956,132,99375,232,99957,152,99222,100,100008,200,99086,100,100014,100,99078,100,100033,100,98963,100,100037,100,98703,100,100040,100,,,100042,100,,
2019-06-28 09:44:10.000000000,99870,501,99645,501,99891,100,99536,100,99957,20,99375,100,100008,200,99222,100,100014,100,99086,100,100033,100,99078,100,100037,100,98963,100,100040,100,98703,100,100042,100,,,100046,100,,
2019-06-28 09:44:20.000000000,99870,236,99645,236,99891,232,99536,232,99957,152,99375,232,100008,200,99222,100,100014,100,99086,100,100033,100,99078,100,100037,100,98963,100,100040,100,98703,100,100042,100,,,100046,100,,
2019-06-28 09:44:27.811970676,99870,236,99645,236,99891,232,99536,232,99957,152,99375,232,100008,200,99309,100,100014,100,99222,100,100033,100,99086,100,100037,100,99078,100,100040,100,98963,100,100042,100,98703,100,100046,100,,
2019-06-28 09:44:30.000000000,99870,501,99645,501,99891,100,99536,100,99957,20,99375,100,100008,200,99309,100,100014,100,99222,100,100033,100,99086,100,100037,100,99078,100,100040,100,98963,100,100042,100,98703,100,100046,100,,
2019-06-28 09:44:39.137188833,99870,501,99645,501,99891,100,99536,100,99957,20,99412,100,100008,200,99375,100,100014,100,99309,100,100033,100,99222,100,100037,100,99086,100,100040,100,99078,100,100042,100,98963,100,100046,100,98703,100
2019-06-28 09:44:40.000000000,99870,300,99645,300,99891,300,99536,300,99957,20,99412,100,100008,200,99375,100,100014,100,99309,100,100033,100,99222,100,100037,100,99086,100,100040,100,99078,100,100042,100,98963,100,100046,100,98703,100
2019-06-28 09:44:50.000000000,99870,236,99645,236,99891,232,99536,232,99957,152,99412,232,100008,200,99375,100,100014,100,99309,100,100033,100,99222,100,100037,100,99086,100,100040,100,99078,100,100042,100,98963,100,100046,100,98703,100
2019-06-28 09:44:50.120521744,99870,236,99645,136,99891,232,99536,232,99957,152,99412,232,100008,200,99375,100,100014,100,99309,100,100033,100,99222,100,100037,100,99086,100,100040,100,99078,100,100042,100,98963,100,100046,100,98703,100
2019-06-28 09:45:00.000000000,99870,300,99536,300,99891,300,99412,300,99957,20,99375,100,100008,200,99309,100,100014,100,99222,100,100033,100,99086,100,100037,100,99078,100,100040,100,98963,100,100042,100,98703,100,100046,100,,
2019-06-28 09:45:10.000000000,99870,200,99536,200,99891,200,99412,200,99957,120,99375,200,100008,300,99309,200,100014,100,99222,100,100033,100,99086,100,100037,100,99078,100,100040,100,98963,100,100042,100,98703,100,100046,100,,
2019-06-28 09:45:10.367561719,99869,100,99536,200,99870,200,99412,200,99891,200,99375,200,99957,120,99309,200,100008,300,99222,100,100014,100,99086,100,100033,100,99078,100,100037,100,98963,100,100040,100,98703,100,100042,100,,
2019-06-28 09:45:20.000000000,99869,236,99536,236,99870,232,99412,232,99891,232,99375,232,99957,20,99309,100,100008,200,99222,100,100014,100,99086,100,100033,100,99078,100,100037,100,98963,100,100040,100,98703,100,100042,100,,
2019-06-28 09:45:30.000000000,99869,300,99536,300,99870,300,99412,300,99891,100,99375,100,99957,20,99309,100,100008,200,99222,100,100014,100,99086,100,100033,100,99078,100,100037,100,98963,100,100040,100,98703,100,100042,100,,
2019-06-28 09:45:40.000000000,99869,300,99536,300,99870,300,99412,300,99891,100,99375,100,99957,20,99309,100,100008,200,99222,100,100014,100,99086,100,100033,100,99078,100,100037,100,98963,100,100040,100,98703,100,100042,100,,
2019-06-28 09:45:40.912060328,99869,300,99536,200,99870,300,99412,300,99891,100,99375,100,99957,20,99309,100,100008,200,99222,100,100014,100,99086,100,100033,100,99078,100,100037,100,98963,100,100040,100,98703,100,100042,100,,
2019-06-28 09:45:42.036056337,99645,100,99536,200,99869,300,99412,300,99870,300,99375,100,99891,100,99309,100,99957,20,99222,100,100008,200,99086,100,100014,100,99078,100,100033,100,98963,100,100037,100,98703,100,100040,100,,
2019-06-28 09:45:45.575497233,99645,200,99536,200,99869,300,99412,300,99870,300,99375,100,99891,100,99309,100,99957,20,99222,100,100008,200,99086,100,100014,100,99078,100,100033,100,98963,100,100037,100,98703,100,100040,100,,
2019-06-28 09:45:50.000000000,99645,280,99412,180,99869,180,99375,180,99870,180,99309,180,99891,180,99222,180,99957,100,99086,180,100008,200,99078,100,100014,100,98963,100,100033,100,98703,100,100037,100,,,100040,100,,
2019-06-28 09:45:55.784225595,99645,280,99412,80,99869,180,99375,180,99870,180,99309,180,99891,180,99222,180,99957,100,99086,180,100008,200,99078,100,100014,100,98963,100,100033,100,98703,100,100037,100,,,100040,100,,
2019-06-28 09:45:59.371494996,99645,280,99412,80,99869,180,99375,180,99870,180,99309,180,99891,180,99222,180,99957,100,99086,180,100008,200,99078,100,100014,100,98963,100,100033,100,98753,100,100037,100,98703,100,100040,100,,
2019-06-28 09:46:00.000000000,99645,601,99375,501,99869,100,99309,100,99870,100,99222,100,99891,100,99086,100,99957,20,99078,100,100008,200,98963,100,100014,100,98753,100,100033,100,98703,100,100037,100,,,100040,100,,
2019-06-28 09:46:01.236331580,99645,601,99375,401,99869,100,99309,100,99870,100,99222,100,99891,100,99086,100,99957,20,99078,100,100008,200,98963,100,100014,100,98753,100,100033,100,98703,100,100037,100,,,100040,100,,
2019-06-28 09:46:10.000000000,99645,280,99309,180,99869,180,99222,180,99870,180,99086,180,99891,180,99078,180,99957,100,98963,180,100008,200,98753,100,100014,100,98703,100,100033,100,,,100037,100,,,100040,100,,
2019-06-28 09:46:10.151513959,99645,280,99309,80,99869,180,99222,180,99870,180,99086,180,99891,180,99078,180,99957,100,98963,180,100008,200,98753,100,100014,100,98703,100,100033,100,,,100037,100,,,100040,100,,
2019-06-28 09:46:15.035509974,99375,100,99309,80,99645,280,99222,180,99869,80,99086,180,99870,180,99078,180,99891,180,98963,180,99957,100,98753,100,100008,200,98703,100,100014,100,,,100033,100,,,100037,100,,
2019-06-28 09:46:20.000000000,99375,200,99222,200,99645,300,99086,200,99870,200,99078,200,99891,200,98963,200,99957,20,98753,100,100008,200,98703,100,100014,100,,,100033,100,,,100037,100,,,100040,100,,
2019-06-28 09:46:30.000000000,99375,300,99222,300,99645,400,99086,300,99870,100,99078,100,99891,100,98963,100,99957,20,98753,100,100008,200,98703,100,100014,100,,,100033,100,,,100037,100,,,100040,100,,
2019-06-28 09:46:32.093288527,99375,300,99222,300,99645,400,99086,300,99870,100,99078,100,99957,20,98963,100,100008,200,98753,100,100014,100,98703,100,100033,100,,,100037,100,,,100040,100,,,100042,100,,
2019-06-28 09:46:40.000000000,99375,236,99222,236,99645,332,99086,232,99870,232,99078,232,99957,20,98963,100,100008,200,98753,100,100014,100,98703,100,100033,100,,,100037,100,,,100040,100,,,100042,100,,
2019-06-28 09:46:40.925650010,99375,236,99229,100,99645,332,99222,236,99870,232,99086,232,99957,20,99078,232,100008,200,98963,100,100014,100,98753,100,100033,100,98703,100,100037,100,,,100040,100,,,100042,100,,
2019-06-28 09:46:50.000000000,99375,501,99229,501,99645,200,99222,100,99870,100,99086,100,99957,20,99078,100,100008,200,98963,100,100014,100,98753,100,100033,100,98703,100,100037,100,,,100040,100,,,100042,100,,
2019-06-28 09:46:53.875196378,99375,501,99229,501,99645,200,99222,100,99870,100,99086,100,99957,20,99078,100,100008,200,98963,100,100014,100,98851,100,100033,100,98753,100,100037,100,98703,100,100040,100,,,100042,100,,
2019-06-28 09:47:00.000000000,99375,501,99229,501,99645,200,99222,100,99870,100,99086,100,99957,20,99078,100,100008,200,98963,100,100014,100,98851,100,100033,100,98753,100,100037,100,98703,100,100040,100,,,100042,100,,
2019-06-28 09:47:05.005075355,99375,501,99229,501,99645,200,99222,100,99870,100,99086,100,99957,20,99078,100,100008,200,98963,100,100014,100,98851,100,100033,100,98753,100,100037,100,98703,100,100040,100,,,100042,100,,
2019-06-28 09:47:10.000000000,99375,200,99229,200,99645,300,99222,200,99870,200,99086,200,99957,120,99078,200,100008,200,98963,100,100014,100,98851,100,100033,100,98753,100,100037,100,98703,100,100040,100,,,100042,100,,
2019-06-28 09:47:20.000000000,99375,236,99229,236,99645,332,99222,232,99870,232,99086,232,99957,20,99078,100,100008,200,98963,100,100014,100,98851,100,100033,100,98753,100,100037,100,98703,100,100040,100,,,100042,100,,
2019-06-28 09:47:30.000000000,99375,180,99229,180,99645,280,99222,180,99870,180,99086,180,99957,100,99078,180,100008,280,98963,180,100014,100,98851,100,100033,100,98753,100,100037,100,98703,100,100040,100,,,100042,100,,
2019-06-28 09:47:36.437404990,99375,180,99229,80,99645,280,99222,180,99870,180,99086,180,99957,100,99078,180,100008,280,98963,180,100014,100,98851,100,100033,100,98753,100,100037,100,98703,100,100042,100,,,100060,100,,
2019-06-28 09:47:40.000000000,99375,236,99222,236,99645,332,99086,232,99870,232,99078,232,99957,20,98963,100,100008,200,98851,100,100014,100,98753,100,100033,100,98703,100,100037,100,,,100042,100,,,100060,100,,
2019-06-28 09:47:49.786215232,99309,100,99222,236,99375,236,99086,232,99645,332,99078,232,99870,232,98963,100,99957,20,98851,100,100008,100,98753,100,100014,100,98703,100,100033,100,,,100037,100,,,100042,100,,
2019-06-28 09:47:50.000000000,99309,501,99222,501,99375,100,99086,100,99645,200,99078,100,99870,100,98963,100,99957,20,98851,100,100008,100,98753,100,100014,100,98703,100,100033,100,,,100037,100,,,100042,100,,
2019-06-28 09:48:00.000000000,99309,501,99222,501,99375,100,99086,100,99645,200,99078,100,99870,100,98963,100,99957,20,98851,100,100008,100,98753,100,100014,100,98703,100,100033,100,,,100037,100,,,100042,100,,
2019-06-28 09:48:10.000000000,99309,236,99222,236,99375,232,99086,232,99645,332,99078,232,99870,100,98963,100,99957,20,98851,100,100008,100,98753,100,100014,100,98703,100,100033,100,,,100037,100,,,100042,100,,
2019-06-28 09:48:13.587769600,99309,336,99222,236,99375,232,99086,232,99645,332,99078,232,99870,100,98963,100,99957,20,98851,100,100008,100,98753,100,100014,100,98703,100,100033,100,,,100037,100,,,100042,100,,
2019-06-28 09:48:20.000000000,99309,601,99222,501,99375,100,99086,100,99645,200,99078,100,99870,100,98963,100,99957,20,98851,100,100008,100,98753,100,100014,100,98703,100,100033,100,,,100037,100,,,100042,100,,
2019-06-28 09:48:30.000000000,99309,601,99222,501,99375,100,99086,100,99645,200,99078,100,99870,100,98963,100,99957,20,98851,100,100008,100,98753,100,100014,100,98703,100,100033,100,,,100037,100,,,100042,100,,
2019-06-28 09:48:40.000000000,99309,601,99222,501,99375,100,99086,100,99645,200,99078,100,99870,100,98963,100,99957,20,98851,100,100008,100,98753,100,100014,100,98703,100,100033,100,,,100037,100,,,100042,100,,
2019-06-28 09:48:50.000000000,99309,601,99222,501,99375,100,99086,100,99645,200,99078,100,99870,100,98963,100,99957,20,98851,100,100008,100,98753,100,100014,100,98703,100,100033,100,,,100037,100,,,100042,100,,
2019-06-28 09:49:00.000000000,99309,601,99222,501,99375,100,99086,100,99645,200,99078,100,99870,100,98963,100,99957,20,98851,100,100008,100,98753,100,100014,100,98703,100,100033,100,,,100037,100,,,100042,100,,
2019-06-28 09:49:10.000000000,99309,601,99222,501,99375,100,99086,100,99645,200,99078,100,99870,100,98963,100,99957,20,98851,100,100008,100,98753,100,100014,100,98703,100,100033,100,,,100037,100,,,100042,100,,
2019-06-28 09:49:20.000000000,99309,601,99222,501,99375,100,99086,100,99645,200,99078,100,99870,100,98963,100,99957,20,98851,100,100008,100,98753,100,100014,100,98703,100,100033,100,,,100037,100,,,100042,100,,
2019-06-28 09:49:23.503879576,99309,601,99222,401,99375,100,99086,100,99645,200,99078,100,99870,100,98963,100,99957,20,98851,100,100008,100,98753,100,100014,100,,,100033,100,,,100037,100,,,100042,100,,
2019-06-28 09:49:30.000000000,99309,300,99086,200,99375,200,99078,200,99645,300,98963,200,99870,200,98851,200,99957,20,98753,100,100008,100,,,100014,100,,,100033,100,,,100037,100,,,100042,100,,
2019-06-28 09:49:40.000000000,99309,601,99086,501,99375,100,99078,100,99645,200,98963,100,99870,100,98851,100,99957,20,98753,100,100008,100,,,100014,100,,,100033,100,,,100037,100,,,100042,100,,
2019-06-28 09:49:46.737597426,99309,601,99086,401,99375,100,99078,100,99645,200,98963,100,99870,100,98851,100,99957,20,98753,100,100008,100,,,100014,100,,,100033,100,,,100037,100,,,100042,100,,
2019-06-28 09:49:50.000000000,99309,400,99078,300,99375,300,98963,300,99645,200,98851,100,99870,100,98753,100,99957,20,,,100008,100,,,100014,100,,,100033,100,,,100037,100,,,100042,100,,
2019-06-28 09:49:56.038009243,99309,400,99078,300,99375,300,98963,300,99645,200,98851,100,99870,100,98753,100,99957,20,,,100014,100,,,100033,100,,,100037,100,,,100042,100,,,100060,100,,
2019-06-28 09:50:00.000000000,99309,400,99078,300,99375,300,98963,300,99645,200,98851,100,99870,100,98753,100,99957,20,,,100014,100,,,100033,100,,,100037,100,,,100042,100,,,100060,100,,
2019-06-28 09:50:00.951147460,99309,400,99078,200,99375,300,98963,300,99645,200,98851,100,99870,100,98753,100,99957,20,,,100014,100,,,100033,100,,,100037,100,,,100042,100,,,100060,100,,
2019-06-28 09:50:10.000000000,99309,300,98963,200,99375,200,98851,200,99645,300,98753,200,99870,200,98752,100,99957,20,,,100014,100,,,100033,100,,,100037,100,,,100042,100,,,100060,100,,
2019-06-28 09:50:20.000000000,99309,601,98963,501,99375,100,98851,100,99645,200,98753,100,99870,100,,,99957,20,,,100014,100,,,100033,100,,,100037,100,,,100042,100,,,100060,100,,
2019-06-28 09:50:30.000000000,99309,601,98963,501,99375,100,98851,100,99645,200,98753,100,99870,100,,,99957,20,,,100014,100,,,100033,100,,,100037,100,,,100042,100,,,100060,100,,
2019-06-28 09:50:40.000000000,99309,400,98963,300,99375,300,98851,300,99645,200,98753,100,99870,100,,,99957,20,,,100014,100,,,100033,100,,,100037,100,,,100042,100,,,100060,100,,
2019-06-28 09:50:50.000000000,99309,300,98963,200,99375,200,98851,200,99645,300,98753,200,99870,200,98752,100,99957,20,,,100014,100,,,100033,100,,,100037,100,,,100042,100,,,100060,100,,
2019-06-28 09:50:50.089680023,99309,300,98963,200,99375,200,98851,200,99645,200,98753,200,99870,200,98752,100,99957,20,,,100014,100,,,100033,100,,,100037,100,,,100042,100,,,100060,100,,
2019-06-28 09:51:00.000000000,99309,300,98963,200,99375,200,98851,200,99645,200,98753,200,99870,200,98752,100,99957,20,,,100014,100,,,100033,100,,,100037,100,,,100042,100,,,100060,100,,
2019-06-28 09:51:10.000000000,99309,336,98963,236,99375,232,98851,232,99645,232,98753,232,99870,100,,,99957,20,,,100014,100,,,100033,100,,,100037,100,,,100042,100,,,100060,100,,
2019-06-28 09:51:13.538624360,99309,336,98963,236,99375,232,98851,232,99645,232,98753,232,99870,100,98339,100,99957,20,,,100014,100,,,100033,100,,,100037,100,,,100042,100,,,100060,100,,
2019-06-28 09:51:20.000000000,99309,336,98963,236,99375,232,98851,232,99645,232,98753,232,99870,100,98339,100,99957,20,,,100014,100,,,100033,100,,,100037,100,,,100042,100,,,100060,100,,
2019-06-28 09:51:28.254019821,99309,336,98963,136,99375,232,98851,232,99645,232,98753,232,99870,100,98339,100,99957,20,,,100014,100,,,100033,100,,,100037,100,,,100042,100,,,100060,100,,
2019-06-28 09:51:28.702141047,99309,336,98963,136,99375,232,98851,232,99645,232,98753,232,99870,100,98339,100,99957,20,98031,100,100014,100,,,100033,100,,,100037,100,,,100042,100,,,100060,100,,
2019-06-28 09:51:30.000000000,99309,300,98851,200,99375,200,98753,200,99645,200,98339,200,99870,200,98031,200,99957,20,,,100014,100,,,100033,100,,,100037,100,,,100042,100,,,100060,100,,
2019-06-28 09:51:40.000000000,99309,400,98851,300,99375,300,98753,300,99645,100,98339,100,99870,100,98031,100,99957,20,,,100014,100,,,100033,100,,,100037,100,,,100042,100,,,100060,100,,
2019-06-28 09:51:42.520992700,99309,400,98851,300,99375,300,98753,300,99645,100,98339,100,99870,100,98031,100,99957,20,97994,100,100014,100,,,100033,100,,,100037,100,,,100042,100,,,100060,100,,
2019-06-28 09:51:48.997346926,99078,100,98851,300,99309,400,98753,300,99375,300,98339,100,99645,100,98031,100,99870,100,97994,100,99957,20,,,100014,100,,,100033,100,,,100037,100,,,100042,100,,
2019-06-28 09:51:50.000000000,99078,300,98851,300,99309,400,98753,300,99375,100,98339,100,99645,100,98031,100,99870,100,97994,100,99957,20,,,100014,100,,,100033,100,,,100037,100,,,100042,100,,
2019-06-28 09:51:59.608462625,99078,300,98851,200,99309,400,98753,300,99375,100,98339,100,99645,100,98031,100,99870,100,,,99957,20,,,100014,100,,,100033,100,,,100037,100,,,100042,100,,
2019-06-28 09:52:00.000000000,99078,300,98753,300,99309,400,98339,300,99375,100,98031,100,99645,100,,,99870,100,,,99957,20,,,100014,100,,,100033,100,,,100037,100,,,100042,100,,
2019-06-28 09:52:01.438599411,99078,300,98753,300,99309,400,98339,300,99375,100,98147,100,99645,100,98031,100,99870,100,,,99957,20,,,100014,100,,,100033,100,,,100037,100,,,100042,100,,
2019-06-28 09:52:10.000000000,99078,200,98753,200,99309,300,98339,200,99375,200,98147,200,99645,200,98031,200,99870,100,,,99957,20,,,100014,100,,,100033,100,,,100037,100,,,100042,100,,
2019-06-28 09:52:11.674845323,99078,200,98753,100,99309,300,98339,200,99375,200,98147,200,99645,200,98031,200,99870,100,,,99957,20,,,100014,100,,,100033,100,,,100037,100,,,100042,100,,
2019-06-28 09:52:20.000000000,99078,501,98339,501,99309,200,98147,100,99375,100,98031,100,99645,100,,,99870,100,,,99957,20,,,100014,100,,,100033,100,,,100037,100,,,100042,100,,
2019-06-28 09:52:30.000000000,99078,200,98339,200,99309,300,98147,200,99375,200,98031,200,99645,200,98030,100,99870,100,,,99957,20,,,100014,100,,,100033,100,,,100037,100,,,100042,100,,
2019-06-28 09:52:40.000000000,99078,180,98339,180,99309,280,98147,180,99375,180,98031,180,99645,180,98030,80,99870,180,,,99957,20,,,100014,100,,,100033,100,,,100037,100,,,100042,100,,
2019-06-28 09:52:50.000000000,99078,236,98339,236,99309,332,98147,232,99375,232,98031,232,99645,100,,,99870,100,,,99957,20,,,100014,100,,,100033,100,,,100037,100,,,100042,100,,
2019-06-28 09:52:55.824712200,99078,236,98339,236,99309,332,98147,232,99375,232,98111,100,99645,100,98031,232,99870,100,,,99957,20,,,100014,100,,,100033,100,,,100037,100,,,100042,100,,
2019-06-28 09:53:00.000000000,99078,200,98339,200,99309,300,98147,200,99375,200,98111,200,99645,200,98031,200,99870,100,,,99957,20,,,100014,100,,,100033,100,,,100037,100,,,100042,100,,
2019-06-28 09:53:07.687147618,98462,100,98339,200,99078,200,98147,200,99309,300,98111,200,99375,200,98031,200,99645,200,,,99870,100,,,99957,20,,,100014,100,,,100033,100,,,100037,100,,
2019-06-28 09:53:10.000000000,98462,200,98339,200,99078,200,98147,200,99309,300,98111,200,99375,200,98031,200,99645,100,,,99870,100,,,99957,20,,,100014,100,,,100033,100,,,100037,100,,
2019-06-28 09:53:18.314080712,98462,200,98339,200,98500,100,98147,200,99078,200,98111,200,99309,300,98031,200,99375,200,,,99645,100,,,99870,100,,,99957,20,,,100014,100,,,100037,100,,
2019-06-28 09:53:20.000000000,98462,300,98339,300,98500,300,98147,300,99078,100,98111,100,99309,200,98031,100,99375,100,,,99645,100,,,99870,100,,,99957,20,,,100014,100,,,100037,100,,
2019-06-28 09:53:20.875087771,98462,300,98339,300,98500,300,98147,300,98851,100,98111,100,99078,100,98031,100,99309,200,,,99375,100,,,99645,100,,,99870,100,,,99957,20,,,100014,100,,
2019-06-28 09:53:30.000000000,98462,501,98339,501,98500,100,98147,100,98851,100,98111,100,99078,100,98031,100,99309,200,,,99375,100,,,99645,100,,,99870,100,,,99957,20,,,100014,100,,
2019-06-28 09:53:30.944696295,98462,501,98339,501,98500,100,98147,100,98681,100,98111,100,98851,100,98031,100,99078,100,,,99309,200,,,99375,100,,,99645,100,,,99870,100,,,99957,20,,
2019-06-28 09:53:40.000000000,98462,200,98339,200,98500,200,98147,200,98681,200,98111,200,98851,200,98031,200,99078,100,,,99309,200,,,99375,100,,,99645,100,,,99870,100,,,99957,20,,
2019-06-28 09:53:50.000000000,98462,180,98339,180,98500,180,98147,180,98681,180,98111,180,98851,180,98031,180,99078,180,98030,80,99309,200,,,99375,100,,,99645,100,,,99870,100,,,99957,20,,
2019-06-28 09:54:00.000000000,98462,200,98339,200,98500,200,98147,200,98681,200,98111,200,98851,200,98031,200,99078,100,,,99309,200,,,99375,100,,,99645,100,,,99870,100,,,99957,20,,
2019-06-28 09:54:01.114965771,98462,100,98339,200,98500,200,98147,200,98681,200,98111,200,98851,200,98031,200,99078,100,,,99309,200,,,99375,100,,,99645,100,,,99870,100,,,99957,20,,
2019-06-28 09:54:01.288696156,98462,100,98339,200,98500,200,98147,200,98681,200,98111,200,98722,100,98031,200,98851,200,,,99078,100,,,99309,200,,,99375,100,,,99645,100,,,99870,100,,
2019-06-28 09:54:05.928898894,98462,100,98339,200,98500,200,98147,200,98681,200,98111,200,98722,100,98031,200,98753,100,,,98851,200,,,99078,100,,,99309,200,,,99375,100,,,99645,100,,
2019-06-28 09:54:06.295044291,98462,100,98339,200,98500,200,98147,200,98681,200,98111,200,98722,100,98031,200,98753,100,,,98851,200,,,98914,100,,,99078,100,,,99309,200,,,99375,100,,
2019-06-28 09:54:10.000000000,98500,300,98339,300,98681,300,98147,300,98722,100,98111,100,98753,100,98031,100,98851,100,,,98914,100,,,99078,100,,,99309,200,,,99375,100,,,99645,100,,
2019-06-28 09:54:10.212455645,98500,100,98339,300,98681,300,98147,300,98722,100,98111,100,98753,100,98031,100,98851,100,,,98914,100,,,99078,100,,,99309,200,,,99375,100,,,99645,100,,
2019-06-28 09:54:20.000000000,98681,300,98339,300,98722,300,98147,300,98753,100,98111,100,98851,100,98031,100,98914,100,,,99078,100,,,99309,200,,,99375,100,,,99645,100,,,99870,100,,
2019-06-28 09:54:21.688172962,98681,300,98462,100,98722,300,98339,300,98753,100,98147,300,98851,100,98111,100,98914,100,98031,100,99078,100,,,99309,200,,,99375,100,,,99645,100,,,99870,100,,
2019-06-28 09:54:26.692791977,98681,200,98462,100,98722,300,98339,300,98753,100,98147,300,98851,100,98111,100,98914,100,98031,100,99078,100,,,99309,200,,,99375,100,,,99645,100,,,99870,100,,
2019-06-28 09:54:30.000000000,98722,300,98462,300,98753,300,98339,300,98851,100,98147,100,98914,100,98111,100,99078,100,98031,100,99309,200,,,99375,100,,,99645,100,,,99870,100,,,99957,20,,
2019-06-28 09:54:40.000000000,98722,501,98462,501,98753,100,98339,100,98851,100,98147,100,98914,100,98111,100,99078,100,98031,100,99309,200,,,99375,100,,,99645,100,,,99870,100,,,99957,20,,
2019-06-28 09:54:47.895907205,98722,501,98462,501,98753,100,98399,100,98851,100,98339,100,98914,100,98147,100,99078,100,98111,100,99309,200,98031,100,99375,100,,,99645,100,,,99870,100,,,99957,20,,
2019-06-28 09:54:50.000000000,98722,200,98462,200,98753,200,98399,200,98851,200,98339,200,98914,200,98147,200,99078,100,98111,100,99309,200,98031,100,99375,100,,,99645,100,,,99870,100,,,99957,20,,
2019-06-28 09:55:00.000000000,98722,300,98462,300,98753,300,98399,300,98851,100,98339,100,98914,100,98147,100,99078,100,98111,100,99309,200,98031,100,99375,100,,,99645,100,,,99870,100,,,99957,20,,
2019-06-28 09:55:10.000000000,98722,200,98462,200,98753,200,98399,200,98851,200,98339,200,98914,200,98147,200,99078,100,98111,100,99309,200,98031,100,99375,100,,,99645,100,,,99870,100,,,99957,20,,
2019-06-28 09:55:20.000000000,98722,200,98462,200,98753,200,98399,200,98851,200,98339,200,98914,200,98147,200,99078,100,98111,100,99309,200,98031,100,99375,100,,,99645,100,,,99870,100,,,99957,20,,
2019-06-28 09:55:23.311318983,98722,200,98462,200,98752,100,98399,200,98753,200,98339,200,98851,200,98147,200,98914,200,98111,100,99078,100,98031,100,99309,200,,,99375,100,,,99645,100,,,99870,100,,
2019-06-28 09:55:24.976461211,98722,200,98462,200,98752,100,98399,200,98753,200,98339,200,98848,100,98147,200,98851,200,98111,100,98914,200,98031,100,99078,100,,,99309,200,,,99375,100,,,99645,100,,
2019-06-28 09:55:25.266168777,98722,100,98462,200,98752,100,98399,200,98753,200,98339,200,98848,100,98147,200,98851,200,98111,100,98914,200,98031,100,99078,100,,,99309,200,,,99375,100,,,99645,100,,
2019-06-28 09:55:30.000000000,98752,300,98462,300,98753,300,98399,300,98848,100,98339,100,98851,100,98147,100,98914,100,98111,100,99078,100,98031,100,99309,200,,,99375,100,,,99645,100,,,99870,100,,
2019-06-28 09:55:31.238616364,98752,200,98462,300,98753,300,98399,300,98848,100,98339,100,98851,100,98147,100,98914,100,98111,100,99078,100,98031,100,99309,200,,,99375,100,,,99645,100,,,99870,100,,
2019-06-28 09:55:32.067057275,98752,100,98462,300,98753,300,98399,300,98848,100,98339,100,98851,100,98147,100,98914,100,98111,100,99078,100,98031,100,99309,200,,,99375,100,,,99645,100,,,99870,100,,
2019-06-28 09:55:40.000000000,98753,501,98462,501,98848,100,98399,100,98851,100,98339,100,98914,100,98147,100,99078,100,98111,100,99309,200,98031,100,99375,100,,,99645,100,,,99870,100,,,99957,20,,
2019-06-28 09:55:40.006140193,98753,401,98462,501,98848,100,98399,100,98851,100,98339,100,98914,100,98147,100,99078,100,98111,100,99309,200,98031,100,99375,100,,,99645,100,,,99870,100,,,99957,20,,
2019-06-28 09:55:45.011902950,98753,301,98462,501,98848,100,98399,100,98851,100,98339,100,98914,100,98147,100,99078,100,98111,100,99309,200,98031,100,99375,100,,,99645,100,,,99870,100,,,100014,100,,
2019-06-28 09:55:50.000000000,98848,236,98462,236,98851,232,98399,232,98914,232,98339,232,99078,100,98147,100,99309,200,98111,100,99375,100,98031,100,99645,100,,,99870,100,,,100014,100,,,100042,100,,
2019-06-28 09:55:56.228522953,98848,236,98532,100,98851,232,98462,236,98914,232,98399,232,99078,100,98339,232,99309,200,98147,100,99375,100,98111,100,99645,100,98031,100,99870,100,,,100014,100,,,100042,100,,
2019-06-28 09:55:58.125468645,98848,236,98532,100,98849,100,98462,236,98851,232,98399,232,98914,232,98339,232,99078,100,98147,100,99309,200,98111,100,99375,100,98031,100,99645,100,,,99870,100,,,100014,100,,
2019-06-28 09:56:00.000000000,98848,180,98532,180,98849,180,98462,180,98851,180,98399,180,98914,180,98339,180,99078,180,98147,180,99309,200,98111,100,99375,100,98031,100,99645,100,,,99870,100,,,100014,100,,
2019-06-28 09:56:10.000000000,98848,236,98532,236,98849,232,98462,232,98851,232,98399,232,98914,100,98339,100,99078,100,98147,100,99309,200,98111,100,99375,100,98031,100,99645,100,,,99870,100,,,100014,100,,
2019-06-28 09:56:20.000000000,98848,300,98532,300,98849,300,98462,300,98851,100,98399,100,98914,100,98339,100,99078,100,98147,100,99309,200,98111,100,99375,100,98031,100,99645,100,,,99870,100,,,100014,100,,
2019-06-28 09:56:25.176844533,98848,200,98532,300,98849,300,98462,300,98851,100,98399,100,98914,100,98339,100,99078,100,98147,100,99309,200,98111,100,99375,100,98031,100,99645,100,,,99870,100,,,100014,100,,
2019-06-28 09:56:30.000000000,98849,236,98532,236,98851,232,98462,232,98914,232,98399,232,99078,100,98339,100,99309,200,98147,100,99375,100,98111,100,99645,100,98031,100,99870,100,,,100014,100,,,100042,100,,
2019-06-28 09:56:33.480345050,98849,236,98532,236,98851,232,98462,232,98914,232,98399,232,99078,100,98339,100,99309,200,98147,100,99324,100,98111,100,99375,100,98031,100,99645,100,,,99870,100,,,100014,100,,
2019-06-28 09:56:34.946315057,98849,236,98532,236,98851,232,98462,232,98914,232,98399,232,99078,100,98339,100,99309,200,98147,100,99324,100,98111,100,99375,100,98031,100,99416,100,,,99645,100,,,99870,100,,
2019-06-28 09:56:40.000000000,98849,300,98532,300,98851,300,98462,300,98914,100,98399,100,99078,100,98339,100,99309,200,98147,100,99324,100,98111,100,99375,100,98031,100,99416,100,,,99645,100,,,99870,100,,
2019-06-28 09:56:50.000000000,98849,300,98532,300,98851,300,98462,300,98914,100,98399,100,99078,100,98339,100,99309,200,98147,100,99324,100,98111,100,99375,100,98031,100,99416,100,,,99645,100,,,99870,100,,
2019-06-28 09:57:00.000000000,98849,200,98532,200,98851,200,98462,200,98914,200,98399,200,99078,200,98339,200,99309,200,98147,100,99324,100,98111,100,99375,100,98031,100,99416,100,,,99645,100,,,99870,100,,
2019-06-28 09:57:10.000000000,98849,300,98532,300,98851,300,98462,300,98914,100,98399,100,99078,100,98339,100,99309,200,98147,100,99324,100,98111,100,99375,100,98031,100,99416,100,,,99645,100,,,99870,100,,
2019-06-28 09:57:20.000000000,98849,236,98532,236,98851,232,98462,232,98914,232,98399,232,99078,100,98339,100,99309,200,98147,100,99324,100,98111,100,99375,100,98031,100,99416,100,,,99645,100,,,99870,100,,
2019-06-28 09:57:30.000000000,98849,236,98532,236,98851,232,98462,232,98914,232,98399,232,99078,100,98339,100,99309,200,98147,100,99324,100,98111,100,99375,100,98031,100,99416,100,,,99645,100,,,99870,100,,
2019-06-28 09:57:40.000000000,98849,501,98532,501,98851,100,98462,100,98914,100,98399,100,99078,100,98339,100,99309,200,98147,100,99324,100,98111,100,99375,100,98031,100,99416,100,,,99645,100,,,99870,100,,
2019-06-28 09:57:50.000000000,98849,200,98532,200,98851,200,98462,200,98914,200,98399,200,99078,200,98339,200,99309,200,98147,100,99324,100,98111,100,99375,100,98031,100,99416,100,,,99645,100,,,99870,100,,
2019-06-28 09:58:00.000000000,98849,501,98532,501,98851,100,98462,100,98914,100,98399,100,99078,100,98339,100,99309,200,98147,100,99324,100,98111,100,99375,100,98031,100,99416,100,,,99645,100,,,99870,100,,
2019-06-28 09:58:02.096374157,98847,100,98532,501,98849,501,98462,100,98851,100,98399,100,98914,100,98339,100,99078,100,98147,100,99309,200,98111,100,99324,100,98031,100,99375,100,,,99416,100,,,99645,100,,
2019-06-28 09:58:10.000000000,98847,180,98532,180,98849,180,98462,180,98851,180,98399,180,98914,180,98339,180,99078,180,98147,180,99309,200,98111,100,99324,100,98031,100,99375,100,,,99416,100,,,99645,100,,
2019-06-28 09:58:20.000000000,98847,236,98532,236,98849,232,98462,232,98851,232,98399,232,98914,100,98339,100,99078,100,98147,100,99309,200,98111,100,99324,100,98031,100,99375,100,,,99416,100,,,99645,100,,
2019-06-28 09:58:30.000000000,98847,180,98532,180,98849,180,98462,180,98851,180,98399,180,98914,180,98339,180,99078,180,98147,180,99309,200,98111,100,99324,100,98031,100,99375,100,,,99416,100,,,99645,100,,
2019-06-28 09:58:31.142654927,98847,80,98532,180,98849,180,98462,180,98851,180,98399,180,98914,180,98339,180,99078,180,98147,180,99309,200,98111,100,99324,100,98031,100,99375,100,,,99416,100,,,99645,100,,
2019-06-28 09:58:40.000000000,98849,300,98532,300,98851,300,98462,300,98914,100,98399,100,99078,100,98339,100,99309,200,98147,100,99324,100,98111,100,99375,100,98031,100,99416,100,,,99645,100,,,99870,100,,
2019-06-28 09:58:48.863920581,98849,200,98532,300,98851,300,98462,300,98914,100,98399,100,99078,100,98339,100,99309,200,98147,100,99324,100,98111,100,99375,100,98031,100,99416,100,,,99645,100,,,99870,100,,
2019-06-28 09:58:50.000000000,98851,236,98532,236,98914,232,98462,232,99078,232,98399,232,99309,200,98339,100,99324,100,98147,100,99375,100,98111,100,99416,100,98031,100,99645,100,,,99870,100,,,100014,100,,
2019-06-28 09:58:53.109682030,98851,236,98532,236,98914,232,98462,232,99078,232,98399,232,99133,100,98339,100,99309,200,98147,100,99324,100,98111,100,99375,100,98031,100,99416,100,,,99645,100,,,99870,100,,
2019-06-28 09:59:00.000000000,98851,236,98532,236,98914,232,98462,232,99078,232,98399,232,99133,100,98339,100,99309,200,98147,100,99324,100,98111,100,99375,100,98031,100,99416,100,,,99645,100,,,99870,100,,
2019-06-28 09:59:07.409524422,98851,136,98532,236,98914,232,98462,232,99078,232,98399,232,99133,100,98147,100,99309,200,98111,100,99324,100,98031,100,99375,100,,,99416,100,,,99645,100,,,99870,100,,
2019-06-28 09:59:10.000000000,98914,180,98532,180,99078,180,98462,180,99133,180,98399,180,99309,280,98147,180,99324,180,98111,180,99375,100,98031,100,99416,100,,,99645,100,,,99870,100,,,100014,100,,
2019-06-28 09:59:14.667418707,98914,180,98532,80,99078,180,98462,180,99133,180,98399,180,99309,280,98147,180,99324,180,98111,180,99375,100,98031,100,99416,100,,,99645,100,,,99870,100,,,100014,100,,
2019-06-28 09:59:20.000000000,98914,180,98462,180,99078,180,98399,180,99133,180,98147,180,99309,280,98111,180,99324,180,98031,180,99375,100,,,99416,100,,,99645,100,,,99870,100,,,100014,100,,
2019-06-28 09:59:30.000000000,98914,300,98462,300,99078,300,98399,300,99133,100,98147,100,99309,200,98111,100,99324,100,98031,100,99375,100,,,99416,100,,,99645,100,,,99870,100,,,100014,100,,
2019-06-28 09:59:40.000000000,98914,180,98462,180,99078,180,98399,180,99133,180,98147,180,99309,280,98111,180,99324,180,98031,180,99375,100,,,99416,100,,,99645,100,,,99870,100,,,100014,100,,
2019-06-28 09:59:47.057865074,98914,180,98462,80,99078,180,98399,180,99133,180,98147,180,99309,280,98111,180,99324,180,98031,180,99375,100,,,99416,100,,,99645,100,,,99870,100,,,100014,100,,
2019-06-28 09:59:50.000000000,98914,300,98399,300,99078,300,98147,300,99133,100,98111,100,99309,200,98031,100,99324,100,,,99375,100,,,99416,100,,,99645,100,,,99870,100,,,100014,100,,
2019-06-28 10:00:00.000000000,98914,501,98399,501,99078,100,98147,100,99133,100,98111,100,99309,200,98031,100,99324,100,,,99375,100,,,99416,100,,,99645,100,,,99870,100,,,100014,100,,
2019-06-28 10:00:03.413488191,98914,501,98399,501,99078,100,98249,100,99133,100,98147,100,99309,200,98111,100,99324,100,98031,100,99375,100,,,99416,100,,,99645,100,,,99870,100,,,100014,100,,
2019-06-28 10:00:07.448607286,98914,501,98399,401,99078,100,98249,100,99133,100,98147,100,99309,200,98111,100,99324,100,98031,100,99375,100,,,99416,100,,,99645,100,,,99870,100,,,100014,100,,
2019-06-28 10:00:10.000000000,98914,180,98249,180,99078,180,98147,180,99133,180,98111,180,99309,280,98031,180,99324,180,98030,80,99375,100,,,99416,100,,,99645,100,,,99870,100,,,100014,100,,
2019-06-28 10:00:12.843371916,98462,100,98249,180,98914,180,98147,180,99078,180,98111,180,99133,180,98031,180,99309,280,98030,80,99324,180,,,99375,100,,,99416,100,,,99645,100,,,99870,100,,
2019-06-28 10:00:20.000000000,98462,180,98249,180,98914,180,98147,180,99078,180,98111,180,99133,180,98031,180,99309,280,98030,80,99324,100,,,99375,100,,,99416,100,,,99645,100,,,99870,100,,
2019-06-28 10:00:26.305599597,98462,80,98249,180,98914,180,98147,180,99078,180,98111,180,99133,180,98031,180,99309,280,98030,80,99324,100,,,99375,100,,,99416,100,,,99645,100,,,99870,100,,
2019-06-28 10:00:30.000000000,98914,200,98249,200,99078,200,98147,200,99133,200,98111,200,99309,300,98031,200,99324,100,,,99375,100,,,99416,100,,,99645,100,,,99870,100,,,100014,100,,
2019-06-28 10:00:35.431056969,98914,200,98294,100,99078,200,98249,200,99133,200,98147,200,99309,300,98111,200,99324,100,98031,200,99375,100,,,99416,100,,,99645,100,,,99870,100,,,100014,100,,
2019-06-28 10:00:40.000000000,98914,501,98294,501,99078,100,98249,100,99133,100,98147,100,99309,200,98111,100,99324,100,98031,100,99375,100,,,99416,100,,,99645,100,,,99870,100,,,100014,100,,
2019-06-28 10:00:41.891779359,98914,501,98294,501,99078,100,98249,100,99133,100,98147,100,99309,200,98111,100,99324,100,98054,100,99375,100,98031,100,99416,100,,,99645,100,,,99870,100,,,100014,100,,
2019-06-28 10:00:50.000000000,98914,300,98294,300,99078,300,98249,300,99133,100,98147,100,99309,200,98111,100,99324,100,98054,100,99375,100,98031,100,99416,100,,,99645,100,,,99870,100,,,100014,100,,
2019-06-28 10:00:50.555946846,98462,100,98294,300,98914,300,98249,300,99078,300,98147,100,99133,100,98111,100,99309,200,98054,100,99324,100,98031,100,99375,100,,,99416,100,,,99645,100,,,99870,100,,
2019-06-28 10:01:00.000000000,98462,180,98294,180,98914,180,98249,180,99078,180,98147,180,99133,180,98111,180,99309,280,98054,180,99324,100,98031,100,99375,100,,,99416,100,,,99645,100,,,99870,100,,
2019-06-28 10:01:08.646503587,98462,180,98294,180,98582,100,98249,180,98914,180,98147,180,99078,180,98111,180,99133,180,98054,180,99309,280,98031,100,99324,100,,,99375,100,,,99416,100,,,99645,100,,
2019-06-28 10:01:10.000000000,98462,200,98294,200,98582,200,98249,200,98914,200,98147,200,99078,200,98111,200,99133,100,98054,100,99309,200,98031,100,99324,100,,,99375,100,,,99416,100,,,99645,100,,
2019-06-28 10:01:10.946215732,98462,200,98294,100,98480,100,98249,200,98582,200,98147,200,98914,200,98111,200,99078,200,98054,100,99133,100,98031,100,99309,200,,,99324,100,,,99375,100,,,99416,100,,
2019-06-28 10:01:20.000000000,98462,200,98249,200,98480,200,98147,200,98582,200,98111,200,98914,200,98054,200,99078,100,98031,100,99133,100,,,99309,200,,,99324,100,,,99375,100,,,99416,100,,
2019-06-28 10:01:21.940050277,98462,300,98249,200,98480,200,98147,200,98582,200,98111,200,98914,200,98054,200,99078,100,98031,100,99133,100,,,99309,200,,,99324,100,,,99375,100,,,99416,100,,
2019-06-28 10:01:30.000000000,98462,400,98249,300,98480,300,98147,300,98582,100,98111,100,98914,100,98054,100,99078,100,98031,100,99133,100,,,99309,200,,,99324,100,,,99375,100,,,99416,100,,
2019-06-28 10:01:34.277764554,98462,400,98249,300,98480,300,98147,300,98582,100,98111,100,98914,100,98054,100,99078,100,98031,100,99133,100,,,99309,200,,,99324,100,,,99375,100,,,99416,100,,
2019-06-28 10:01:40.000000000,98462,601,98249,501,98480,100,98147,100,98582,100,98111,100,98914,100,98054,100,99078,100,98031,100,99133,100,,,99309,200,,,99324,100,,,99375,100,,,99416,100,,
2019-06-28 10:01:50.000000000,98462,601,98249,501,98480,100,98147,100,98582,100,98111,100,98914,100,98054,100,99078,100,98031,100,99133,100,,,99309,200,,,99324,100,,,99375,100,,,99416,100,,
2019-06-28 10:01:50.763520578,98462,501,98249,501,98480,100,98147,100,98582,100,98111,100,98914,100,98054,100,99078,100,98031,100,99133,100,,,99309,200,,,99324,100,,,99375,100,,,99416,100,,
2019-06-28 10:01:57.341456073,98462,501,98249,501,98480,100,98147,100,98582,100,98111,100,98805,100,98054,100,98914,100,98031,100,99078,100,,,99133,100,,,99309,200,,,99324,100,,,99375,100,,
2019-06-28 10:02:00.000000000,98462,180,98249,180,98480,180,98147,180,98582,180,98111,180,98805,180,98054,180,98914,180,98031,180,99078,100,,,99133,100,,,99309,200,,,99324,100,,,99375,100,,
2019-06-28 10:02:05.778404796,98462,80,98249,80,98480,180,98147,180,98582,180,98111,180,98805,180,98054,180,98914,180,98031,180,99078,100,,,99133,100,,,99309,200,,,99324,100,,,99375,100,,
2019-06-28 10:02:10.000000000,98480,236,98147,236,98582,232,98111,232,98805,232,98054,232,98914,100,98031,100,99078,100,,,99133,100,,,99309,200,,,99324,100,,,99375,100,,,99416,100,,
2019-06-28 10:02:20.000000000,98480,180,98147,180,98582,180,98111,180,98805,180,98054,180,98914,180,98031,180,99078,180,98030,80,99133,100,,,99309,200,,,99324,100,,,99375,100,,,99416,100,,
2019-06-28 10:02:20.656728829,98480,80,98147,180,98582,180,98111,180,98805,180,98054,180,98914,180,98031,180,99078,180,98030,80,99133,100,,,99309,200,,,99324,100,,,99375,100,,,99416,100,,
2019-06-28 10:02:30.000000000,98582,236,98147,236,98805,232,98111,232,98914,232,98054,232,99078,100,98031,100,99133,100,,,99309,200,,,99324,100,,,99375,100,,,99416,100,,,99645,100,,
2019-06-28 10:02:35.885471066,98582,236,98147,236,98805,232,98111,232,98914,232,98054,232,98965,100,98031,100,99078,100,,,99133,100,,,99309,200,,,99324,100,,,99375,100,,,99416,100,,
2019-06-28 10:02:38.041709431,98582,236,98147,236,98805,232,98111,232,98914,232,98054,232,98965,100,98031,100,99133,100,,,99309,200,,,99324,100,,,99375,100,,,99416,100,,,99645,100,,
2019-06-28 10:02:40.000000000,98582,236,98147,236,98805,232,98111,232,98914,232,98054,232,98965,100,98031,100,99133,100,,,99309,200,,,99324,100,,,99375,100,,,99416,100,,,99645,100,,
2019-06-28 10:02:44.068470347,98582,236,98147,236,98805,232,98111,232,98914,232,98054,232,98925,100,98031,100,98965,100,,,99133,100,,,99309,200,,,99324,100,,,99375,100,,,99416,100,,
2019-06-28 10:02:50.000000000,98582,200,98147,200,98805,200,98111,200,98914,200,98054,200,98925,200,98031,200,98965,100,,,99133,100,,,99309,200,,,99324,100,,,99375,100,,,99416,100,,
2019-06-28 10:03:00.000000000,98582,236,98147,236,98805,232,98111,232,98914,232,98054,232,98925,100,98031,100,98965,100,,,99133,100,,,99309,200,,,99324,100,,,99375,100,,,99416,100,,
2019-06-28 10:03:06.651108786,98582,236,98462,100,98805,232,98147,236,98914,232,98111,232,98925,100,98054,232,98965,100,98031,100,99133,100,,,99309,200,,,99324,100,,,99375,100,,,99416,100,,
2019-06-28 10:03:10.000000000,98582,200,98462,200,98805,200,98147,200,98914,200,98111,200,98925,200,98054,200,98965,100,98031,100,99133,100,,,99309,200,,,99324,100,,,99375,100,,,99416,100,,
2019-06-28 10:03:20.000000000,98582,236,98462,236,98805,232,98147,232,98914,232,98111,232,98925,100,98054,100,98965,100,98031,100,99133,100,,,99309,200,,,99324,100,,,99375,100,,,99416,100,,
2019-06-28 10:03:30.000000000,98582,501,98462,501,98805,100,98147,100,98914,100,98111,100,98925,100,98054,100,98965,100,98031,100,99133,100,,,99309,200,,,99324,100,,,99375,100,,,99416,100,,
2019-06-28 10:03:30.907946252,98582,401,98462,501,98805,100,98147,100,98914,100,98111,100,98925,100,98054,100,98965,100,98031,100,99133,100,,,99309,200,,,99324,100,,,99375,100,,,99416,100,,
2019-06-28 10:03:37.186043489,98582,401,98480,100,98805,100,98462,501,98914,100,98147,100,98925,100,98111,100,98965,100,98054,100,99133,100,98031,100,99309,200,,,99324,100,,,99375,100,,,99416,100,,
2019-06-28 10:03:40.000000000,98805,236,98480,236,98914,232,98462,232,98925,232,98147,232,98965,100,98111,100,99133,100,98054,100,99309,200,98031,100,99324,100,,,99375,100,,,99416,100,,,99645,100,,
2019-06-28 10:03:50.000000000,98805,300,98480,300,98914,300,98462,300,98925,100,98147,100,98965,100,98111,100,99133,100,98054,100,99309,200,98031,100,99324,100,,,99375,100,,,99416,100,,,99645,100,,
2019-06-28 10:03:50.548478445,98805,200,98480,300,98914,300,98462,300,98925,100,98147,100,98965,100,98111,100,99133,100,98054,100,99309,200,98031,100,99324,100,,,99375,100,,,99416,100,,,99645,100,,
2019-06-28 10:03:51.007547158,98805,200,98582,100,98914,300,98480,300,98925,100,98462,300,98965,100,98147,100,99133,100,98111,100,99309,200,98054,100,99324,100,98031,100,99375,100,,,99416,100,,,99645,100,,
2019-06-28 10:03:55.784793563,98655,100,98582,100,98805,200,98480,300,98914,300,98462,300,98925,100,98147,100,98965,100,98111,100,99133,100,98054,100,99309,200,98031,100,99324,100,,,99375,100,,,99416,100,,
2019-06-28 10:04:00.000000000,98655,200,98582,200,98914,200,98480,200,98925,200,98462,200,98965,200,98147,200,99133,100,98111,100,99309,200,98054,100,99324,100,98031,100,99375,100,,,99416,100,,,99645,100,,
2019-06-28 10:04:07.310865722,98655,100,98582,200,98914,200,98480,200,98925,200,98462,200,98965,200,98147,200,99133,100,98111,100,99309,200,98054,100,99324,100,98031,100,99375,100,,,99416,100,,,99645,100,,
2019-06-28 10:04:08.709468697,98914,200,98582,200,98925,200,98480,200,98965,200,98462,200,99133,100,98147,200,99309,200,98111,100,99324,100,98054,100,99375,100,98031,100,99416,100,,,99645,100,,,99870,100,,
2019-06-28 10:04:10.000000000,98914,180,98582,180,98925,180,98480,180,98965,180,98462,180,99133,180,98147,180,99309,280,98111,180,99324,100,98054,100,99375,100,98031,100,99416,100,,,99645,100,,,99870,100,,
2019-06-28 10:04:10.414690326,98914,80,98582,180,98925,180,98480,180,98965,80,98462,180,99133,180,98147,180,99309,280,98111,180,99324,100,98054,100,99375,100,98031,100,99416,100,,,99645,100,,,99870,100,,
2019-06-28 10:04:20.000000000,98925,180,98582,180,99133,180,98480,180,99309,280,98462,180,99324,180,98147,180,99375,180,98111,180,99416,100,98054,100,99645,100,98031,100,99870,100,,,100014,100,,,100064,100,,
2019-06-28 10:04:24.776039356,98925,80,98582,180,99133,180,98480,180,99309,280,98462,180,99324,180,98147,180,99375,180,98111,180,99416,100,98054,100,99645,100,98031,100,99870,100,,,100014,100,,,100064,100,,
2019-06-28 10:04:28.199875283,99133,180,98925,20,99309,280,98582,180,99324,180,98480,180,99375,180,98462,180,99416,100,98147,180,99645,100,98111,180,99870,100,98054,100,100014,100,98031,100,100064,100,,,100118,100,,
2019-06-28 10:04:29.660427898,99133,180,98925,120,99309,280,98582,180,99324,180,98480,180,99375,180,98462,180,99416,100,98147,180,99645,100,98111,180,99870,100,98054,100,100014,100,98031,100,100064,100,,,100118,100,,
2019-06-28 10:04:30.000000000,99133,501,98925,521,99309,200,98582,100,99324,100,98480,100,99375,100,98462,100,99416,100,98147,100,99645,100,98111,100,99870,100,98054,100,100014,100,98031,100,100064,100,,,100118,100,,
2019-06-28 10:04:30.938326751,99133,501,98925,521,99250,100,98582,100,99309,200,98480,100,99324,100,98462,100,99375,100,98147,100,99416,100,98111,100,99645,100,98054,100,99870,100,98031,100,100014,100,,,100064,100,,
2019-06-28 10:04:39.786572627,99068,100,98925,521,99133,501,98582,100,99250,100,98480,100,99309,200,98462,100,99324,100,98147,100,99375,100,98111,100,99416,100,98054,100,99645,100,98031,100,99870,100,,,100014,100,,
2019-06-28 10:04:40.000000000,99068,501,98925,521,99133,100,98582,100,99250,100,98480,100,99309,200,98462,100,99324,100,98147,100,99375,100,98111,100,99416,100,98054,100,99645,100,98031,100,99870,100,,,100014,100,,
2019-06-28 10:04:50.000000000,99068,236,98925,256,99133,232,98582,232,99250,232,98480,232,99309,200,98462,100,99324,100,98147,100,99375,100,98111,100,99416,100,98054,100,99645,100,98031,100,99870,100,,,100014,100,,
2019-06-28 10:04:57.612735295,99068,236,98925,256,99133,232,98867,100,99250,232,98582,232,99309,200,98480,232,99324,100,98462,100,99375,100,98147,100,99416,100,98111,100,99645,100,98054,100,99870,100,98031,100,100014,100,,
2019-06-28 10:05:00.000000000,99068,200,98925,220,99133,200,98867,200,99250,200,98582,200,99309,300,98480,200,99324,100,98462,100,99375,100,98147,100,99416,100,98111,100,99645,100,98054,100,99870,100,98031,100,100014,100,,
2019-06-28 10:05:01.463547882,99068,100,98925,220,99133,200,98867,200,99250,200,98582,200,99309,300,98480,200,99324,100,98462,100,99375,100,98147,100,99645,100,98111,100,99870,100,98054,100,100014,100,98031,100,100064,100,,
2019-06-28 10:05:10.000000000,99133,501,98925,521,99250,100,98867,100,99309,200,98582,100,99324,100,98480,100,99375,100,98462,100,99645,100,98147,100,99870,100,98111,100,100014,100,98054,100,100064,100,98031,100,100118,100,,
2019-06-28 10:05:14.484788651,99133,401,98925,521,99250,100,98867,100,99309,200,98582,100,99324,100,98480,100,99375,100,98462,100,99645,100,98147,100,99870,100,98111,100,100014,100,98054,100,100064,100,98031,100,100118,100,,
2019-06-28 10:05:20.000000000,99250,236,98925,256,99309,332,98867,232,99324,232,98582,232,99375,100,98480,100,99645,100,98462,100,99870,100,98147,100,100014,100,98111,100,100064,100,98054,100,100118,100,98031,100,100159,100,,
2019-06-28 10:05:26.483410426,99250,236,99068,100,99309,332,98925,256,99324,232,98867,232,99375,100,98582,232,99645,100,98480,100,99870,100,98147,100,100014,100,98111,100,100064,100,98054,100,100118,100,98031,100,100159,100,,
2019-06-28 10:05:26.654654370,99250,136,99128,100,99309,332,99068,100,99324,232,98925,256,99375,100,98867,232,99645,100,98582,232,99870,100,98480,100,100014,100,98147,100,100064,100,98111,100,100118,100,98054,100,100159,100,98031,100
2019-06-28 10:05:30.000000000,99309,300,99128,200,99324,200,99068,200,99375,200,98925,220,99645,200,98867,200,99870,100,98582,100,100014,100,98480,100,100064,100,98147,100,100118,100,98111,100,100159,100,98054,100,100182,100,98031,100
2019-06-28 10:05:32.976232642,99309,300,99128,200,99324,200,99068,300,99375,200,98925,220,99645,100,98867,200,99870,100,98582,100,100014,100,98480,100,100064,100,98147,100,100118,100,98111,100,100159,100,98054,100,100182,100,98031,100
2019-06-28 10:05:32.983783570,99309,200,99128,200,99324,200,99068,300,99375,200,98925,220,99645,100,98867,200,99870,100,98582,100,100014,100,98480,100,100064,100,98147,100,100118,100,98111,100,100159,100,98054,100,100182,100,98031,100
2019-06-28 10:05:37.004358205,99309,200,99128,200,99324,200,99068,300,99375,200,99050,100,99645,100,98925,200,99870,100,98867,200,100014,100,98582,100,100064,100,98480,100,100118,100,98147,100,100159,100,98111,100,100182,100,98054,100
2019-06-28 10:05:40.000000000,99309,236,99128,236,99324,232,99068,332,99375,232,99050,232,99870,100,98925,100,100014,100,98867,100,100064,100,98582,100,100118,100,98480,100,100159,100,98147,100,100182,100,98111,100,,,98054,100
2019-06-28 10:05:46.500123600,99309,236,99128,236,99324,232,99068,332,99375,232,99050,232,99440,100,98925,100,99870,100,98867,100,100014,100,98582,100,100064,100,98480,100,100118,100,98111,100,100159,100,98054,100,100182,100,98031,100
2019-06-28 10:05:46.753725350,99309,236,99163,100,99324,132,99128,236,99375,232,99068,332,99440,100,99050,232,99870,100,98925,100,100014,100,98867,100,100064,100,98582,100,100118,100,98480,100,100159,100,98111,100,100182,100,98054,100
2019-06-28 10:05:50.000000000,99309,236,99163,236,99375,232,99128,232,99440,232,99068,332,99870,100,99050,100,100014,100,98925,100,100064,100,98867,100,100118,100,98582,100,100159,100,98480,100,100182,100,98111,100,,,98054,100
2019-06-28 10:06:00.000000000,99309,300,99163,300,99375,300,99128,300,99440,100,99068,200,99870,100,99050,100,100014,100,98925,100,100064,100,98867,100,100118,100,98582,100,100159,100,98480,100,100182,100,98111,100,,,98054,100
2019-06-28 10:06:10.000000000,99309,180,99163,180,99375,180,99128,180,99440,180,99068,280,99870,180,99050,180,100014,180,98925,180,100064,100,98867,100,100118,100,98582,100,100159,100,98480,100,100182,100,98111,100,,,98054,100
2019-06-28 10:06:13.140923555,99309,180,99163,180,99375,180,99128,180,99440,180,99068,280,99870,180,99050,180,100014,180,98927,100,100064,100,98925,180,100118,100,98867,100,100159,100,98582,100,100182,100,98480,100,,,98111,100
2019-06-28 10:06:20.000000000,99309,300,99163,300,99375,300,99128,300,99440,100,99068,200,99870,100,99050,100,100014,100,98927,100,100064,100,98925,100,100118,100,98867,100,100159,100,98582,100,100182,100,98480,100,,,98111,100
2019-06-28 10:06:22.362285797,99309,300,99163,300,99375,300,99128,300,99440,100,99068,100,99870,100,99050,100,100014,100,98927,100,100064,100,98925,100,100118,100,98867,100,100159,100,98582,100,100182,100,98480,100,,,98111,100
2019-06-28 10:06:30.000000000,99309,501,99163,501,99375,100,99128,100,99440,100,99068,100,99870,100,99050,100,100014,100,98927,100,100064,100,98925,100,100118,100,98867,100,100159,100,98582,100,100182,100,98480,100,,,98111,100
2019-06-28 10:06:39.154324774,99308,100,99163,501,99309,501,99128,100,99375,100,99068,100,99440,100,99050,100,99870,100,98927,100,100014,100,98925,100,100064,100,98867,100,100118,100,98582,100,100159,100,98480,100,100182,100,98111,100
2019-06-28 10:06:40.000000000,99308,501,99163,501,99309,100,99128,100,99375,100,99068,100,99440,100,99050,100,99870,100,98927,100,100014,100,98925,100,100064,100,98867,100,100118,100,98582,100,100159,100,98480,100,100182,100,98111,100
2019-06-28 10:06:46.720276958,99308,501,99163,401,99309,100,99128,100,99375,100,99068,100,99440,100,99050,100,99870,100,98927,100,100014,100,98925,100,100064,100,98867,100,100118,100,98582,100,100159,100,98480,100,100182,100,98111,100
2019-06-28 10:06:50.000000000,99308,300,99128,300,99309,300,99068,300,99375,100,99050,100,99440,100,98927,100,99870,100,98925,100,100014,100,98867,100,100064,100,98582,100,100118,100,98480,100,100159,100,98111,100,100182,100,98054,100
2019-06-28 10:07:00.000000000,99308,180,99128,180,99309,180,99068,180,99375,180,99050,180,99440,180,98927,180,99870,180,98925,180,100014,100,98867,100,100064,100,98582,100,100118,100,98480,100,100159,100,98111,100,100182,100,98054,100
2019-06-28 10:07:02.689317179,99276,100,99128,180,99308,180,99068,180,99309,180,99050,180,99375,180,98927,180,99440,180,98925,180,99870,180,98867,100,100014,100,98582,100,100064,100,98480,100,100118,100,98111,100,100159,100,98054,100
2019-06-28 10:07:07.821730110,99276,100,99128,180,99308,180,99068,180,99309,180,99050,180,99375,180,99010,100,99440,180,98927,180,99870,180,98925,180,100014,100,98867,100,100064,100,98582,100,100118,100,98480,100,100159,100,98111,100
2019-06-28 10:07:10.000000000,99276,300,99128,300,99308,300,99068,300,99309,100,99050,100,99375,100,99010,100,99440,100,98927,100,99870,100,98925,100,100014,100,98867,100,100064,100,98582,100,100118,100,98480,100,100159,100,98111,100
2019-06-28 10:07:20.000000000,99276,180,99128,180,99308,180,99068,180,99309,180,99050,180,99375,180,99010,180,99440,180,98927,180,99870,100,98925,100,100014,100,98867,100,100064,100,98582,100,100118,100,98480,100,100159,100,98111,100
2019-06-28 10:07:30.000000000,99276,200,99128,200,99308,200,99068,200,99309,200,99050,200,99375,200,99010,200,99440,100,98927,100,99870,100,98925,100,100014,100,98867,100,100064,100,98582,100,100118,100,98480,100,100159,100,98111,100
2019-06-28 10:07:32.367971497,99276,200,99128,100,99308,200,99068,200,99309,200,99050,200,99375,200,99010,200,99440,100,98927,100,99870,100,98925,100,100014,100,98867,100,100064,100,98582,100,100118,100,98480,100,100159,100,98111,100
2019-06-28 10:07:40.000000000,99276,300,99068,300,99308,300,99050,300,99309,100,99010,100,99375,100,98927,100,99440,100,98925,100,99870,100,98867,100,100014,100,98582,100,100064,100,98480,100,100118,100,98111,100,100159,100,98054,100
2019-06-28 10:07:47.077919143,99276,300,99068,200,99308,300,99050,300,99309,100,99010,100,99375,100,98927,100,99440,100,98925,100,99870,100,98867,100,100014,100,98582,100,100064,100,98480,100,100118,100,98111,100,100159,100,98054,100
2019-06-28 10:07:49.741478654,99276,300,99129,100,99308,300,99068,200,99309,100,99050,300,99375,100,99010,100,99440,100,98927,100,99870,100,98925,100,100014,100,98867,100,100064,100,98582,100,100118,100,98480,100,100159,100,98111,100
2019-06-28 10:07:50.000000000,99276,200,99129,200,99308,200,99050,200,99309,200,99010,200,99375,200,98927,200,99440,100,98925,100,99870,100,98867,100,100014,100,98582,100,100064,100,98480,100,100118,100,98111,100,100159,100,98054,100
2019-06-28 10:08:00.000000000,99276,236,99129,236,99308,232,99050,232,99309,232,99010,232,99375,100,98927,100,99440,100,98925,100,99870,100,98867,100,100014,100,98582,100,100064,100,98480,100,100118,100,98111,100,100159,100,98054,100
2019-06-28 10:08:10.000000000,99276,300,99129,300,99308,300,99050,300,99309,100,99010,100,99375,100,98927,100,99440,100,98925,100,99870,100,98867,100,100014,100,98582,100,100064,100,98480,100,100118,100,98111,100,100159,100,98054,100
2019-06-28 10:08:20.000000000,99276,300,99129,300,99308,300,99050,300,99309,100,99010,100,99375,100,98927,100,99440,100,98925,100,99870,100,98867,100,100014,100,98582,100,100064,100,98480,100,100118,100,98111,100,100159,100,98054,100
2019-06-28 10:08:26.698950021,99276,300,99129,300,99308,300,99050,300,99309,100,99010,100,99375,100,98981,100,99440,100,98927,100,99870,100,98925,100,100014,100,98867,100,100064,100,98582,100,100118,100,98480,100,100159,100,98111,100
2019-06-28 10:08:30.000000000,99276,200,99129,200,99308,200,99050,200,99309,200,99010,200,99375,200,98981,200,99440,100,98927,100,99870,100,98925,100,100014,100,98867,100,100064,100,98582,100,100118,100,98480,100,100159,100,98111,100
2019-06-28 10:08:39.154619659,99276,200,99129,200,99308,200,99050,200,99309,200,99010,200,99375,200,98981,200,99440,100,98925,100,99870,100,98867,100,100014,100,98672,100,100064,100,98582,100,100118,100,98480,100,100159,100,98111,100
2019-06-28 10:08:40.000000000,99276,501,99129,501,99308,100,99050,100,99309,100,99010,100,99375,100,98981,100,99440,100,98925,100,99870,100,98867,100,100014,100,98672,100,100064,100,98582,100,100118,100,98480,100,100159,100,98111,100
2019-06-28 10:08:50.000000000,99276,236,99129,236,99308,232,99050,232,99309,232,99010,232,99375,100,98981,100,99440,100,98925,100,99870,100,98867,100,100014,100,98672,100,100064,100,98582,100,100118,100,98480,100,100159,100,98111,100
2019-06-28 10:09:00.000000000,99276,236,99129,236,99308,232,99050,232,99309,232,99010,232,99375,100,98981,100,99440,100,98925,100,99870,100,98867,100,100014,100,98672,100,100064,100,98582,100,100118,100,98480,100,100159,100,98111,100
2019-06-28 10:09:10.000000000,99276,501,99129,501,99308,100,99050,100,99309,100,99010,100,99375,100,98981,100,99440,100,98925,100,99870,100,98867,100,100014,100,98672,100,100064,100,98582,100,100118,100,98480,100,100159,100,98111,100
2019-06-28 10:09:19.878272814,99276,501,99129,401,99308,100,99050,100,99309,100,99010,100,99375,100,98981,100,99440,100,98925,100,99870,100,98867,100,100014,100,98672,100,100064,100,98582,100,100118,100,98111,100,100159,100,98054,100
2019-06-28 10:09:20.000000000,99276,501,99050,501,99308,100,99010,100,99309,100,98981,100,99375,100,98925,100,99440,100,98867,100,99870,100,98672,100,100014,100,98582,100,100064,100,98111,100,100118,100,98054,100,100159,100,98031,100
2019-06-28 10:09:30.000000000,99276,501,99050,501,99308,100,99010,100,99309,100,98981,100,99375,100,98925,100,99440,100,98867,100,99870,100,98672,100,100014,100,98582,100,100064,100,98111,100,100118,100,98054,100,100159,100,98031,100
2019-06-28 10:09:40.000000000,99276,501,99050,501,99308,100,99010,100,99309,100,98981,100,99375,100,98925,100,99440,100,98867,100,99870,100,98672,100,100014,100,98582,100,100064,100,98111,100,100118,100,98054,100,100159,100,98031,100
2019-06-28 10:09:50.000000000,99276,236,99050,236,99308,232,99010,232,99309,232,98981,232,99375,100,98925,100,99440,100,98867,100,99870,100,98672,100,100014,100,98582,100,100064,100,98111,100,100118,100,98054,100,100159,100,98031,100
2019-06-28 10:10:00.000000000,99276,501,99050,501,99308,100,99010,100,99309,100,98981,100,99375,100,98925,100,99440,100,98867,100,99870,100,98672,100,100014,100,98582,100,100064,100,98111,100,100118,100,98054,100,100159,100,98031,100
2019-06-28 10:10:10.000000000,99276,200,99050,200,99308,200,99010,200,99309,200,98981,200,99375,200,98925,200,99440,100,98867,100,99870,100,98672,100,100014,100,98582,100,100064,100,98111,100,100118,100,98054,100,100159,100,98031,100
2019-06-28 10:10:20.000000000,99276,180,99050,180,99308,180,99010,180,99309,180,98981,180,99375,180,98925,180,99440,180,98867,180,99870,100,98672,100,100014,100,98582,100,100064,100,98111,100,100118,100,98054,100,100159,100,98031,100
2019-06-28 10:10:22.769393114,99276,180,99050,180,99308,80,99010,180,99309,180,98981,180,99375,180,98925,180,99440,180,98867,180,99870,100,98672,100,100014,100,98582,100,100064,100,98111,100,100118,100,98054,100,100159,100,98031,100
2019-06-28 10:10:25.075236700,99276,180,99050,180,99308,80,99010,180,99309,180,98981,180,99375,180,98925,180,99440,180,98867,180,99870,100,98672,100,100014,100,98582,100,100064,100,98199,100,100118,100,98111,100,100159,100,98054,100
2019-06-28 10:10:29.022141143,99276,180,99050,80,99308,80,99010,180,99309,180,98981,180,99375,180,98925,180,99440,80,98867,180,99870,100,98672,100,100014,100,98582,100,100064,100,98199,100,100118,100,98111,100,100159,100,98054,100
2019-06-28 10:10:30.000000000,99276,236,99010,236,99309,232,98981,232,99375,232,98925,232,99870,100,98867,100,100014,100,98672,100,100064,100,98582,100,100118,100,98199,100,100159,100,98111,100,,,98054,100,,,98031,100
2019-06-28 10:10:40.000000000,99276,300,99010,300,99309,300,98981,300,99375,100,98925,100,99870,100,98867,100,100014,100,98672,100,100064,100,98582,100,100118,100,98199,100,100159,100,98111,100,,,98054,100,,,98031,100
2019-06-28 10:10:40.698359217,99276,200,99010,300,99309,300,98981,300,99375,100,98925,100,99870,100,98867,100,100014,100,98672,100,100064,100,98582,100,100118,100,98289,100,100159,100,98199,100,,,98111,100,,,98054,100
2019-06-28 10:10:50.000000000,99309,501,99010,501,99375,100,98981,100,99870,100,98925,100,100014,100,98867,100,100064,100,98672,100,100118,100,98582,100,100159,100,98289,100,,,98199,100,,,98111,100,,,98054,100
2019-06-28 10:10:52.492048845,99309,501,99010,501,99375,100,98981,100,99870,100,98925,100,100014,100,98867,100,100064,100,98672,100,100118,100,98582,100,100159,100,98452,100,,,98289,100,,,98199,100,,,98111,100
2019-06-28 10:10:57.800291808,99129,100,99010,501,99309,401,98981,100,99375,100,98925,100,99870,100,98867,100,100014,100,98672,100,100064,100,98582,100,100118,100,98452,100,100159,100,98289,100,,,98199,100,,,98111,100
2019-06-28 10:11:00.000000000,99129,236,99010,236,99375,232,98981,232,99870,232,98925,232,100014,100,98867,100,100064,100,98672,100,100118,100,98582,100,100159,100,98452,100,,,98289,100,,,98199,100,,,98111,100
2019-06-28 10:11:10.000000000,99129,501,99010,501,99375,100,98981,100,99870,100,98925,100,100014,100,98867,100,100064,100,98672,100,100118,100,98582,100,100159,100,98452,100,,,98289,100,,,98199,100,,,98111,100
