,ask_price_1,ask_size_1,bid_price_1,bid_size_1,ask_price_2,ask_size_2,bid_price_2,bid_size_2,ask_price_3,ask_size_3,bid_price_3,bid_size_3,ask_price_4,ask_size_4,bid_price_4,bid_size_4,ask_price_5,ask_size_5,bid_price_5,bid_size_5,ask_price_6,ask_size_6,bid_price_6,bid_size_6,ask_price_7,ask_size_7,bid_price_7,bid_size_7,ask_price_8,ask_size_8,bid_price_8,bid_size_8,ask_price_9,ask_size_9,bid_price_9,bid_size_9,ask_price_10,ask_size_10,bid_price_10,bid_size_10
2019-06-28 09:30:00.000000001,100023,100,,,,,,,,,,,,,,,,,,,,,,,,,,,,,,,,,,,,,,
2019-06-28 09:30:00.000000002,100023,100,,,100096,100,,,100131,100,,,,,,,,,,,,,,,,,,,,,,,,,,,,,,
2019-06-28 09:30:00.000000005,100023,100,99996,100,100096,100,,,100131,100,,,,,,,,,,,,,,,,,,,,,,,,,,,,,,
2019-06-28 09:30:00.000000006,100023,100,99996,100,100096,100,99940,100,100131,100,,,,,,,,,,,,,,,,,,,,,,,,,,,,,,
2019-06-28 09:30:00.000000009,100023,100,99996,100,100034,100,99940,100,100096,100,99821,100,100131,100,,,,,,,,,,,,,,,,,,,,,,,,,,
2019-06-28 09:30:00.000000011,100009,100,99996,100,100023,100,99945,100,100034,100,99940,100,100096,100,99821,100,100131,100,,,,,,,,,,,,,,,,,,,,,,
2019-06-28 09:30:00.000000014,100009,100,99996,100,100023,100,99945,100,100034,100,99940,100,100096,100,99902,100,100131,100,99821,100,,,,,,,,,,,,,,,,,,,,
2019-06-28 09:30:00.000000015,100009,100,99996,100,100023,100,99945,100,100034,100,99940,100,100065,100,99902,100,100096,100,99821,100,100131,100,,,,,,,,,,,,,,,,,,
2019-06-28 09:30:00.000000017,99997,100,99996,100,100009,100,99945,100,100023,100,99940,100,100034,100,99902,100,100065,100,99821,100,100096,100,,,100131,100,,,,,,,,,,,,,,
2019-06-28 09:30:00.000000024,99997,100,99945,100,100009,100,99940,100,100023,100,99936,100,100034,100,99902,100,100047,100,99821,100,100065,100,,,100096,100,,,100131,100,,,,,,,,,,
2019-06-28 09:30:00.000000025,99997,100,99945,100,100009,100,99940,100,100023,100,99936,100,100034,100,99902,100,100047,100,99878,100,100065,100,99821,100,100096,100,,,100131,100,,,,,,,,,,
2019-06-28 09:30:00.000000027,99997,100,99945,100,100009,100,99940,100,100023,100,99936,100,100034,100,99902,100,100047,100,99878,100,100065,100,99875,100,100096,100,99821,100,100131,100,,,,,,,,,,
2019-06-28 09:30:00.000000028,99997,100,99945,100,100009,100,99940,100,100023,100,99936,100,100034,100,99902,100,100047,100,99878,100,100065,100,99876,100,100096,100,99875,100,100131,100,99821,100,,,,,,,,
2019-06-28 09:30:00.000000029,99997,100,99945,100,100009,100,99940,100,100023,100,99936,100,100028,100,99902,100,100034,100,99878,100,100047,100,99876,100,100065,100,99875,100,100096,100,99821,100,100131,100,,,,,,
2019-06-28 09:30:00.000000031,99997,100,99965,100,100009,100,99945,100,100023,100,99940,100,100028,100,99936,100,100034,100,99902,100,100047,100,99878,100,100065,100,99876,100,100096,100,99875,100,100131,100,99821,100,,,,
2019-06-28 09:30:00.000000032,99997,100,99965,100,100009,100,99945,100,100023,100,99940,100,100028,100,99936,100,100034,100,99902,100,100047,100,99878,100,100065,100,99876,100,100096,100,99875,100,100131,100,99821,100,100134,100,,
2019-06-28 09:30:00.000000033,99997,100,99965,100,100009,100,99945,100,100023,100,99940,100,100028,100,99936,100,100034,100,99902,100,100047,100,99878,100,100065,100,99876,100,100096,100,99875,100,100117,100,99821,100,100131,100,,
2019-06-28 09:30:00.000000034,99997,100,99965,100,100009,100,99945,100,100023,100,99940,100,100028,100,99936,100,100034,100,99902,100,100047,100,99884,100,100065,100,99878,100,100096,100,99876,100,100117,100,99875,100,100131,100,99821,100
2019-06-28 09:30:00.000000035,99997,100,99994,100,100009,100,99965,100,100023,100,99945,100,100028,100,99940,100,100034,100,99936,100,100047,100,99910,100,100065,100,99902,100,100096,100,99884,100,100117,100,99878,100,100131,100,99876,100
2019-06-28 09:30:00.000000036,99997,100,99994,100,100009,100,99965,100,100023,100,99950,100,100028,100,99945,100,100034,100,99940,100,100047,100,99936,100,100065,100,99910,100,100096,100,99902,100,100117,100,99884,100,100131,100,99878,100
2019-06-28 09:30:00.000000040,99997,100,99994,100,100009,100,99965,100,100023,100,99950,100,100028,100,99945,100,100029,100,99940,100,100034,100,99936,100,100047,100,99910,100,100065,100,99902,100,100096,100,99895,100,100117,100,99884,100
2019-06-28 09:30:00.000000043,99997,100,99994,100,100009,100,99965,100,100023,100,99950,100,100028,100,99945,100,100029,100,99940,100,100034,100,99936,100,100047,100,99910,100,100065,100,99902,200,100096,100,99895,100,100117,100,99884,100
2019-06-28 09:30:00.000000044,99997,100,99994,100,100009,100,99978,100,100023,100,99965,100,100028,100,99961,100,100029,100,99950,100,100034,100,99945,100,100047,100,99940,100,100065,100,99936,100,100096,100,99910,100,100117,100,99902,200
2019-06-28 09:30:00.000000045,99997,100,99978,100,100009,100,99965,100,100023,100,99961,100,100028,100,99959,100,100029,100,99950,100,100034,100,99945,100,100047,100,99940,100,100065,100,99936,100,100096,100,99910,100,100117,100,99902,200
2019-06-28 09:30:00.000000046,99993,100,99978,100,99997,100,99965,100,100009,100,99961,100,100023,100,99959,100,100028,100,99950,100,100029,100,99945,100,100034,100,99940,100,100047,100,99936,100,100065,100,99910,100,100096,100,99902,200
2019-06-28 09:30:00.000000050,99993,100,99978,100,99997,100,99965,100,100009,100,99961,100,100023,100,99959,100,100028,100,99950,100,100029,100,99945,100,100034,100,99940,100,100047,100,99936,100,100065,100,99910,100,100096,100,99902,200
2019-06-28 09:30:00.000000053,99993,100,99978,100,99997,100,99965,100,100009,100,99961,100,100023,100,99959,100,100028,100,99950,100,100029,100,99945,100,100034,100,99940,100,100047,100,99936,100,100065,100,99910,100,100096,100,99902,200
2019-06-28 09:30:00.000000054,99993,100,99978,100,99996,100,99965,100,99997,100,99961,100,100009,100,99959,100,100023,100,99950,100,100028,100,99945,100,100029,100,99940,100,100034,100,99936,100,100047,100,99910,100,100065,100,99902,200
2019-06-28 09:30:00.000000055,99984,100,99978,100,99993,100,99965,100,99996,100,99961,100,99997,100,99959,100,100009,100,99950,100,100023,100,99945,100,100028,100,99940,100,100029,100,99936,100,100034,100,99910,100,100047,100,99902,200
2019-06-28 09:30:00.000000056,99984,100,99978,100,99993,100,99965,100,99996,100,99961,100,99997,100,99959,100,100009,100,99950,100,100023,100,99945,100,100028,100,99940,100,100029,100,99936,100,100034,100,99910,100,100047,100,99902,200
2019-06-28 09:30:00.000000060,99993,100,99978,100,99996,100,99965,100,99997,100,99961,100,100009,100,99959,100,100023,100,99950,100,100028,100,99945,100,100029,100,99940,100,100034,100,99936,100,100047,100,99910,100,100065,100,99902,200
2019-06-28 09:30:00.000000061,99979,100,99978,100,99993,100,99965,100,99996,100,99961,100,99997,100,99959,100,99998,100,99950,100,100009,100,99945,100,100023,100,99940,100,100028,100,99936,100,100029,100,99910,100,100034,100,99902,200
2019-06-28 09:30:00.000000062,99979,100,99978,100,99993,100,99965,100,99996,100,99964,100,99997,100,99961,100,99998,100,99959,100,100009,100,99950,100,100023,100,99945,100,100028,100,99940,100,100029,100,99936,100,100034,100,99910,100
2019-06-28 09:30:00.000000063,99979,100,99978,100,99993,100,99965,100,99996,100,99964,100,99997,100,99961,100,99998,100,99959,100,100009,100,99950,100,100023,100,99945,100,100028,100,99940,100,100029,100,99936,100,100034,100,99910,100
2019-06-28 09:30:00.000000066,99979,100,99978,100,99993,100,99965,100,99996,100,99964,100,99997,100,99961,100,99998,100,99959,100,100009,100,99950,100,100023,100,99945,100,100028,100,99940,100,100029,100,99936,100,100034,100,99910,100
2019-06-28 09:30:00.000000070,99993,100,99978,100,99996,100,99965,100,99997,100,99964,100,99998,100,99961,100,100009,100,99959,100,100023,100,99950,100,100028,100,99945,100,100029,100,99940,100,100034,100,99936,100,100047,200,99910,100
2019-06-28 09:30:00.000000071,99993,100,99990,100,99996,100,99978,100,99997,100,99965,100,99998,100,99964,100,100009,100,99961,100,100023,100,99959,100,100028,100,99950,100,100029,100,99945,100,100034,100,99940,100,100047,200,99936,100
2019-06-28 09:30:00.000000074,99993,100,99990,100,99996,100,99978,100,99997,100,99965,100,99998,100,99964,100,100009,100,99961,100,100023,100,99959,100,100028,100,99950,100,100029,100,99945,100,100034,100,99940,100,100047,200,99936,100
2019-06-28 09:30:00.000000075,99993,100,99990,100,99996,100,99978,100,99997,100,99965,100,99998,100,99964,100,100009,100,99961,100,100023,100,99959,100,100028,100,99950,100,100029,100,99945,100,100034,100,99940,100,100047,200,99936,100
2019-06-28 09:30:00.000000076,99993,100,99990,100,99996,100,99979,100,99997,100,99978,100,99998,100,99965,100,100009,100,99964,100,100023,100,99961,100,100028,100,99959,100,100029,100,99950,100,100034,100,99945,100,100047,200,99940,100
2019-06-28 09:30:00.000000077,99993,100,99990,100,99996,100,99979,100,99997,100,99978,100,99998,100,99965,100,100009,100,99964,100,100023,100,99961,100,100028,100,99960,100,100029,100,99959,100,100034,100,99950,100,100047,200,99945,100
2019-06-28 09:30:00.000000078,99993,100,99990,100,99996,100,99979,200,99997,100,99978,100,99998,100,99965,100,100009,100,99964,100,100023,100,99961,100,100028,100,99960,100,100029,100,99959,100,100034,100,99950,100,100047,200,99945,100
2019-06-28 09:30:00.000000081,99996,100,99991,100,99997,100,99990,100,99998,100,99979,200,100009,100,99978,100,100023,100,99965,100,100028,100,99964,100,100029,100,99961,100,100034,100,99960,100,100047,200,99959,100,100065,100,99950,100
2019-06-28 09:30:00.000000083,99996,100,99991,100,99997,100,99990,100,99998,100,99979,200,100009,100,99978,100,100023,100,99965,100,100028,100,99964,100,100029,100,99961,100,100034,100,99960,100,100047,200,99959,100,100065,100,99950,100
2019-06-28 09:30:00.000000089,99996,100,99991,100,99997,100,99990,100,99998,100,99979,200,100009,100,99978,100,100023,100,99965,100,100028,100,99964,100,100029,100,99961,100,100034,100,99960,100,100047,200,99959,100,100065,100,99950,100
2019-06-28 09:30:00.000000090,99996,100,99991,100,99997,100,99990,100,99998,100,99980,100,100009,100,99979,200,100010,100,99978,100,100023,100,99965,100,100028,100,99964,100,100029,100,99961,100,100034,100,99960,100,100047,200,99959,100
2019-06-28 09:30:00.000000092,99996,100,99990,100,99997,100,99980,100,99998,100,99979,200,100009,100,99978,100,100010,100,99965,100,100023,100,99964,100,100028,100,99961,100,100029,100,99960,100,100034,100,99959,100,100047,200,99950,100
2019-06-28 09:30:00.000000093,99996,100,99991,100,99997,100,99990,100,99998,100,99980,100,100009,100,99979,200,100010,100,99978,100,100023,100,99965,100,100028,100,99964,100,100029,100,99961,100,100034,100,99960,100,100047,200,99959,100
2019-06-28 09:30:00.000000094,99996,100,99991,100,99997,100,99990,100,99998,100,99980,100,100009,100,99979,200,100010,100,99978,100,100023,100,99971,100,100028,100,99965,100,100029,100,99964,100,100034,100,99961,100,100047,200,99960,100
2019-06-28 09:30:00.000000095,99996,100,99991,200,99997,100,99990,100,99998,100,99980,100,100009,100,99979,200,100010,100,99978,100,100023,100,99971,100,100028,100,99965,100,100029,100,99964,100,100034,100,99961,100,100047,200,99960,100
2019-06-28 09:30:00.000000097,99996,100,99991,200,99997,100,99990,100,99998,100,99980,100,100009,100,99979,200,100010,100,99978,100,100023,100,99971,100,100028,100,99965,100,100029,100,99964,100,100034,100,99961,100,100047,200,99960,100
2019-06-28 09:30:00.000000098,99996,100,99991,300,99997,100,99990,100,99998,100,99980,100,100009,100,99979,200,100010,100,99978,100,100023,100,99971,100,100028,100,99965,100,100029,100,99964,100,100034,100,99961,100,100047,200,99960,100
2019-06-28 09:30:10.000000000,99996,180,99991,380,99997,180,99990,180,99998,180,99980,180,100009,180,99979,280,100010,180,99978,180,100023,100,99971,100,100028,100,99965,100,100029,100,99964,100,100034,100,99961,100,100047,200,99960,100
2019-06-28 09:30:20.000000000,99996,200,99991,400,99997,200,99990,200,99998,200,99980,200,100009,200,99979,300,100010,100,99978,100,100023,100,99971,100,100028,100,99965,100,100029,100,99964,100,100034,100,99961,100,100047,200,99960,100
2019-06-28 09:30:30.000000000,99996,236,99991,436,99997,232,99990,232,99998,232,99980,232,100009,100,99979,200,100010,100,99978,100,100023,100,99971,100,100028,100,99965,100,100029,100,99964,100,100034,100,99961,100,100047,200,99960,100
2019-06-28 09:30:40.000000000,99996,180,99991,380,99997,180,99990,180,99998,180,99980,180,100009,180,99979,280,100010,180,99978,180,100023,100,99971,100,100028,100,99965,100,100029,100,99964,100,100034,100,99961,100,100047,200,99960,100
2019-06-28 09:30:42.083032915,99996,180,99991,380,99997,180,99990,180,99998,180,99980,180,100009,180,99979,280,100010,180,99978,180,100023,100,99971,100,100028,100,99965,100,100029,100,99964,100,100034,100,99961,100,100047,200,99960,100
2019-06-28 09:30:44.902778505,99996,180,99991,280,99997,180,99990,180,99998,180,99980,180,100009,180,99979,280,100010,180,99978,180,100023,100,99971,100,100028,100,99965,100,100029,100,99964,100,100034,100,99961,100,100047,200,99960,100
2019-06-28 09:30:50.000000000,99996,500,99991,600,99997,100,99990,100,99998,100,99980,100,100009,100,99979,200,100010,100,99978,100,100023,100,99971,100,100028,100,99965,100,100029,100,99964,100,100034,100,99961,100,100047,200,99960,100
2019-06-28 09:30:56.664707079,99996,500,99991,500,99997,100,99990,100,99998,100,99980,100,100009,100,99979,200,100010,100,99978,100,100023,100,99971,100,100028,100,99965,100,100029,100,99964,100,100034,100,99961,100,100047,200,99960,100
2019-06-28 09:31:00.000000000,99996,180,99991,180,99997,180,99990,180,99998,180,99980,180,100009,180,99979,280,100010,180,99978,180,100023,100,99971,100,100028,100,99965,100,100029,100,99964,100,100034,100,99961,100,100047,200,99960,100
2019-06-28 09:31:07.297438296,99996,180,99991,180,99997,180,99990,180,99998,180,99980,180,100009,180,99979,280,100010,180,99978,180,100023,100,99971,100,100028,100,99965,100,100029,100,99964,100,100034,100,99961,100,100047,200,99960,100
2019-06-28 09:31:10.000000000,99996,300,99991,300,99997,300,99990,300,99998,100,99980,100,100009,100,99979,200,100010,100,99978,100,100023,100,99971,100,100028,100,99965,100,100029,100,99964,100,100034,100,99961,100,100047,200,99960,100
2019-06-28 09:31:17.915337270,99996,300,99991,200,99997,300,99990,300,99998,100,99980,100,100009,100,99979,200,100010,100,99978,100,100023,100,99971,100,100028,100,99965,100,100029,100,99964,100,100034,100,99961,100,100047,200,99960,100
2019-06-28 09:31:20.000000000,99996,180,99990,180,99997,180,99980,180,99998,180,99979,280,100009,180,99978,180,100010,180,99971,180,100023,100,99965,100,100028,100,99964,100,100029,100,99961,100,100034,100,99960,100,100047,200,99959,100
2019-06-28 09:31:20.703552280,99996,180,99990,80,99997,180,99980,180,99998,180,99979,280,100009,180,99978,180,100010,180,99971,180,100023,100,99965,100,100028,100,99961,100,100029,100,99960,100,100034,100,99959,100,100047,200,99950,100
2019-06-28 09:31:30.000000000,99996,500,99980,500,99997,100,99979,200,99998,100,99978,100,100009,100,99971,100,100010,100,99965,100,100023,100,99961,100,100028,100,99960,100,100029,100,99959,100,100034,100,99950,100,100047,200,99945,100
2019-06-28 09:31:40.000000000,99996,180,99980,180,99997,180,99979,280,99998,180,99978,180,100009,180,99971,180,100010,180,99965,180,100023,100,99961,100,100028,100,99960,100,100029,100,99959,100,100034,100,99950,100,100047,200,99945,100
2019-06-28 09:31:49.138704252,99991,100,99980,180,99996,180,99979,280,99997,180,99978,180,99998,180,99971,180,100009,180,99965,180,100010,180,99961,100,100023,100,99960,100,100028,100,99959,100,100029,100,99950,100,100034,100,99945,100
2019-06-28 09:31:50.000000000,99991,500,99980,500,99996,100,99979,200,99997,100,99978,100,99998,100,99971,100,100009,100,99965,100,100010,100,99961,100,100023,100,99960,100,100028,100,99959,100,100029,100,99950,100,100034,100,99945,100
2019-06-28 09:31:59.331686467,99991,500,99980,500,99996,100,99979,200,99997,100,99978,100,99998,100,99971,100,100009,100,99965,100,100010,100,99961,100,100023,100,99960,100,100028,100,99959,100,100029,100,99950,100,100034,100,99945,100
2019-06-28 09:31:59.954366226,99991,500,99980,500,99996,100,99979,200,99997,100,99978,100,99998,100,99971,100,100009,100,99965,100,100010,100,99961,100,100023,100,99960,100,100028,100,99959,100,100029,100,99950,100,100034,100,99945,100
2019-06-28 09:32:00.000000000,99991,236,99980,236,99996,232,99979,332,99997,232,99978,232,99998,100,99971,100,100009,100,99965,100,100010,100,99961,100,100023,100,99960,100,100028,100,99959,100,100029,100,99950,100,100034,100,99945,100
2019-06-28 09:32:04.619510927,99991,236,99980,136,99996,232,99979,332,99997,232,99978,232,99998,100,99971,100,100009,100,99965,100,100010,100,99961,100,100023,100,99960,100,100028,100,99959,100,100029,100,99950,100,100034,100,99945,100
2019-06-28 09:32:08.011902622,99991,236,99980,36,99996,232,99979,332,99997,232,99978,132,99998,100,99971,100,100009,100,99965,100,100010,100,99961,100,100023,100,99960,100,100028,100,99959,100,100029,100,99950,100,100034,100,99945,100
2019-06-28 09:32:08.965618417,99991,236,99980,36,99996,232,99979,332,99997,232,99978,132,99998,100,99971,100,100009,100,99965,100,100010,100,99961,100,100023,100,99960,100,100028,100,99959,100,100029,100,99950,100,100034,100,99945,100
2019-06-28 09:32:10.000000000,99991,200,99979,300,99996,200,99971,200,99997,200,99965,200,99998,200,99961,200,100009,100,99960,100,100010,100,99959,100,100023,100,99950,100,100028,100,99945,100,100029,100,99940,100,100034,100,99936,100
2019-06-28 09:32:20.000000000,99991,500,99979,600,99996,100,99971,100,99997,100,99965,100,99998,100,99961,100,100009,100,99960,100,100010,100,99959,100,100023,100,99950,100,100028,100,99945,100,100029,100,99940,100,100034,100,99936,100
2019-06-28 09:32:26.515432258,99991,500,99979,600,99996,100,99971,100,99998,100,99965,100,100009,100,99961,100,100010,100,99960,100,100023,100,99959,100,100028,100,99950,100,100029,100,99945,100,100034,100,99940,100,100047,200,99936,100
2019-06-28 09:32:30.000000000,99991,200,99979,300,99996,200,99971,200,99998,200,99965,200,100009,200,99961,200,100010,100,99960,100,100023,100,99959,100,100028,100,99950,100,100029,100,99945,100,100034,100,99940,100,100047,200,99936,100
2019-06-28 09:32:40.000000000,99991,300,99979,400,99996,300,99971,300,99998,100,99965,100,100009,100,99961,100,100010,100,99960,100,100023,100,99959,100,100028,100,99950,100,100029,100,99945,100,100034,100,99940,100,100047,200,99936,100
2019-06-28 09:32:50.000000000,99991,200,99979,300,99996,200,99971,200,99998,200,99965,200,100009,200,99961,200,100010,100,99960,100,100023,100,99959,100,100028,100,99950,100,100029,100,99945,100,100034,100,99940,100,100047,200,99936,100
2019-06-28 09:33:00.000000000,99991,236,99979,336,99996,232,99971,232,99998,232,99965,232,100009,100,99961,100,100010,100,99960,100,100023,100,99959,100,100028,100,99950,100,100029,100,99945,100,100034,100,99940,100,100047,200,99936,100
2019-06-28 09:33:00.937433295,99991,236,99979,236,99996,232,99971,232,99998,232,99965,232,100009,100,99961,100,100010,100,99960,100,100023,100,99959,100,100028,100,99950,100,100029,100,99945,100,100034,100,99940,100,100047,200,99936,100
2019-06-28 09:33:10.000000000,99991,200,99979,200,99996,200,99971,200,99998,200,99965,200,100009,200,99961,200,100010,100,99960,100,100023,100,99959,100,100028,100,99950,100,100029,100,99945,100,100034,100,99940,100,100047,200,99936,100
2019-06-28 09:33:20.000000000,99991,500,99979,500,99996,100,99971,100,99998,100,99965,100,100009,100,99961,100,100010,100,99960,100,100023,100,99959,100,100028,100,99950,100,100029,100,99945,100,100034,100,99940,100,100047,200,99936,100
2019-06-28 09:33:30.000000000,99991,300,99979,300,99996,300,99971,300,99998,100,99965,100,100009,100,99961,100,100010,100,99960,100,100023,100,99959,100,100028,100,99950,100,100029,100,99945,100,100034,100,99940,100,100047,200,99936,100
2019-06-28 09:33:30.036248917,99991,300,99979,300,99996,300,99971,300,99998,100,99961,100,100009,100,99960,100,100010,100,99959,100,100023,100,99950,100,100028,100,99945,100,100029,100,99940,100,100034,100,99936,100,100047,200,99914,100
2019-06-28 09:33:40.000000000,99991,236,99979,236,99996,232,99971,232,99998,232,99961,232,100009,100,99960,100,100010,100,99959,100,100023,100,99950,100,100028,100,99945,100,100029,100,99940,100,100034,100,99936,100,100047,200,99914,100
2019-06-28 09:33:48.570587016,99991,236,99979,136,99996,232,99971,232,99998,232,99961,232,100009,100,99960,100,100010,100,99959,100,100023,100,99950,100,100028,100,99945,100,100034,100,99940,100,100047,200,99936,100,100069,100,99914,100
2019-06-28 09:33:50.000000000,99991,500,99971,500,99996,100,99961,100,99998,100,99960,100,100009,100,99959,100,100010,100,99950,100,100023,100,99945,100,100028,100,99940,100,100034,100,99936,100,100047,200,99914,100,100069,100,99910,100
2019-06-28 09:33:54.330927320,99991,500,99971,500,99996,100,99961,100,99998,100,99960,100,100009,100,99959,100,100010,100,99950,100,100023,100,99945,100,100028,100,99940,100,100034,100,99936,100,100047,200,99914,100,100069,100,99910,100
2019-06-28 09:34:00.000000000,99991,236,99971,236,99996,232,99961,232,99998,232,99960,232,100009,100,99959,100,100010,100,99950,100,100023,100,99945,100,100028,100,99940,100,100034,100,99936,100,100047,200,99914,100,100069,100,99910,100
2019-06-28 09:34:10.000000000,99991,300,99971,300,99996,300,99961,300,99998,100,99960,100,100009,100,99959,100,100010,100,99950,100,100023,100,99945,100,100028,100,99940,100,100034,100,99936,100,100047,200,99914,100,100069,100,99910,100
2019-06-28 09:34:18.598747428,99991,300,99971,200,99996,300,99961,300,99998,100,99960,100,100009,100,99959,100,100010,100,99950,100,100023,100,99945,100,100028,100,99940,100,100034,100,99936,100,100047,200,99914,100,100069,100,99910,100
2019-06-28 09:34:20.000000000,99991,236,99961,236,99996,232,99960,232,99998,232,99959,232,100009,100,99950,100,100010,100,99945,100,100023,100,99940,100,100028,100,99936,100,100034,100,99914,100,100047,200,99910,100,100069,100,99902,200
2019-06-28 09:34:21.901735733,99991,236,99961,136,99996,232,99960,232,99998,232,99959,232,100009,100,99950,100,100023,100,99945,100,100028,100,99940,100,100034,100,99936,100,100047,200,99914,100,100069,100,99910,100,100096,100,99902,200
2019-06-28 09:34:30.000000000,99991,300,99960,300,99996,300,99959,300,99998,100,99950,100,100009,100,99945,100,100023,100,99940,100,100028,100,99936,100,100034,100,99914,100,100047,200,99910,100,100069,100,99902,200,100096,100,99895,100
2019-06-28 09:34:38.631488520,99991,300,99960,300,99996,300,99959,300,99998,100,99950,100,100009,100,99945,100,100023,100,99940,100,100028,100,99936,100,100034,100,99914,100,100047,200,99910,100,100069,100,99902,200,100096,100,99895,100
2019-06-28 09:34:40.000000000,99991,300,99960,300,99996,300,99959,300,99998,100,99950,100,100009,100,99945,100,100023,100,99940,100,100028,100,99936,100,100034,100,99914,100,100047,200,99910,100,100069,100,99902,200,100096,100,99895,100
2019-06-28 09:34:50.000000000,99991,236,99960,236,99996,232,99959,232,99998,232,99950,232,100009,100,99945,100,100023,100,99940,100,100028,100,99936,100,100034,100,99914,100,100047,200,99910,100,100069,100,99902,200,100096,100,99895,100
2019-06-28 09:34:55.110183554,99991,236,99960,236,99996,232,99959,132,99998,232,99950,232,100009,100,99945,100,100023,100,99940,100,100028,100,99936,100,100034,100,99914,100,100047,200,99910,100,100069,100,99902,200,100096,100,99895,100
2019-06-28 09:34:57.656725168,99991,236,99960,236,99996,232,99959,132,99998,232,99950,232,100009,100,99945,100,100023,100,99940,100,100028,100,99936,100,100034,100,99914,100,100047,200,99910,100,100069,100,99902,200,100096,100,99895,100
2019-06-28 09:35:00.000000000,99991,236,99960,236,99996,232,99950,232,99998,232,99945,232,100009,100,99940,100,100023,100,99936,100,100028,100,99914,100,100034,100,99910,100,100047,200,99902,200,100069,100,99895,100,100096,100,99876,200
2019-06-28 09:35:06.215223855,99991,236,99960,136,99996,232,99950,232,99998,232,99945,232,100009,100,99940,100,100023,100,99936,100,100028,100,99914,100,100034,100,99910,100,100047,200,99902,200,100069,100,99895,100,100096,100,99876,200
2019-06-28 09:35:09.918361223,99991,236,99960,36,99996,232,99950,232,99998,232,99945,232,100009,100,99940,100,100023,100,99936,100,100028,100,99914,100,100034,100,99910,100,100047,200,99902,200,100069,100,99895,100,100096,100,99876,200
2019-06-28 09:35:10.000000000,99991,180,99950,180,99996,180,99945,180,99998,180,99940,180,100009,180,99936,180,100023,180,99914,180,100028,100,99910,100,100034,100,99902,200,100047,200,99895,100,100069,100,99876,200,100096,100,99875,100
2019-06-28 09:35:11.949606541,99991,180,99950,80,99996,180,99945,180,99998,180,99940,180,100009,180,99936,180,100023,180,99914,180,100028,100,99910,100,100034,100,99902,200,100047,200,99895,100,100096,100,99876,200,100109,100,99875,100
2019-06-28 09:35:20.000000000,99991,300,99945,300,99996,300,99940,300,99998,100,99936,100,100009,100,99914,100,100023,100,99910,100,100028,100,99902,200,100034,100,99895,100,100047,200,99876,200,100096,100,99875,100,100109,100,99864,100
2019-06-28 09:35:23.198084708,99991,300,99945,300,99996,300,99940,300,99998,100,99936,100,100009,100,99914,100,100023,100,99910,100,100028,100,99902,200,100034,100,99895,100,100047,200,99876,200,100096,100,99875,100,100109,100,99864,100
2019-06-28 09:35:30.000000000,99991,200,99945,200,99996,200,99940,200,99998,200,99936,200,100009,200,99914,200,100023,100,99910,100,100028,100,99902,200,100034,100,99895,100,100047,200,99876,200,100096,100,99875,100,100109,100,99864,100
2019-06-28 09:35:40.000000000,99991,200,99945,200,99996,200,99940,200,99998,200,99936,200,100009,200,99914,200,100023,100,99910,100,100028,100,99902,200,100034,100,99895,100,100047,200,99876,200,100096,100,99875,100,100109,100,99864,100
2019-06-28 09:35:50.000000000,99991,180,99945,180,99996,180,99940,180,99998,180,99936,180,100009,180,99914,180,100023,180,99910,180,100028,100,99902,200,100034,100,99895,100,100047,200,99876,200,100096,100,99875,100,100109,100,99864,100
2019-06-28 09:36:00.000000000,99991,236,99945,236,99996,232,99940,232,99998,232,99936,232,100009,100,99914,100,100023,100,99910,100,100028,100,99902,200,100034,100,99895,100,100047,200,99876,200,100096,100,99875,100,100109,100,99864,100
2019-06-28 09:36:02.974816137,99991,236,99945,136,99996,232,99940,232,99998,232,99936,232,100009,100,99914,100,100023,100,99910,100,100028,100,99902,200,100034,100,99895,100,100047,200,99876,200,100096,100,99875,100,100109,100,99864,100
2019-06-28 09:36:04.835346650,99991,236,99945,136,99996,232,99940,232,99998,232,99936,232,100009,100,99914,100,100023,100,99910,100,100034,100,99902,200,100047,200,99895,100,100096,100,99876,200,100109,100,99875,100,100123,100,99864,100
2019-06-28 09:36:10.000000000,99991,500,99940,500,99996,100,99936,100,99998,100,99914,100,100009,100,99910,100,100023,100,99902,200,100034,100,99895,100,100047,200,99876,200,100096,100,99875,100,100109,100,99864,100,100123,100,99832,100
2019-06-28 09:36:14.784231106,99991,500,99940,500,99996,100,99936,100,99998,100,99914,100,100009,100,99910,100,100023,100,99902,200,100034,100,99895,100,100047,200,99876,200,100096,100,99875,100,100109,100,99864,100,100123,100,99832,100
2019-06-28 09:36:20.000000000,99991,300,99940,300,99996,300,99936,300,99998,100,99914,100,100009,100,99910,100,100023,100,99902,200,100034,100,99895,100,100047,200,99876,200,100096,100,99875,100,100109,100,99864,100,100123,100,99832,100
2019-06-28 09:36:21.512216765,99991,300,99940,200,99996,300,99936,300,99998,100,99914,100,100009,100,99910,100,100023,100,99902,200,100034,100,99895,100,100047,200,99876,200,100096,100,99875,100,100109,100,99864,100,100123,100,99832,100
2019-06-28 09:36:30.000000000,99991,236,99936,236,99996,232,99914,232,99998,232,99910,232,100009,100,99902,200,100023,100,99895,100,100034,100,99876,200,100047,200,99875,100,100096,100,99864,100,100109,100,99832,100,100123,100,99702,100
2019-06-28 09:36:40.000000000,99991,200,99936,200,99996,200,99914,200,99998,200,99910,200,100009,200,99902,300,100023,100,99895,100,100034,100,99876,200,100047,200,99875,100,100096,100,99864,100,100109,100,99832,100,100123,100,99702,100
2019-06-28 09:36:50.000000000,99991,300,99936,300,99996,300,99914,300,99998,100,99910,100,100009,100,99902,200,100023,100,99895,100,100034,100,99876,200,100047,200,99875,100,100096,100,99864,100,100109,100,99832,100,100123,100,99702,100
2019-06-28 09:37:00.000000000,99991,200,99936,200,99996,200,99914,200,99998,200,99910,200,100009,200,99902,300,100023,100,99895,100,100034,100,99876,200,100047,200,99875,100,100096,100,99864,100,100109,100,99832,100,100123,100,99702,100
2019-06-28 09:37:03.560870241,99991,200,99936,100,99996,200,99914,200,99998,200,99910,200,100009,200,99902,300,100023,100,99895,100,100034,100,99876,200,100047,200,99875,100,100096,100,99864,100,100109,100,99832,100,100123,100,99702,100
2019-06-28 09:37:08.723692372,99991,200,99936,100,99996,200,99914,200,99998,200,99910,200,100009,200,99902,300,100023,100,99895,100,100034,100,99876,200,100047,200,99875,100,100096,100,99864,100,100109,100,99832,100,100123,100,99702,100
2019-06-28 09:37:10.000000000,99991,180,99914,180,99996,180,99910,180,99998,180,99902,280,100009,180,99895,180,100023,180,99876,280,100034,100,99875,100,100047,200,99864,100,100096,100,99832,100,100109,100,99702,100,100123,100,99529,100
2019-06-28 09:37:11.693724070,99991,180,99914,80,99996,180,99910,180,99998,180,99902,280,100009,180,99895,180,100023,180,99876,180,100034,100,99875,100,100047,200,99864,100,100096,100,99832,100,100109,100,99702,100,100123,100,99529,100
2019-06-28 09:37:20.000000000,99991,500,99910,500,99996,100,99902,200,99998,100,99895,100,100009,100,99876,100,100023,100,99875,100,100034,100,99864,100,100047,200,99832,100,100096,100,99702,100,100109,100,99529,100,100123,100,99436,100
2019-06-28 09:37:20.393390585,99940,100,99910,500,99991,500,99902,200,99996,100,99895,100,99998,100,99876,100,100009,100,99875,100,100023,100,99864,100,100034,100,99832,100,100047,200,99702,100,100096,100,99529,100,100109,100,99436,100
2019-06-28 09:37:30.000000000,99940,500,99910,500,99991,100,99902,200,99996,100,99895,100,99998,100,99876,100,100009,100,99875,100,100023,100,99864,100,100034,100,99832,100,100047,200,99702,100,100096,100,99529,100,100109,100,99436,100
2019-06-28 09:37:34.537569347,99940,500,99910,500,99991,100,99902,200,99996,100,99895,100,99998,100,99876,100,100009,100,99875,100,100023,100,99864,100,100034,100,99832,100,100047,200,99702,100,100096,100,99529,100,100109,100,99436,100
2019-06-28 09:37:40.000000000,99940,300,99910,300,99991,300,99902,400,99996,100,99895,100,99998,100,99876,100,100009,100,99875,100,100023,100,99864,100,100034,100,99832,100,100047,200,99702,100,100096,100,99529,100,100109,100,99436,100
2019-06-28 09:37:47.200931670,99940,300,99910,300,99991,300,99902,400,99996,100,99895,100,99998,100,99876,100,100009,100,99875,100,100023,100,99864,100,100034,100,99832,100,100047,200,99702,100,100096,100,99529,100,100109,100,99436,100
2019-06-28 09:37:50.000000000,99940,500,99910,500,99991,100,99902,200,99996,100,99895,100,99998,100,99876,100,100009,100,99875,100,100023,100,99864,100,100034,100,99832,100,100047,200,99702,100,100096,100,99529,100,100109,100,99436,100
2019-06-28 09:37:53.262946175,99940,600,99910,500,99991,100,99902,200,99996,100,99895,100,99998,100,99876,100,100009,100,99875,100,100023,100,99864,100,100034,100,99832,100,100047,200,99702,100,100096,100,99529,100,100109,100,99436,100
2019-06-28 09:37:56.011274409,99940,600,99910,400,99991,100,99902,200,99996,100,99895,100,99998,100,99876,100,100009,100,99875,100,100023,100,99864,100,100034,100,99832,100,100047,200,99529,100,100096,100,99436,100,100109,100,99434,100
2019-06-28 09:37:57.662876425,99940,600,99910,300,99991,100,99902,200,99996,100,99895,100,99998,100,99876,100,100009,100,99875,100,100023,100,99864,100,100034,100,99832,100,100047,200,99529,100,100096,100,99436,100,100123,100,99434,100
2019-06-28 09:37:59.743711497,99940,600,99910,300,99991,100,99902,200,99996,100,99895,100,99998,100,99876,100,100009,100,99875,100,100023,100,99864,100,100034,100,99832,100,100047,200,99529,100,100096,100,99436,100,100123,100,99434,100
2019-06-28 09:38:00.000000000,99940,336,99902,336,99991,232,99895,232,99996,232,99876,232,99998,100,99875,100,100009,100,99864,100,100023,100,99832,100,100034,100,99529,100,100047,200,99436,100,100096,100,99434,100,100123,100,99212,100
2019-06-28 09:38:10.000000000,99940,400,99902,400,99991,300,99895,300,99996,100,99876,100,99998,100,99875,100,100009,100,99864,100,100023,100,99832,100,100034,100,99529,100,100047,200,99436,100,100096,100,99434,100,100123,100,99212,100
2019-06-28 09:38:20.000000000,99940,280,99902,280,99991,180,99895,180,99996,180,99876,180,99998,180,99875,180,100009,180,99864,180,100023,100,99832,100,100034,100,99529,100,100047,200,99436,100,100096,100,99434,100,100123,100,99212,100
2019-06-28 09:38:30.000000000,99940,400,99902,400,99991,300,99895,300,99996,100,99876,100,99998,100,99875,100,100009,100,99864,100,100023,100,99832,100,100034,100,99529,100,100047,200,99436,100,100096,100,99434,100,100123,100,99212,100
2019-06-28 09:38:40.000000000,99940,336,99902,336,99991,232,99895,232,99996,232,99876,232,99998,100,99875,100,100009,100,99864,100,100023,100,99832,100,100034,100,99529,100,100047,200,99436,100,100096,100,99434,100,100123,100,99212,100
2019-06-28 09:38:50.000000000,99940,600,99902,600,99991,100,99895,100,99996,100,99876,100,99998,100,99875,100,100009,100,99864,100,100023,100,99832,100,100034,100,99529,100,100047,200,99436,100,100096,100,99434,100,100123,100,99212,100
2019-06-28 09:38:56.077004207,99940,600,99902,600,99991,100,99895,100,99996,100,99876,100,99998,100,99875,100,100009,100,99864,100,100023,100,99832,100,100034,100,99672,100,100047,200,99529,100,100096,100,99436,100,100123,100,99434,100
2019-06-28 09:38:59.869253504,99940,500,99911,100,99991,100,99902,600,99996,100,99895,100,99998,100,99876,100,100009,100,99875,100,100023,100,99864,100,100034,100,99832,100,100047,200,99672,100,100096,100,99529,100,100123,100,99436,100
2019-06-28 09:39:00.000000000,99940,180,99911,180,99991,180,99902,280,99996,180,99895,180,99998,180,99876,180,100009,180,99875,180,100023,100,99864,100,100034,100,99832,100,100047,200,99672,100,100096,100,99529,100,100123,100,99436,100
2019-06-28 09:39:10.000000000,99940,180,99911,180,99991,180,99902,280,99996,180,99895,180,99998,180,99876,180,100009,180,99875,180,100023,100,99864,100,100034,100,99832,100,100047,200,99672,100,100096,100,99529,100,100123,100,99436,100
2019-06-28 09:39:18.608162970,99940,180,99911,180,99991,180,99902,280,99996,180,99895,180,99998,180,99876,180,100009,180,99875,180,100023,100,99864,100,100034,100,99832,100,100047,200,99672,100,100096,100,99616,100,100123,100,99529,100
2019-06-28 09:39:20.000000000,99940,500,99911,500,99991,100,99902,200,99996,100,99895,100,99998,100,99876,100,100009,100,99875,100,100023,100,99864,100,100034,100,99832,100,100047,200,99672,100,100096,100,99616,100,100123,100,99529,100
2019-06-28 09:39:30.000000000,99940,300,99911,300,99991,300,99902,400,99996,100,99895,100,99998,100,99876,100,100009,100,99875,100,100023,100,99864,100,100034,100,99832,100,100047,200,99672,100,100096,100,99616,100,100123,100,99529,100
2019-06-28 09:39:40.000000000,99940,200,99911,200,99991,200,99902,300,99996,200,99895,200,99998,200,99876,200,100009,100,99875,100,100023,100,99864,100,100034,100,99832,100,100047,200,99672,100,100096,100,99616,100,100123,100,99529,100
2019-06-28 09:39:50.000000000,99940,200,99911,200,99991,200,99902,300,99996,200,99895,200,99998,200,99876,200,100009,100,99875,100,100023,100,99864,100,100034,100,99832,100,100047,200,99672,100,100096,100,99616,100,100123,100,99529,100
2019-06-28 09:40:00.000000000,99940,300,99911,300,99991,300,99902,400,99996,100,99895,100,99998,100,99876,100,100009,100,99875,100,100023,100,99864,100,100034,100,99832,100,100047,200,99672,100,100096,100,99616,100,100123,100,99529,100
2019-06-28 09:40:10.000000000,99940,200,99911,200,99991,200,99902,300,99996,200,99895,200,99998,200,99876,200,100009,100,99875,100,100023,100,99864,100,100034,100,99832,100,100047,200,99672,100,100096,100,99616,100,100123,100,99529,100
2019-06-28 09:40:11.812133540,99940,200,99911,100,99991,200,99902,300,99996,200,99895,200,99998,200,99876,200,100009,100,99875,100,100023,100,99864,100,100034,100,99832,100,100047,200,99672,100,100096,100,99616,100,100123,100,99529,100
2019-06-28 09:40:13.653362048,99940,100,99911,100,99991,200,99902,300,99996,200,99895,200,99998,200,99876,200,100009,100,99875,100,100023,100,99864,100,100034,100,99832,100,100047,200,99672,100,100096,100,99616,100,100123,100,99529,100
2019-06-28 09:40:17.282309511,99940,100,99911,100,99991,200,99902,300,99996,200,99895,200,99998,200,99876,200,100009,100,99875,100,100023,100,99864,100,100034,100,99832,100,100047,200,99672,100,100096,100,99616,100,100123,100,99529,100
2019-06-28 09:40:20.000000000,99991,200,99902,300,99996,200,99895,200,99998,200,99876,200,100009,200,99875,200,100023,100,99864,100,100034,100,99832,100,100047,200,99672,100,100096,100,99616,100,100123,100,99529,100,100134,100,99520,100
2019-06-28 09:40:30.000000000,99991,500,99902,600,99996,100,99895,100,99998,100,99876,100,100009,100,99875,100,100023,100,99864,100,100034,100,99832,100,100047,200,99672,100,100096,100,99616,100,100123,100,99529,100,100134,100,99520,100
2019-06-28 09:40:36.933728161,99911,100,99902,600,99991,500,99895,100,99998,100,99876,100,100009,100,99875,100,100023,100,99864,100,100034,100,99832,100,100047,200,99672,100,100096,100,99616,100,100123,100,99529,100,100134,100,99520,100
2019-06-28 09:40:40.000000000,99911,236,99902,336,99991,232,99895,232,99998,232,99876,232,100009,100,99875,100,100023,100,99864,100,100034,100,99832,100,100047,200,99672,100,100096,100,99616,100,100123,100,99529,100,100134,100,99520,100
2019-06-28 09:40:50.000000000,99911,236,99902,336,99991,232,99895,232,99998,232,99876,232,100009,100,99875,100,100023,100,99864,100,100034,100,99832,100,100047,200,99672,100,100096,100,99616,100,100123,100,99529,100,100134,100,99520,100
2019-06-28 09:40:54.031307686,99911,236,99902,336,99991,232,99895,232,99998,232,99876,232,100009,100,99875,100,100023,100,99864,100,100034,100,99832,100,100047,200,99820,100,100123,100,99672,100,100134,100,99616,100,100191,100,99529,100
2019-06-28 09:41:00.000000000,99911,300,99902,400,99991,300,99895,300,99998,100,99876,100,100009,100,99875,100,100023,100,99864,100,100034,100,99832,100,100047,200,99820,100,100123,100,99672,100,100134,100,99616,100,100191,100,99529,100
2019-06-28 09:41:05.315522829,99911,200,99902,400,99991,300,99895,300,99998,100,99876,100,100009,100,99875,100,100023,100,99864,100,100034,100,99832,100,100047,200,99672,100,100123,100,99616,100,100134,100,99529,100,100191,100,99520,100
2019-06-28 09:41:10.000000000,99991,300,99902,400,99998,300,99895,300,100009,100,99876,100,100023,100,99875,100,100034,100,99864,100,100047,200,99832,100,100123,100,99672,100,100134,100,99616,100,100191,100,99529,100,,,99520,100
2019-06-28 09:41:20.000000000,99991,200,99902,300,99998,200,99895,200,100009,200,99876,200,100023,200,99875,200,100034,100,99864,100,100047,200,99832,100,100123,100,99672,100,100134,100,99616,100,100191,100,99529,100,,,99520,100
2019-06-28 09:41:30.000000000,99991,300,99902,400,99998,300,99895,300,100009,100,99876,100,100023,100,99875,100,100034,100,99864,100,100047,200,99832,100,100123,100,99672,100,100134,100,99616,100,100191,100,99529,100,,,99520,100
2019-06-28 09:41:40.000000000,99991,200,99902,300,99998,200,99895,200,100009,200,99876,200,100023,200,99875,200,100034,100,99864,100,100047,200,99832,100,100123,100,99672,100,100134,100,99616,100,100191,100,99529,100,,,99520,100
2019-06-28 09:41:50.000000000,99991,200,99902,300,99998,200,99895,200,100009,200,99876,200,100023,200,99875,200,100034,100,99864,100,100047,200,99832,100,100123,100,99672,100,100134,100,99616,100,100191,100,99529,100,,,99520,100
2019-06-28 09:41:54.184975023,99991,100,99902,300,99998,200,99895,200,100009,200,99876,200,100023,200,99875,200,100034,100,99864,100,100047,200,99832,100,100123,100,99672,100,100134,100,99616,100,100191,100,99529,100,,,99520,100
2019-06-28 09:42:00.000000000,99998,200,99902,300,100009,200,99895,200,100023,200,99876,200,100034,200,99875,200,100047,200,99864,100,100123,100,99832,100,100134,100,99672,100,100191,100,99616,100,,,99529,100,,,99520,100
2019-06-28 09:42:00.855741798,99998,200,99902,300,100009,200,99895,200,100023,200,99876,200,100034,200,99875,200,100047,200,99864,100,100067,100,99832,100,100123,100,99672,100,100134,100,99616,100,100191,100,99529,100,,,99520,100
2019-06-28 09:42:07.332261546,99998,100,99902,300,100009,200,99895,200,100023,200,99876,200,100034,200,99875,200,100047,200,99864,100,100067,100,99832,100,100123,100,99672,100,100134,100,99616,100,100191,100,99529,100,,,99520,100
2019-06-28 09:42:10.000000000,100009,200,99902,300,100023,200,99895,200,100034,200,99876,200,100047,300,99875,200,100067,100,99864,100,100123,100,99832,100,100134,100,99672,100,100191,100,99616,100,,,99529,100,,,99520,100
2019-06-28 09:42:20.000000000,100009,180,99902,280,100023,180,99895,180,100034,180,99876,180,100047,280,99875,180,100067,180,99864,180,100123,100,99832,100,100134,100,99672,100,100191,100,99616,100,,,99529,100,,,99520,100
2019-06-28 09:42:30.000000000,100009,180,99902,280,100023,180,99895,180,100034,180,99876,180,100047,280,99875,180,100067,180,99864,180,100123,100,99832,100,100134,100,99672,100,100191,100,99616,100,,,99529,100,,,99520,100
2019-06-28 09:42:30.856930392,100009,180,99902,280,100023,180,99895,180,100034,180,99876,180,100047,280,99875,180,100067,180,99864,180,100123,100,99832,100,100134,100,99672,100,100191,100,99616,100,100376,100,99529,100,,,99520,100
2019-06-28 09:42:40.000000000,100009,236,99902,336,100023,232,99895,232,100034,232,99876,232,100047,200,99875,100,100067,100,99864,100,100123,100,99832,100,100134,100,99672,100,100191,100,99616,100,100376,100,99529,100,,,99520,100
2019-06-28 09:42:50.000000000,100009,236,99902,336,100023,232,99895,232,100034,232,99876,232,100047,200,99875,100,100067,100,99864,100,100123,100,99832,100,100134,100,99672,100,100191,100,99616,100,100376,100,99529,100,,,99520,100
2019-06-28 09:43:00.000000000,100009,200,99902,300,100023,200,99895,200,100034,200,99876,200,100047,300,99875,200,100067,100,99864,100,100123,100,99832,100,100134,100,99672,100,100191,100,99616,100,100376,100,99529,100,,,99520,100
2019-06-28 09:43:10.000000000,100009,180,99902,280,100023,180,99895,180,100034,180,99876,180,100047,280,99875,180,100067,180,99864,180,100123,100,99832,100,100134,100,99672,100,100191,100,99616,100,100376,100,99529,100,,,99520,100
2019-06-28 09:43:10.334069220,100009,180,99902,280,100023,180,99895,180,100034,180,99876,180,100047,280,99875,180,100067,180,99864,180,100123,100,99832,100,100134,100,99743,100,100191,100,99672,100,100376,100,99616,100,,,99529,100
2019-06-28 09:43:20.000000000,100009,500,99902,600,100023,100,99895,100,100034,100,99876,100,100047,200,99875,100,100067,100,99864,100,100123,100,99832,100,100134,100,99743,100,100191,100,99672,100,100376,100,99616,100,,,99529,100
2019-06-28 09:43:22.088671634,100009,500,99902,600,100023,100,99895,100,100034,100,99876,100,100047,200,99875,100,100067,100,99864,100,100123,100,99846,100,100134,100,99832,100,100191,100,99743,100,100376,100,99672,100,,,99616,100
2019-06-28 09:43:30.000000000,100009,300,99902,400,100023,300,99895,300,100034,100,99876,100,100047,200,99875,100,100067,100,99864,100,100123,100,99846,100,100134,100,99832,100,100191,100,99743,100,100376,100,99672,100,,,99616,100
2019-06-28 09:43:34.973731297,100009,300,99902,400,100023,300,99895,300,100034,100,99876,100,100047,200,99875,100,100067,100,99864,100,100123,100,99846,100,100134,100,99832,100,100191,100,99800,100,100376,100,99743,100,,,99672,100
2019-06-28 09:43:40.000000000,100009,500,99902,600,100023,100,99895,100,100034,100,99876,100,100047,200,99875,100,100067,100,99864,100,100123,100,99846,100,100134,100,99832,100,100191,100,99800,100,100376,100,99743,100,,,99672,100
2019-06-28 09:43:48.552163281,100009,500,99902,600,100023,100,99895,100,100034,100,99876,100,100047,200,99875,100,100067,100,99864,100,100123,100,99863,100,100134,100,99846,100,100191,100,99832,100,100376,100,99800,100,,,99743,100
2019-06-28 09:43:50.000000000,100009,200,99902,300,100023,200,99895,200,100034,200,99876,200,100047,300,99875,200,100067,100,99864,100,100123,100,99863,100,100134,100,99846,100,100191,100,99832,100,100376,100,99800,100,,,99743,100
2019-06-28 09:44:00.000000000,100009,200,99902,300,100023,200,99895,200,100034,200,99876,200,100047,300,99875,200,100067,100,99864,100,100123,100,99863,100,100134,100,99846,100,100191,100,99832,100,100376,100,99800,100,,,99743,100
2019-06-28 09:44:10.000000000,100009,200,99902,300,100023,200,99895,200,100034,200,99876,200,100047,300,99875,200,100067,100,99864,100,100123,100,99863,100,100134,100,99846,100,100191,100,99832,100,100376,100,99800,100,,,99743,100
2019-06-28 09:44:10.852498521,100009,200,99902,200,100023,200,99895,200,100034,200,99876,200,100047,300,99875,200,100067,100,99864,100,100123,100,99863,100,100134,100,99846,100,100191,100,99832,100,100376,100,99800,100,,,99743,100
2019-06-28 09:44:17.355321133,99997,100,99902,200,100009,200,99895,200,100023,200,99876,200,100034,200,99875,200,100047,300,99864,100,100067,100,99863,100,100123,100,99846,100,100134,100,99832,100,100191,100,99800,100,100376,100,99743,100
2019-06-28 09:44:20.000000000,99997,236,99902,236,100009,232,99895,232,100023,232,99876,232,100034,100,99875,100,100047,200,99864,100,100067,100,99863,100,100123,100,99846,100,100134,100,99832,100,100191,100,99800,100,100376,100,99743,100
2019-06-28 09:44:30.000000000,99997,200,99902,200,100009,200,99895,200,100023,200,99876,200,100034,200,99875,200,100047,200,99864,100,100067,100,99863,100,100123,100,99846,100,100134,100,99832,100,100191,100,99800,100,100376,100,99743,100
2019-06-28 09:44:40.000000000,99997,500,99902,500,100009,100,99895,100,100023,100,99876,100,100034,100,99875,100,100047,200,99864,100,100067,100,99863,100,100123,100,99846,100,100134,100,99832,100,100191,100,99800,100,100376,100,99743,100
2019-06-28 09:44:50.000000000,99997,180,99902,180,100009,180,99895,180,100023,180,99876,180,100034,180,99875,180,100047,280,99864,180,100067,100,99863,100,100123,100,99846,100,100134,100,99832,100,100191,100,99800,100,100376,100,99743,100
2019-06-28 09:45:00.000000000,99997,200,99902,200,100009,200,99895,200,100023,200,99876,200,100034,200,99875,200,100047,200,99864,100,100067,100,99863,100,100123,100,99846,100,100134,100,99832,100,100191,100,99800,100,100376,100,99743,100
2019-06-28 09:45:10.000000000,99997,236,99902,236,100009,232,99895,232,100023,232,99876,232,100034,100,99875,100,100047,200,99864,100,100067,100,99863,100,100123,100,99846,100,100134,100,99832,100,100191,100,99800,100,100376,100,99743,100
2019-06-28 09:45:15.950341128,99997,236,99903,100,100009,232,99902,236,100023,232,99895,232,100034,100,99876,232,100047,200,99875,100,100067,100,99864,100,100123,100,99863,100,100134,100,99846,100,100191,100,99832,100,100376,100,99800,100
2019-06-28 09:45:20.000000000,99997,500,99903,500,100009,100,99902,100,100023,100,99895,100,100034,100,99876,100,100047,200,99875,100,100067,100,99864,100,100123,100,99863,100,100134,100,99846,100,100191,100,99832,100,100376,100,99800,100
2019-06-28 09:45:30.000000000,99997,200,99903,200,100009,200,99902,200,100023,200,99895,200,100034,200,99876,200,100047,200,99875,100,100067,100,99864,100,100123,100,99863,100,100134,100,99846,100,100191,100,99832,100,100376,100,99800,100
2019-06-28 09:45:33.311653237,99997,100,99903,200,100009,200,99902,200,100023,200,99895,200,100034,200,99876,200,100047,200,99875,100,100067,100,99864,100,100123,100,99863,100,100134,100,99846,100,100191,100,99832,100,100376,100,99743,100
2019-06-28 09:45:40.000000000,100009,200,99903,200,100023,200,99902,200,100034,200,99895,200,100047,300,99876,200,100067,100,99875,100,100123,100,99864,100,100134,100,99863,100,100191,100,99846,100,100376,100,99832,100,,,99743,100
2019-06-28 09:45:50.000000000,100009,180,99903,180,100023,180,99902,180,100034,180,99895,180,100047,280,99876,180,100067,180,99875,180,100123,100,99864,100,100134,100,99863,100,100191,100,99846,100,100376,100,99832,100,,,99743,100
2019-06-28 09:46:00.000000000,100009,236,99903,236,100023,232,99902,232,100034,232,99895,232,100047,200,99876,100,100067,100,99875,100,100123,100,99864,100,100134,100,99863,100,100191,100,99846,100,100376,100,99832,100,,,99743,100
2019-06-28 09:46:10.000000000,100009,500,99903,500,100023,100,99902,100,100034,100,99895,100,100047,200,99876,100,100067,100,99875,100,100123,100,99864,100,100134,100,99863,100,100191,100,99846,100,100376,100,99832,100,,,99743,100
2019-06-28 09:46:20.000000000,100009,180,99903,180,100023,180,99902,180,100034,180,99895,180,100047,280,99876,180,100067,180,99875,180,100123,100,99864,100,100134,100,99863,100,100191,100,99846,100,100376,100,99832,100,,,99743,100
2019-06-28 09:46:30.000000000,100009,300,99903,300,100023,300,99902,300,100034,100,99895,100,100047,200,99876,100,100067,100,99875,100,100123,100,99864,100,100134,100,99863,100,100191,100,99846,100,100376,100,99832,100,,,99743,100
2019-06-28 09:46:35.403850487,100009,300,99903,300,100023,300,99902,300,100034,100,99895,100,100047,200,99876,100,100067,100,99875,100,100123,100,99864,100,100134,100,99863,100,100191,100,99846,100,100376,100,99832,100,,,99785,100
2019-06-28 09:46:40.000000000,100009,500,99903,500,100023,100,99902,100,100034,100,99895,100,100047,200,99876,100,100067,100,99875,100,100123,100,99864,100,100134,100,99863,100,100191,100,99846,100,100376,100,99832,100,,,99785,100
2019-06-28 09:46:47.745229945,100009,500,99903,400,100023,100,99902,100,100034,100,99895,100,100047,200,99875,100,100067,100,99864,100,100123,100,99863,100,100134,100,99846,100,100191,100,99832,100,100376,100,99785,100,,,99743,100
2019-06-28 09:46:50.000000000,100009,200,99902,200,100023,200,99895,200,100034,200,99875,200,100047,300,99864,200,100067,100,99863,100,100123,100,99846,100,100134,100,99832,100,100191,100,99785,100,100376,100,99743,100,,,99672,100
2019-06-28 09:47:00.000000000,100009,300,99902,300,100023,300,99895,300,100034,100,99875,100,100047,200,99864,100,100067,100,99863,100,100123,100,99846,100,100134,100,99832,100,100191,100,99785,100,100376,100,99743,100,,,99672,100
2019-06-28 09:47:05.150735199,100009,300,99902,300,100023,300,99895,300,100034,100,99875,100,100047,200,99864,100,100067,100,99863,100,100123,100,99846,100,100134,100,99832,100,100191,100,99785,100,100376,100,99743,100,,,99672,100
2019-06-28 09:47:06.869821829,100009,300,99902,200,100023,300,99895,300,100034,100,99875,100,100047,200,99864,100,100067,100,99863,100,100123,100,99846,100,100134,100,99832,100,100191,100,99785,100,100376,100,99743,100,,,99672,100
2019-06-28 09:47:10.000000000,100009,180,99895,180,100023,180,99875,180,100034,180,99864,180,100047,280,99863,180,100067,180,99846,180,100123,100,99832,100,100134,100,99785,100,100191,100,99743,100,100376,100,99672,100,,,99616,100
2019-06-28 09:47:20.000000000,100009,236,99895,236,100023,232,99875,232,100034,232,99864,232,100047,200,99863,100,100067,100,99846,100,100123,100,99832,100,100134,100,99785,100,100191,100,99743,100,100376,100,99672,100,,,99616,100
2019-06-28 09:47:30.000000000,100009,180,99895,180,100023,180,99875,180,100034,180,99864,180,100047,280,99863,180,100067,180,99846,180,100123,100,99832,100,100134,100,99785,100,100191,100,99743,100,100376,100,99672,100,,,99616,100
2019-06-28 09:47:40.000000000,100009,200,99895,200,100023,200,99875,200,100034,200,99864,200,100047,300,99863,200,100067,100,99846,100,100123,100,99832,100,100134,100,99785,100,100191,100,99743,100,100376,100,99672,100,,,99616,100
2019-06-28 09:47:49.823079956,100009,200,99895,100,100023,200,99875,200,100034,100,99864,200,100047,300,99863,200,100067,100,99846,100,100123,100,99832,100,100134,100,99785,100,100191,100,99743,100,100376,100,99672,100,,,99616,100
2019-06-28 09:47:50.000000000,100009,236,99875,236,100023,232,99864,232,100047,332,99863,232,100067,100,99846,100,100123,100,99832,100,100134,100,99785,100,100191,100,99743,100,100376,100,99672,100,,,99616,100,,,99520,100
2019-06-28 09:48:00.000000000,100009,500,99875,500,100023,100,99864,100,100047,200,99863,100,100067,100,99846,100,100123,100,99832,100,100134,100,99785,100,100191,100,99743,100,100376,100,99672,100,,,99616,100,,,99520,100
2019-06-28 09:48:10.000000000,100009,200,99875,200,100023,200,99864,200,100047,300,99863,200,100067,200,99846,200,100123,100,99832,100,100134,100,99785,100,100191,100,99743,100,100376,100,99672,100,,,99616,100,,,99520,100
2019-06-28 09:48:20.000000000,100009,300,99875,300,100023,300,99864,300,100047,200,99863,100,100067,100,99846,100,100123,100,99832,100,100134,100,99785,100,100191,100,99743,100,100376,100,99672,100,,,99616,100,,,99520,100
2019-06-28 09:48:30.000000000,100009,500,99875,500,100023,100,99864,100,100047,200,99863,100,100067,100,99846,100,100123,100,99832,100,100134,100,99785,100,100191,100,99743,100,100376,100,99672,100,,,99616,100,,,99520,100
2019-06-28 09:48:40.000000000,100009,236,99875,236,100023,232,99864,232,100047,332,99863,232,100067,100,99846,100,100123,100,99832,100,100134,100,99785,100,100191,100,99743,100,100376,100,99672,100,,,99616,100,,,99520,100
2019-06-28 09:48:50.000000000,100009,180,99875,180,100023,180,99864,180,100047,280,99863,180,100067,180,99846,180,100123,180,99832,180,100134,100,99785,100,100191,100,99743,100,100376,100,99672,100,,,99616,100,,,99520,100
2019-06-28 09:49:00.000000000,100009,236,99875,236,100023,232,99864,232,100047,332,99863,232,100067,100,99846,100,100123,100,99832,100,100134,100,99785,100,100191,100,99743,100,100376,100,99672,100,,,99616,100,,,99520,100
2019-06-28 09:49:10.000000000,100009,236,99875,236,100023,232,99864,232,100047,332,99863,232,100067,100,99846,100,100123,100,99832,100,100134,100,99785,100,100191,100,99743,100,100376,100,99672,100,,,99616,100,,,99520,100
2019-06-28 09:49:20.000000000,100009,236,99875,236,100023,232,99864,232,100047,332,99863,232,100067,100,99846,100,100123,100,99832,100,100134,100,99785,100,100191,100,99743,100,100376,100,99672,100,,,99616,100,,,99520,100
2019-06-28 09:49:30.000000000,100009,500,99875,500,100023,100,99864,100,100047,200,99863,100,100067,100,99846,100,100123,100,99832,100,100134,100,99785,100,100191,100,99743,100,100376,100,99672,100,,,99616,100,,,99520,100
2019-06-28 09:49:30.816222119,100009,500,99903,100,100023,100,99875,500,100047,200,99864,100,100067,100,99863,100,100123,100,99846,100,100134,100,99832,100,100191,100,99785,100,100376,100,99743,100,,,99672,100,,,99616,100
2019-06-28 09:49:32.501226622,100009,500,99903,100,100023,100,99875,500,100047,200,99864,100,100067,100,99863,100,100123,100,99846,100,100134,100,99832,100,100191,100,99743,100,100225,100,99672,100,100376,100,99616,100,,,99520,100
2019-06-28 09:49:40.000000000,100009,200,99903,200,100023,200,99875,200,100047,300,99864,200,100067,200,99863,200,100123,100,99846,100,100134,100,99832,100,100191,100,99743,100,100225,100,99672,100,100376,100,99616,100,,,99520,100
2019-06-28 09:49:50.000000000,100009,180,99903,180,100023,180,99875,180,100047,280,99864,180,100067,180,99863,180,100123,180,99846,180,100134,100,99832,100,100191,100,99743,100,100225,100,99672,100,100376,100,99616,100,,,99520,100
2019-06-28 09:50:00.000000000,100009,236,99903,236,100023,232,99875,232,100047,332,99864,232,100067,100,99863,100,100123,100,99846,100,100134,100,99832,100,100191,100,99743,100,100225,100,99672,100,100376,100,99616,100,,,99520,100
2019-06-28 09:50:05.460409697,100009,236,99903,236,100023,232,99875,232,100047,332,99864,232,100067,100,99863,100,100123,100,99846,100,100134,100,99832,100,100191,100,99743,100,100225,100,99616,100,100376,100,99523,100,,,99520,100
2019-06-28 09:50:08.114940045,100009,236,99903,336,100023,232,99875,232,100047,332,99864,232,100067,100,99863,100,100123,100,99846,100,100191,100,99832,100,100225,100,99743,100,100376,100,99616,100,,,99523,100,,,99520,100
2019-06-28 09:50:10.000000000,100009,200,99903,300,100023,200,99875,200,100047,300,99864,200,100067,200,99863,200,100123,100,99846,100,100191,100,99832,100,100225,100,99743,100,100376,100,99616,100,,,99523,100,,,99520,100
2019-06-28 09:50:20.000000000,100009,500,99903,600,100023,100,99875,100,100047,200,99864,100,100067,100,99863,100,100123,100,99846,100,100191,100,99832,100,100225,100,99743,100,100376,100,99616,100,,,99523,100,,,99520,100
2019-06-28 09:50:20.002102574,100009,500,99903,500,100023,100,99875,100,100047,200,99864,100,100067,100,99863,100,100123,100,99846,100,100191,100,99832,100,100225,100,99743,100,100376,100,99616,100,,,99523,100,,,99520,100
2019-06-28 09:50:29.150540110,100009,500,99903,500,100023,100,99875,100,100047,200,99864,100,100067,100,99863,100,100123,100,99846,100,100191,100,99832,100,100225,100,99743,100,100376,100,99616,100,,,99523,100,,,99520,100
2019-06-28 09:50:30.000000000,100009,200,99903,200,100023,200,99875,200,100047,300,99864,200,100067,200,99863,200,100123,100,99846,100,100191,100,99832,100,100225,100,99743,100,100376,100,99616,100,,,99523,100,,,99520,100
2019-06-28 09:50:33.290506853,100009,200,99903,100,100023,200,99875,200,100047,300,99864,200,100067,200,99863,200,100123,100,99846,100,100191,100,99832,100,100225,100,99743,100,100376,100,99616,100,,,99523,100,,,99520,100
2019-06-28 09:50:34.447549306,100009,200,99875,200,100023,200,99864,200,100047,300,99863,200,100067,200,99846,100,100123,100,99832,100,100191,100,99743,100,100225,100,99616,100,100376,100,99523,100,,,99520,100,,,99467,100
2019-06-28 09:50:40.000000000,100009,236,99875,236,100023,232,99864,232,100047,332,99863,232,100067,100,99846,100,100123,100,99832,100,100191,100,99743,100,100225,100,99616,100,100376,100,99523,100,,,99520,100,,,99467,100
2019-06-28 09:50:50.000000000,100009,300,99875,300,100023,300,99864,300,100047,200,99863,100,100067,100,99846,100,100123,100,99832,100,100191,100,99743,100,100225,100,99616,100,100376,100,99523,100,,,99520,100,,,99467,100
2019-06-28 09:50:56.008880298,100009,300,99875,300,100023,300,99864,300,100047,200,99863,100,100067,100,99846,100,100123,100,99832,100,100191,100,99743,100,100225,100,99616,100,100376,100,99523,100,,,99520,100,,,99467,100
2019-06-28 09:51:00.000000000,100009,300,99875,300,100023,300,99864,300,100047,200,99863,100,100067,100,99846,100,100123,100,99832,100,100191,100,99743,100,100225,100,99616,100,100376,100,99523,100,,,99520,100,,,99467,100
2019-06-28 09:51:10.000000000,100009,180,99875,180,100023,180,99864,180,100047,280,99863,180,100067,180,99846,180,100123,180,99832,180,100191,100,99743,100,100225,100,99616,100,100376,100,99523,100,,,99520,100,,,99467,100
2019-06-28 09:51:20.000000000,100009,180,99875,180,100023,180,99864,180,100047,280,99863,180,100067,180,99846,180,100123,180,99832,180,100191,100,99743,100,100225,100,99616,100,100376,100,99523,100,,,99520,100,,,99467,100
2019-06-28 09:51:30.000000000,100009,200,99875,200,100023,200,99864,200,100047,300,99863,200,100067,200,99846,200,100123,100,99832,100,100191,100,99743,100,100225,100,99616,100,100376,100,99523,100,,,99520,100,,,99467,100
2019-06-28 09:51:34.654612743,100009,200,99875,100,100023,200,99864,200,100047,300,99863,200,100067,200,99846,200,100123,100,99832,100,100191,100,99743,100,100225,100,99616,100,100376,100,99523,100,,,99520,100,,,99467,100
2019-06-28 09:51:40.000000000,100009,300,99864,300,100023,300,99863,300,100047,200,99846,100,100067,100,99832,100,100123,100,99743,100,100191,100,99616,100,100225,100,99523,100,100376,100,99520,100,,,99467,100,,,99212,100
2019-06-28 09:51:50.000000000,100009,500,99864,500,100023,100,99863,100,100047,200,99846,100,100067,100,99832,100,100123,100,99743,100,100191,100,99616,100,100225,100,99523,100,100376,100,99520,100,,,99467,100,,,99212,100
2019-06-28 09:51:51.039039724,100009,500,99864,500,100023,100,99863,100,100047,200,99846,100,100067,100,99832,100,100123,100,99743,100,100191,100,99616,100,100225,100,99523,100,100376,100,99520,100,,,99467,100,,,99253,100
2019-06-28 09:52:00.000000000,100009,200,99864,200,100023,200,99863,200,100047,300,99846,200,100067,200,99832,200,100123,100,99743,100,100191,100,99616,100,100225,100,99523,100,100376,100,99520,100,,,99467,100,,,99253,100
2019-06-28 09:52:10.000000000,100009,236,99864,236,100023,232,99863,232,100047,332,99846,232,100067,100,99832,100,100123,100,99743,100,100191,100,99616,100,100225,100,99523,100,100376,100,99520,100,,,99467,100,,,99253,100
2019-06-28 09:52:20.000000000,100009,300,99864,300,100023,300,99863,300,100047,200,99846,100,100067,100,99832,100,100123,100,99743,100,100191,100,99616,100,100225,100,99523,100,100376,100,99520,100,,,99467,100,,,99253,100
2019-06-28 09:52:23.158021997,100009,300,99864,300,100023,300,99863,300,100047,200,99846,100,100067,100,99832,100,100123,100,99743,100,100191,100,99616,100,100225,100,99523,100,100376,100,99520,100,,,99511,100,,,99467,100
2019-06-28 09:52:30.000000000,100009,236,99864,236,100023,232,99863,232,100047,332,99846,232,100067,100,99832,100,100123,100,99743,100,100191,100,99616,100,100225,100,99523,100,100376,100,99520,100,,,99511,100,,,99467,100
2019-06-28 09:52:40.000000000,100009,300,99864,300,100023,300,99863,300,100047,200,99846,100,100067,100,99832,100,100123,100,99743,100,100191,100,99616,100,100225,100,99523,100,100376,100,99520,100,,,99511,100,,,99467,100
2019-06-28 09:52:50.000000000,100009,200,99864,200,100023,200,99863,200,100047,300,99846,200,100067,200,99832,200,100123,100,99743,100,100191,100,99616,100,100225,100,99523,100,100376,100,99520,100,,,99511,100,,,99467,100
2019-06-28 09:52:56.146749657,100009,200,99864,200,100023,200,99863,200,100047,300,99846,200,100067,200,99832,200,100123,100,99743,100,100191,100,99616,100,100225,100,99523,100,100376,100,99520,100,,,99511,100,,,99467,100
2019-06-28 09:53:00.000000000,100009,200,99864,200,100023,200,99863,200,100047,300,99846,200,100067,200,99832,200,100123,100,99743,100,100191,100,99616,100,100225,100,99523,100,100376,100,99520,100,,,99511,100,,,99467,100
2019-06-28 09:53:10.000000000,100009,236,99864,236,100023,232,99863,232,100047,332,99846,232,100067,100,99832,100,100123,100,99743,100,100191,100,99616,100,100225,100,99523,100,100376,100,99520,100,,,99511,100,,,99467,100
2019-06-28 09:53:13.293129445,99903,100,99864,236,100009,236,99863,232,100023,232,99846,232,100047,332,99832,100,100067,100,99743,100,100123,100,99616,100,100191,100,99523,100,100225,100,99520,100,100376,100,99511,100,,,99467,100
2019-06-28 09:53:20.000000000,99903,236,99864,236,100009,232,99863,232,100023,232,99846,232,100047,200,99832,100,100067,100,99743,100,100123,100,99616,100,100191,100,99523,100,100225,100,99520,100,100376,100,99511,100,,,99467,100
2019-06-28 09:53:25.973543568,99903,236,99864,136,100009,232,99863,232,100023,232,99846,132,100047,200,99832,100,100067,100,99743,100,100123,100,99616,100,100191,100,99523,100,100225,100,99520,100,100376,100,99511,100,,,99467,100
2019-06-28 09:53:30.000000000,99903,236,99863,236,100009,232,99832,232,100023,232,99743,232,100047,200,99616,100,100067,100,99523,100,100123,100,99520,100,100191,100,99511,100,100225,100,99467,100,100376,100,99253,100,,,99239,100
2019-06-28 09:53:40.000000000,99903,180,99863,180,100009,180,99832,180,100023,180,99743,180,100047,280,99616,180,100067,180,99523,180,100123,100,99520,100,100191,100,99511,100,100225,100,99467,100,100376,100,99253,100,,,99239,100
2019-06-28 09:53:50.000000000,99903,236,99863,236,100009,232,99832,232,100023,232,99743,232,100047,200,99616,100,100067,100,99523,100,100123,100,99520,100,100191,100,99511,100,100225,100,99467,100,100376,100,99253,100,,,99239,100
2019-06-28 09:53:55.555691275,99903,236,99863,236,100009,232,99832,132,100023,232,99743,232,100047,200,99616,100,100067,100,99523,100,100123,100,99520,100,100191,100,99511,100,100225,100,99467,100,100376,100,99253,100,,,99239,100
2019-06-28 09:54:00.000000000,99903,236,99863,236,100009,232,99743,232,100023,232,99616,232,100047,200,99523,100,100067,100,99520,100,100123,100,99511,100,100191,100,99467,100,100225,100,99253,100,100376,100,99239,100,,,99212,100
2019-06-28 09:54:10.000000000,99903,180,99863,180,100009,180,99743,180,100023,180,99616,180,100047,280,99523,180,100067,180,99520,180,100123,100,99511,100,100191,100,99467,100,100225,100,99253,100,100376,100,99239,100,,,99212,100
2019-06-28 09:54:10.830055090,99903,180,99863,80,100009,180,99743,180,100023,180,99616,180,100047,280,99523,180,100067,180,99520,180,100123,100,99511,100,100191,100,99467,100,100225,100,99253,100,100376,100,99212,100,,,99134,100
2019-06-28 09:54:20.000000000,99903,200,99743,200,100009,200,99616,200,100023,200,99523,200,100047,300,99520,200,100067,100,99511,100,100123,100,99467,100,100191,100,99253,100,100225,100,99212,100,100376,100,99134,100,,,99016,100
2019-06-28 09:54:30.000000000,99903,236,99743,236,100009,232,99616,232,100023,232,99523,232,100047,200,99520,100,100067,100,99511,100,100123,100,99467,100,100191,100,99253,100,100225,100,99212,100,100376,100,99134,100,,,99016,100
2019-06-28 09:54:40.000000000,99903,500,99743,500,100009,100,99616,100,100023,100,99523,100,100047,200,99520,100,100067,100,99511,100,100123,100,99467,100,100191,100,99253,100,100225,100,99212,100,100376,100,99134,100,,,99016,100
2019-06-28 09:54:47.634024234,99903,500,99743,500,100009,100,99616,100,100023,100,99523,100,100047,200,99520,100,100067,100,99511,100,100123,100,99467,100,100191,100,99257,100,100225,100,99253,100,100376,100,99212,100,,,99134,100
2019-06-28 09:54:50.000000000,99903,236,99743,236,100009,232,99616,232,100023,232,99523,232,100047,200,99520,100,100067,100,99511,100,100123,100,99467,100,100191,100,99257,100,100225,100,99253,100,100376,100,99212,100,,,99134,100
2019-06-28 09:54:53.160013689,99903,236,99743,236,100009,232,99634,100,100023,232,99616,232,100047,200,99523,232,100067,100,99520,100,100123,100,99511,100,100191,100,99467,100,100225,100,99257,100,100376,100,99253,100,,,99212,100
2019-06-28 09:54:58.752046031,99903,236,99743,136,100009,232,99634,100,100023,232,99616,232,100047,200,99523,232,100067,100,99520,100,100123,100,99511,100,100191,100,99467,100,100376,100,99257,100,,,99253,100,,,99212,100
2019-06-28 09:55:00.000000000,99903,236,99634,236,100009,232,99616,232,100023,232,99523,232,100047,200,99520,100,100067,100,99511,100,100123,100,99467,100,100191,100,99257,100,100376,100,99253,100,,,99212,100,,,99134,100
2019-06-28 09:55:10.000000000,99903,500,99634,500,100009,100,99616,100,100023,100,99523,100,100047,200,99520,100,100067,100,99511,100,100123,100,99467,100,100191,100,99257,100,100376,100,99253,100,,,99212,100,,,99134,100
2019-06-28 09:55:19.027957510,99903,500,99634,500,100009,100,99616,100,100023,100,99523,100,100047,200,99520,100,100067,100,99511,100,100123,100,99467,100,100191,100,99333,100,100376,100,99257,100,,,99253,100,,,99212,100
2019-06-28 09:55:20.000000000,99903,500,99634,500,100009,100,99616,100,100023,100,99523,100,100047,200,99520,100,100067,100,99511,100,100123,100,99467,100,100191,100,99333,100,100376,100,99257,100,,,99253,100,,,99212,100
2019-06-28 09:55:27.993116005,99903,500,99634,400,100009,100,99616,100,100023,100,99523,100,100047,200,99520,100,100067,100,99511,100,100123,100,99467,100,100191,100,99333,100,100376,100,99257,100,,,99253,100,,,99212,100
2019-06-28 09:55:30.000000000,99903,500,99616,500,100009,100,99523,100,100023,100,99520,100,100047,200,99511,100,100067,100,99467,100,100123,100,99333,100,100191,100,99257,100,100376,100,99253,100,,,99212,100,,,99134,100
2019-06-28 09:55:40.000000000,99903,180,99616,180,100009,180,99523,180,100023,180,99520,180,100047,280,99511,180,100067,180,99467,180,100123,100,99333,100,100191,100,99257,100,100376,100,99253,100,,,99212,100,,,99134,100
2019-06-28 09:55:50.000000000,99903,180,99616,180,100009,180,99523,180,100023,180,99520,180,100047,280,99511,180,100067,180,99467,180,100123,100,99333,100,100191,100,99257,100,100376,100,99253,100,,,99212,100,,,99134,100
2019-06-28 09:56:00.000000000,99903,500,99616,500,100009,100,99523,100,100023,100,99520,100,100047,200,99511,100,100067,100,99467,100,100123,100,99333,100,100191,100,99257,100,100376,100,99253,100,,,99212,100,,,99134,100
2019-06-28 09:56:10.000000000,99903,200,99616,200,100009,200,99523,200,100023,200,99520,200,100047,300,99511,200,100067,100,99467,100,100123,100,99333,100,100191,100,99257,100,100376,100,99253,100,,,99212,100,,,99134,100
2019-06-28 09:56:11.961893985,99761,100,99616,200,99903,200,99523,200,100009,200,99520,200,100023,200,99511,200,100047,300,99467,100,100067,100,99333,100,100123,100,99257,100,100191,100,99253,100,100376,100,99212,100,,,99134,100
2019-06-28 09:56:20.000000000,99761,300,99616,300,99903,300,99523,300,100009,100,99520,100,100023,100,99511,100,100047,200,99467,100,100067,100,99333,100,100123,100,99257,100,100191,100,99253,100,100376,100,99212,100,,,99134,100
2019-06-28 09:56:27.673751939,99761,300,99647,100,99903,300,99616,300,100009,100,99523,300,100023,100,99520,100,100047,200,99511,100,100067,100,99467,100,100123,100,99333,100,100191,100,99257,100,100376,100,99253,100,,,99212,100
2019-06-28 09:56:29.902242063,99761,300,99647,100,99903,300,99616,300,100009,100,99586,100,100023,100,99523,300,100047,200,99520,100,100067,100,99511,100,100123,100,99467,100,100191,100,99333,100,100376,100,99257,100,,,99253,100
2019-06-28 09:56:30.000000000,99761,180,99647,180,99903,180,99616,180,100009,180,99586,180,100023,180,99523,180,100047,280,99520,180,100067,100,99511,100,100123,100,99467,100,100191,100,99333,100,100376,100,99257,100,,,99253,100
2019-06-28 09:56:40.000000000,99761,180,99647,180,99903,180,99616,180,100009,180,99586,180,100023,180,99523,180,100047,280,99520,180,100067,100,99511,100,100123,100,99467,100,100191,100,99333,100,100376,100,99257,100,,,99253,100
2019-06-28 09:56:50.000000000,99761,300,99647,300,99903,300,99616,300,100009,100,99586,100,100023,100,99523,100,100047,200,99520,100,100067,100,99511,100,100123,100,99467,100,100191,100,99333,100,100376,100,99257,100,,,99253,100
2019-06-28 09:57:00.000000000,99761,300,99647,300,99903,300,99616,300,100009,100,99586,100,100023,100,99523,100,100047,200,99520,100,100067,100,99511,100,100123,100,99467,100,100191,100,99333,100,100376,100,99257,100,,,99253,100
2019-06-28 09:57:03.742918375,99761,300,99647,300,99903,300,99616,300,100009,100,99586,100,100023,100,99523,100,100047,100,99520,100,100067,100,99511,100,100123,100,99467,100,100191,100,99333,100,100376,100,99257,100,,,99253,100
2019-06-28 09:57:10.000000000,99761,236,99647,236,99903,232,99616,232,100009,232,99586,232,100023,100,99523,100,100047,100,99520,100,100067,100,99511,100,100123,100,99467,100,100191,100,99333,100,100376,100,99257,100,,,99253,100
2019-06-28 09:57:20.000000000,99761,180,99647,180,99903,180,99616,180,100009,180,99586,180,100023,180,99523,180,100047,180,99520,180,100067,100,99511,100,100123,100,99467,100,100191,100,99333,100,100376,100,99257,100,,,99253,100
2019-06-28 09:57:27.849553730,99761,180,99647,180,99903,180,99616,180,99973,100,99586,180,100009,180,99523,180,100023,180,99520,180,100047,180,99511,100,100067,100,99467,100,100123,100,99333,100,100191,100,99257,100,100376,100,99253,100
2019-06-28 09:57:29.038876380,99761,180,99647,180,99858,100,99616,180,99903,180,99586,180,99973,100,99523,180,100009,180,99520,180,100023,180,99511,100,100047,180,99467,100,100067,100,99333,100,100123,100,99257,100,100191,100,99253,100
2019-06-28 09:57:30.000000000,99761,500,99647,500,99858,100,99616,100,99903,100,99586,100,99973,100,99523,100,100009,100,99520,100,100023,100,99511,100,100047,100,99467,100,100067,100,99333,100,100123,100,99257,100,100191,100,99253,100
2019-06-28 09:57:40.000000000,99761,500,99647,500,99858,100,99616,100,99903,100,99586,100,99973,100,99523,100,100009,100,99520,100,100023,100,99511,100,100047,100,99467,100,100067,100,99333,100,100123,100,99257,100,100191,100,99253,100
2019-06-28 09:57:42.090248027,99761,500,99647,500,99858,100,99635,100,99903,100,99616,100,99973,100,99586,100,100009,100,99523,100,100023,100,99520,100,100047,100,99511,100,100067,100,99467,100,100123,100,99333,100,100191,100,99257,100
2019-06-28 09:57:50.000000000,99761,300,99647,300,99858,300,99635,300,99903,100,99616,100,99973,100,99586,100,100009,100,99523,100,100023,100,99520,100,100047,100,99511,100,100067,100,99467,100,100123,100,99333,100,100191,100,99257,100
2019-06-28 09:57:57.785249745,99761,300,99647,300,99858,300,99635,400,99903,100,99616,100,99973,100,99586,100,100009,100,99523,100,100023,100,99520,100,100047,100,99511,100,100067,100,99467,100,100123,100,99333,100,100191,100,99257,100
2019-06-28 09:58:00.000000000,99761,500,99647,500,99858,100,99635,200,99903,100,99616,100,99973,100,99586,100,100009,100,99523,100,100023,100,99520,100,100047,100,99511,100,100067,100,99467,100,100123,100,99333,100,100191,100,99257,100
2019-06-28 09:58:05.755530114,99761,500,99647,500,99858,100,99635,200,99903,100,99616,100,99973,100,99607,100,100009,100,99586,100,100023,100,99523,100,100047,100,99520,100,100123,100,99511,100,100191,100,99467,100,100376,100,99333,100
2019-06-28 09:58:07.494845137,99761,500,99647,500,99858,100,99635,200,99886,100,99616,100,99903,100,99607,100,99973,100,99586,100,100009,100,99523,100,100023,100,99520,100,100047,100,99511,100,100123,100,99467,100,100191,100,99333,100
2019-06-28 09:58:09.411109925,99761,500,99647,500,99766,100,99635,200,99858,100,99616,100,99886,100,99607,100,99903,100,99586,100,99973,100,99523,100,100009,100,99520,100,100023,100,99511,100,100123,100,99467,100,100191,100,99333,100
2019-06-28 09:58:09.914185140,99761,500,99647,500,99766,100,99635,200,99858,100,99616,100,99886,100,99607,100,99903,100,99586,100,99973,100,99585,100,100009,100,99523,100,100023,100,99520,100,100123,100,99511,100,100191,100,99467,100
2019-06-28 09:58:10.000000000,99761,180,99647,180,99766,180,99635,280,99858,180,99616,180,99886,180,99607,180,99903,180,99586,180,99973,100,99585,100,100009,100,99523,100,100023,100,99520,100,100123,100,99511,100,100191,100,99467,100
2019-06-28 09:58:20.000000000,99761,300,99647,300,99766,300,99635,400,99858,100,99616,100,99886,100,99607,100,99903,100,99586,100,99973,100,99585,100,100009,100,99523,100,100023,100,99520,100,100123,100,99511,100,100191,100,99467,100
2019-06-28 09:58:30.000000000,99761,200,99647,200,99766,200,99635,300,99858,200,99616,200,99886,200,99607,200,99903,100,99586,100,99973,100,99585,100,100009,100,99523,100,100023,100,99520,100,100123,100,99511,100,100191,100,99467,100
2019-06-28 09:58:30.733087313,99761,200,99647,200,99766,200,99635,300,99858,200,99616,200,99886,200,99607,200,99903,100,99586,100,99973,100,99585,100,100009,100,99523,100,100023,100,99520,100,100123,100,99511,100,100191,100,99467,100
2019-06-28 09:58:35.864126895,99761,200,99647,100,99766,200,99635,300,99858,200,99616,200,99886,200,99607,200,99903,100,99586,100,99973,100,99585,100,100009,100,99523,100,100023,100,99520,100,100123,100,99511,100,100191,100,99467,100
2019-06-28 09:58:36.840943738,99761,200,99647,100,99766,200,99635,300,99858,200,99616,200,99886,200,99607,200,99903,100,99586,100,99973,100,99585,100,100009,100,99520,100,100023,100,99512,100,100123,100,99511,100,100191,100,99467,100
2019-06-28 09:58:40.000000000,99761,500,99635,600,99766,100,99616,100,99858,100,99607,100,99886,100,99586,100,99903,100,99585,100,99973,100,99520,100,100009,100,99512,100,100023,100,99511,100,100123,100,99467,100,100191,100,99441,100
2019-06-28 09:58:50.000000000,99761,200,99635,300,99766,200,99616,200,99858,200,99607,200,99886,200,99586,200,99903,100,99585,100,99973,100,99520,100,100009,100,99512,100,100023,100,99511,100,100123,100,99467,100,100191,100,99441,100
2019-06-28 09:58:54.321484523,99761,200,99635,300,99766,200,99616,200,99858,200,99607,200,99886,200,99586,200,99903,100,99585,100,99973,100,99548,100,100009,100,99520,100,100023,100,99512,100,100123,100,99511,100,100191,100,99467,100
2019-06-28 09:59:00.000000000,99761,200,99635,300,99766,200,99616,200,99858,200,99607,200,99886,200,99586,200,99903,100,99585,100,99973,100,99548,100,100009,100,99520,100,100023,100,99512,100,100123,100,99511,100,100191,100,99467,100
2019-06-28 09:59:00.129380068,99761,200,99635,200,99766,200,99616,200,99858,200,99607,200,99886,200,99586,200,99903,100,99585,100,99973,100,99548,100,100009,100,99520,100,100023,100,99512,100,100123,100,99511,100,100191,100,99467,100
2019-06-28 09:59:01.540981998,99761,200,99635,100,99766,200,99616,100,99858,200,99607,200,99886,200,99586,200,99903,100,99585,100,99973,100,99548,100,100009,100,99520,100,100023,100,99512,100,100123,100,99511,100,100191,100,99467,100
2019-06-28 09:59:10.000000000,99761,300,99607,300,99766,300,99586,300,99858,100,99585,100,99886,100,99548,100,99903,100,99520,100,99973,100,99512,100,100009,100,99511,100,100023,100,99467,100,100123,100,99441,100,100191,100,99333,100
2019-06-28 09:59:12.337745523,99730,100,99607,300,99761,300,99586,300,99766,300,99585,100,99858,100,99548,100,99886,100,99520,100,99903,100,99512,100,99973,100,99511,100,100009,100,99441,100,100023,100,99333,100,100123,100,99257,100
2019-06-28 09:59:20.000000000,99730,180,99607,180,99761,180,99586,180,99766,180,99585,180,99858,180,99548,180,99886,180,99520,180,99903,100,99512,100,99973,100,99511,100,100009,100,99441,100,100023,100,99333,100,100123,100,99257,100
2019-06-28 09:59:30.000000000,99730,500,99607,500,99761,100,99586,100,99766,100,99585,100,99858,100,99548,100,99886,100,99520,100,99903,100,99512,100,99973,100,99511,100,100009,100,99441,100,100023,100,99333,100,100123,100,99257,100
2019-06-28 09:59:34.095058570,99730,500,99607,400,99761,100,99586,100,99766,100,99585,100,99858,100,99548,100,99886,100,99520,100,99903,100,99512,100,99973,100,99511,100,100009,100,99441,100,100023,100,99333,100,100123,100,99257,100
2019-06-28 09:59:40.000000000,99730,180,99586,180,99761,180,99585,180,99766,180,99548,180,99858,180,99520,180,99886,180,99512,180,99903,100,99511,100,99973,100,99441,100,100009,100,99333,100,100023,100,99257,100,100123,100,99253,100
2019-06-28 09:59:44.621181413,99730,180,99586,180,99761,180,99585,180,99766,180,99548,180,99858,180,99520,180,99886,180,99512,180,99903,100,99511,100,99973,100,99441,100,100009,100,99368,100,100023,100,99333,100,100123,100,99257,100
2019-06-28 09:59:50.000000000,99730,236,99586,236,99761,232,99585,232,99766,232,99548,232,99858,100,99520,100,99886,100,99512,100,99903,100,99511,100,99973,100,99441,100,100009,100,99368,100,100023,100,99333,100,100123,100,99257,100
2019-06-28 10:00:00.000000000,99730,236,99586,236,99761,232,99585,232,99766,232,99548,232,99858,100,99520,100,99886,100,99512,100,99903,100,99511,100,99973,100,99441,100,100009,100,99368,100,100023,100,99333,100,100123,100,99257,100
2019-06-28 10:00:10.000000000,99730,500,99586,500,99761,100,99585,100,99766,100,99548,100,99858,100,99520,100,99886,100,99512,100,99903,100,99511,100,99973,100,99441,100,100009,100,99368,100,100023,100,99333,100,100123,100,99257,100
2019-06-28 10:00:20.000000000,99730,200,99586,200,99761,200,99585,200,99766,200,99548,200,99858,200,99520,200,99886,100,99512,100,99903,100,99511,100,99973,100,99441,100,100009,100,99368,100,100023,100,99333,100,100123,100,99257,100
2019-06-28 10:00:30.000000000,99730,200,99586,200,99761,200,99585,200,99766,200,99548,200,99858,200,99520,200,99886,100,99512,100,99903,100,99511,100,99973,100,99441,100,100009,100,99368,100,100023,100,99333,100,100123,100,99257,100
2019-06-28 10:00:40.000000000,99730,200,99586,200,99761,200,99585,200,99766,200,99548,200,99858,200,99520,200,99886,100,99512,100,99903,100,99511,100,99973,100,99441,100,100009,100,99368,100,100023,100,99333,100,100123,100,99257,100
2019-06-28 10:00:50.000000000,99730,200,99586,200,99761,200,99585,200,99766,200,99548,200,99858,200,99520,200,99886,100,99512,100,99903,100,99511,100,99973,100,99441,100,100009,100,99368,100,100023,100,99333,100,100123,100,99257,100
2019-06-28 10:00:58.419276976,99730,200,99586,200,99761,200,99585,200,99766,200,99548,200,99858,200,99520,200,99886,100,99512,100,99903,100,99511,100,99973,100,99441,100,100009,100,99368,100,100023,100,99333,100,100123,100,99257,100
2019-06-28 10:01:00.000000000,99730,180,99586,180,99761,180,99585,180,99766,180,99548,180,99858,180,99520,180,99886,180,99512,180,99903,100,99511,100,99973,100,99441,100,100009,100,99368,100,100023,100,99333,100,100123,100,99257,100
2019-06-28 10:01:10.000000000,99730,200,99586,200,99761,200,99585,200,99766,200,99548,200,99858,200,99520,200,99886,100,99512,100,99903,100,99511,100,99973,100,99441,100,100009,100,99368,100,100023,100,99333,100,100123,100,99257,100
2019-06-28 10:01:20.000000000,99730,200,99586,200,99761,200,99585,200,99766,200,99548,200,99858,200,99520,200,99886,100,99512,100,99903,100,99511,100,99973,100,99441,100,100009,100,99368,100,100023,100,99333,100,100123,100,99257,100
2019-06-28 10:01:22.708289407,99730,200,99586,200,99761,200,99585,200,99766,200,99548,200,99858,200,99520,200,99886,100,99512,100,99903,100,99511,100,99973,100,99441,100,100009,100,99368,100,100023,100,99333,100,100123,100,99257,100
2019-06-28 10:01:30.000000000,99730,180,99586,180,99761,180,99585,180,99766,180,99548,180,99858,180,99520,180,99886,180,99512,180,99903,100,99511,100,99973,100,99441,100,100009,100,99368,100,100023,100,99333,100,100123,100,99257,100
2019-06-28 10:01:33.146664428,99586,20,99585,180,99730,180,99548,180,99761,180,99520,180,99766,180,99512,180,99858,180,99511,100,99886,180,99441,100,99903,100,99368,100,99973,100,99333,100,100009,100,99257,100,100023,100,99212,100
2019-06-28 10:01:36.726057559,99586,20,99585,80,99730,180,99548,180,99761,180,99520,180,99766,180,99512,180,99858,180,99511,100,99886,180,99441,100,99903,100,99368,100,99973,100,99333,100,100009,100,99257,100,100023,100,99212,100
2019-06-28 10:01:40.000000000,99586,220,99548,300,99730,300,99520,300,99761,100,99512,100,99766,100,99511,100,99858,100,99441,100,99886,100,99368,100,99903,100,99333,100,99973,100,99257,100,100009,100,99212,100,100023,100,99012,100
2019-06-28 10:01:41.444570456,99586,320,99548,300,99730,300,99520,300,99761,100,99512,100,99766,100,99511,100,99858,100,99441,100,99886,100,99368,100,99903,100,99333,100,99973,100,99257,100,100009,100,99212,100,100023,100,99012,100
2019-06-28 10:01:50.000000000,99586,520,99548,500,99730,100,99520,100,99761,100,99512,100,99766,100,99511,100,99858,100,99441,100,99886,100,99368,100,99903,100,99333,100,99973,100,99257,100,100009,100,99212,100,100023,100,99012,100
2019-06-28 10:02:00.000000000,99586,256,99548,236,99730,232,99520,232,99761,232,99512,232,99766,100,99511,100,99858,100,99441,100,99886,100,99368,100,99903,100,99333,100,99973,100,99257,100,100009,100,99212,100,100023,100,99012,100
2019-06-28 10:02:10.000000000,99586,256,99548,236,99730,232,99520,232,99761,232,99512,232,99766,100,99511,100,99858,100,99441,100,99886,100,99368,100,99903,100,99333,100,99973,100,99257,100,100009,100,99212,100,100023,100,99012,100
2019-06-28 10:02:20.000000000,99586,520,99548,500,99730,100,99520,100,99761,100,99512,100,99766,100,99511,100,99858,100,99441,100,99886,100,99368,100,99903,100,99333,100,99973,100,99257,100,100009,100,99212,100,100023,100,99012,100
2019-06-28 10:02:21.300426462,99586,520,99548,400,99730,100,99520,100,99761,100,99512,100,99766,100,99511,100,99858,100,99441,100,99886,100,99368,100,99903,100,99333,100,99973,100,99257,100,100009,100,99012,100,100023,100,98936,100
2019-06-28 10:02:30.000000000,99586,256,99520,236,99730,232,99512,232,99761,232,99511,232,99766,100,99441,100,99858,100,99368,100,99886,100,99333,100,99903,100,99257,100,99973,100,99012,100,100009,100,98936,100,100023,100,98928,100
2019-06-28 10:02:40.000000000,99586,520,99520,500,99730,100,99512,100,99761,100,99511,100,99766,100,99441,100,99858,100,99368,100,99886,100,99333,100,99903,100,99257,100,99973,100,99012,100,100009,100,98936,100,100023,100,98928,100
2019-06-28 10:02:40.726906670,99586,520,99520,500,99730,100,99512,100,99761,100,99511,100,99766,100,99441,100,99858,100,99368,100,99886,100,99333,100,99903,100,99257,100,99973,100,99012,100,100009,100,98936,100,100023,100,98928,100
2019-06-28 10:02:50.000000000,99586,220,99520,200,99730,200,99512,200,99761,200,99511,200,99766,200,99441,200,99858,100,99368,100,99886,100,99333,100,99903,100,99257,100,99973,100,99012,100,100009,100,98936,100,100023,100,98928,100
2019-06-28 10:03:00.000000000,99586,200,99520,180,99730,180,99512,180,99761,180,99511,180,99766,180,99441,180,99858,180,99368,180,99886,100,99333,100,99903,100,99257,100,99973,100,99012,100,100009,100,98936,100,100023,100,98928,100
2019-06-28 10:03:04.804585289,99585,100,99520,180,99586,200,99512,180,99730,180,99511,180,99761,180,99441,180,99766,180,99368,180,99858,180,99333,100,99886,100,99257,100,99973,100,99012,100,100009,100,98936,100,100023,100,98928,100
2019-06-28 10:03:10.000000000,99585,300,99520,300,99586,320,99512,300,99730,100,99511,100,99761,100,99441,100,99766,100,99368,100,99858,100,99333,100,99886,100,99257,100,99973,100,99012,100,100009,100,98936,100,100023,100,98928,100
2019-06-28 10:03:12.750414958,99585,300,99520,300,99586,320,99512,300,99730,100,99511,100,99761,100,99441,100,99766,100,99368,100,99858,100,99333,100,99886,100,99257,100,99973,100,99012,100,100009,100,98936,100,100023,100,98928,100
2019-06-28 10:03:20.000000000,99585,236,99520,236,99586,252,99512,232,99730,232,99511,232,99761,100,99441,100,99766,100,99368,100,99858,100,99333,100,99886,100,99257,100,99973,100,99012,100,100009,100,98936,100,100023,100,98928,100
2019-06-28 10:03:30.000000000,99585,236,99520,236,99586,252,99512,232,99730,232,99511,232,99761,100,99441,100,99766,100,99368,100,99858,100,99333,100,99886,100,99257,100,99973,100,99012,100,100009,100,98936,100,100023,100,98928,100
2019-06-28 10:03:40.000000000,99585,180,99520,180,99586,200,99512,180,99730,180,99511,180,99761,180,99441,180,99766,180,99368,180,99858,100,99333,100,99886,100,99257,100,99973,100,99012,100,100009,100,98936,100,100023,100,98928,100
2019-06-28 10:03:49.206903073,99585,180,99520,180,99586,200,99512,180,99730,180,99511,180,99761,180,99441,180,99766,180,99368,180,99858,100,99333,100,99973,100,99257,100,100009,100,99012,100,100023,100,98936,100,100123,100,98928,100
2019-06-28 10:03:50.000000000,99585,500,99520,500,99586,120,99512,100,99730,100,99511,100,99761,100,99441,100,99766,100,99368,100,99858,100,99333,100,99973,100,99257,100,100009,100,99012,100,100023,100,98936,100,100123,100,98928,100
2019-06-28 10:04:00.000000000,99585,200,99520,200,99586,220,99512,200,99730,200,99511,200,99761,200,99441,200,99766,100,99368,100,99858,100,99333,100,99973,100,99257,100,100009,100,99012,100,100023,100,98936,100,100123,100,98928,100
2019-06-28 10:04:07.091874979,99585,200,99520,200,99586,220,99512,200,99730,200,99511,200,99761,200,99441,200,99766,100,99368,100,99858,100,99333,100,99973,100,99257,100,100009,100,99012,100,100023,100,98936,100,100123,100,98928,100
2019-06-28 10:04:10.000000000,99585,200,99520,200,99586,220,99512,200,99730,200,99511,200,99761,200,99441,200,99766,100,99368,100,99858,100,99333,100,99973,100,99257,100,100009,100,99012,100,100023,100,98936,100,100123,100,98928,100
2019-06-28 10:04:10.394143120,99585,200,99520,200,99586,220,99512,200,99730,200,99511,200,99761,200,99441,200,99766,100,99368,100,99858,100,99333,100,100009,100,99257,100,100023,100,99012,100,100123,100,98936,100,100191,100,98928,100
2019-06-28 10:04:20.000000000,99585,236,99520,236,99586,252,99512,232,99730,232,99511,232,99761,100,99441,100,99766,100,99368,100,99858,100,99333,100,100009,100,99257,100,100023,100,99012,100,100123,100,98936,100,100191,100,98928,100
2019-06-28 10:04:30.000000000,99585,236,99520,236,99586,252,99512,232,99730,232,99511,232,99761,100,99441,100,99766,100,99368,100,99858,100,99333,100,100009,100,99257,100,100023,100,99012,100,100123,100,98936,100,100191,100,98928,100
2019-06-28 10:04:37.864647463,99585,236,99520,236,99586,252,99512,232,99730,232,99511,232,99761,100,99441,100,99766,100,99368,100,99858,100,99333,100,100009,100,99257,100,100023,100,99012,100,100123,100,98936,100,100191,100,98928,100
2019-06-28 10:04:40.000000000,99585,300,99520,300,99586,320,99512,300,99730,100,99511,100,99761,100,99441,100,99766,100,99368,100,99858,100,99333,100,100009,100,99257,100,100023,100,99012,100,100123,100,98936,100,100191,100,98928,100
2019-06-28 10:04:50.000000000,99585,500,99520,500,99586,120,99512,100,99730,100,99511,100,99761,100,99441,100,99766,100,99368,100,99858,100,99333,100,100009,100,99257,100,100023,100,99012,100,100123,100,98936,100,100191,100,98928,100
2019-06-28 10:04:52.959752912,99585,600,99520,500,99586,120,99512,100,99730,100,99511,100,99761,100,99441,100,99766,100,99368,100,99858,100,99333,100,100009,100,99257,100,100023,100,99012,100,100123,100,98936,100,100191,100,98928,100
2019-06-28 10:05:00.000000000,99585,336,99520,236,99586,252,99512,232,99730,232,99511,232,99761,100,99441,100,99766,100,99368,100,99858,100,99333,100,100009,100,99257,100,100023,100,99012,100,100123,100,98936,100,100191,100,98928,100
2019-06-28 10:05:10.000000000,99585,336,99520,236,99586,252,99512,232,99730,232,99511,232,99761,100,99441,100,99766,100,99368,100,99858,100,99333,100,100009,100,99257,100,100023,100,99012,100,100123,100,98936,100,100191,100,98928,100
2019-06-28 10:05:11.299402739,99585,336,99520,236,99586,252,99512,232,99730,232,99511,232,99761,100,99441,100,99858,100,99368,100,100009,100,99333,100,100023,100,99257,100,100123,100,99012,100,100191,100,98936,100,100376,100,98928,100
2019-06-28 10:05:20.000000000,99585,280,99520,180,99586,200,99512,180,99730,180,99511,180,99761,180,99441,180,99858,180,99368,180,100009,100,99333,100,100023,100,99257,100,100123,100,99012,100,100191,100,98936,100,100376,100,98928,100
2019-06-28 10:05:24.681213523,99585,280,99520,80,99586,200,99512,180,99730,180,99511,180,99761,180,99441,180,99858,180,99368,180,100009,100,99333,100,100023,100,99257,100,100123,100,99012,100,100191,100,98936,100,100376,100,98928,100
2019-06-28 10:05:30.000000000,99585,280,99512,180,99586,200,99511,180,99730,180,99441,180,99761,180,99368,180,99858,180,99333,180,100009,100,99257,100,100023,100,99012,100,100123,100,98936,100,100191,100,98928,100,100376,100,98507,100
2019-06-28 10:05:32.050108899,99585,280,99512,180,99586,200,99511,180,99730,180,99441,180,99761,180,99368,180,99858,180,99333,180,100009,100,99257,100,100023,100,99012,100,100123,100,98936,100,100191,100,98928,100,100376,100,98507,100
2019-06-28 10:05:35.638152596,99585,280,99512,80,99586,200,99511,180,99730,180,99441,180,99761,180,99368,180,99858,180,99333,180,100009,100,99257,100,100023,100,99012,100,100123,100,98936,100,100191,100,98928,100,,,98507,100
2019-06-28 10:05:40.000000000,99585,400,99511,300,99586,320,99441,300,99730,100,99368,100,99761,100,99333,100,99858,100,99257,100,100009,100,99012,100,100023,100,98936,100,100123,100,98928,100,100191,100,98507,100,,,97800,100
2019-06-28 10:05:48.225968851,99520,100,99511,300,99585,400,99441,300,99586,320,99368,100,99730,100,99333,100,99761,100,99257,100,99858,100,99012,100,100009,100,98936,100,100023,100,98928,100,100123,100,98507,100,100191,100,97800,100
2019-06-28 10:05:50.000000000,99520,500,99511,500,99585,200,99441,100,99586,120,99368,100,99730,100,99333,100,99761,100,99257,100,99858,100,99012,100,100009,100,98936,100,100023,100,98928,100,100123,100,98507,100,100191,100,97800,100
2019-06-28 10:05:50.308239796,99520,500,99511,500,99585,100,99441,100,99586,120,99368,100,99730,100,99333,100,99761,100,99257,100,99858,100,99012,100,100009,100,98936,100,100023,100,98928,100,100123,100,98507,100,100191,100,97800,100
2019-06-28 10:05:51.506422351,99520,500,99511,400,99585,100,99441,100,99586,120,99368,100,99730,100,99257,100,99761,100,99012,100,99858,100,98936,100,100009,100,98928,100,100023,100,98507,100,100123,100,97800,100,100191,100,97745,100
2019-06-28 10:06:00.000000000,99520,200,99441,200,99585,200,99368,200,99586,220,99257,200,99730,200,99012,200,99761,100,98936,100,99858,100,98928,100,100009,100,98507,100,100023,100,97800,100,100123,100,97745,100,100191,100,97663,100
2019-06-28 10:06:08.311005310,99520,200,99441,100,99585,200,99368,200,99586,220,99257,200,99730,200,99012,200,99761,100,98936,100,99858,100,98928,100,100009,100,98507,100,100023,100,97800,100,100123,100,97745,100,100191,100,97663,100
2019-06-28 10:06:09.105831432,99520,200,99368,200,99585,200,99257,200,99586,200,99012,200,99730,200,98936,100,99761,100,98928,100,99858,100,98507,100,100009,100,97800,100,100023,100,97745,100,100123,100,97663,100,100191,100,97520,100
2019-06-28 10:06:10.000000000,99520,200,99368,200,99585,200,99257,200,99586,200,99012,200,99730,200,98936,200,99761,100,98928,100,99858,100,98507,100,100009,100,97800,100,100023,100,97745,100,100123,100,97663,100,100191,100,97520,100
2019-06-28 10:06:13.175417935,99441,100,99368,200,99520,200,99257,200,99585,200,99012,200,99586,200,98936,200,99730,200,98928,100,99761,100,98507,100,99858,100,97800,100,100009,100,97745,100,100023,100,97663,100,100123,100,97520,100
2019-06-28 10:06:20.000000000,99441,200,99368,200,99520,200,99257,200,99585,200,99012,200,99586,200,98936,200,99730,100,98928,100,99761,100,98507,100,99858,100,97800,100,100009,100,97745,100,100023,100,97663,100,100123,100,97520,100
2019-06-28 10:06:30.000000000,99441,236,99368,236,99520,232,99257,232,99585,232,99012,232,99586,100,98936,100,99730,100,98928,100,99761,100,98507,100,99858,100,97800,100,100009,100,97745,100,100023,100,97663,100,100123,100,97520,100
2019-06-28 10:06:36.304057307,99441,236,99368,236,99520,232,99257,232,99585,232,99012,132,99586,100,98936,100,99730,100,98928,100,99761,100,98507,100,99858,100,97800,100,100009,100,97745,100,100023,100,97663,100,100123,100,97520,100
2019-06-28 10:06:38.580053913,99441,236,99368,136,99520,232,99257,132,99585,232,99012,132,99586,100,98936,100,99730,100,98928,100,99761,100,98507,100,99858,100,97800,100,100009,100,97745,100,100023,100,97663,100,100123,100,97520,100
2019-06-28 10:06:40.000000000,99441,180,98936,180,99520,180,98928,180,99585,180,98507,180,99586,180,97800,180,99730,180,97745,180,99761,100,97663,100,99858,100,97520,100,100009,100,97429,100,100023,100,97371,100,100123,100,97211,100
2019-06-28 10:06:48.807980844,99440,100,98936,180,99441,80,98928,180,99520,180,98507,180,99585,180,97800,180,99586,180,97745,180,99730,180,97663,100,99761,100,97520,100,99858,100,97429,100,100009,100,97371,100,100023,100,97211,100
2019-06-28 10:06:50.000000000,99440,500,98936,500,99520,100,98928,100,99585,100,98507,100,99586,100,97800,100,99730,100,97745,100,99761,100,97663,100,99858,100,97520,100,100009,100,97429,100,100023,100,97371,100,100123,100,97211,100
2019-06-28 10:06:57.578320008,99440,500,98936,400,99520,100,98928,100,99585,100,98507,100,99586,100,97800,100,99730,100,97745,100,99761,100,97663,100,99858,100,97520,100,100009,100,97429,100,100023,100,97371,100,100191,100,97211,100
2019-06-28 10:07:00.000000000,99440,180,98928,180,99520,180,98507,180,99585,180,97800,180,99586,180,97745,180,99730,180,97663,180,99761,100,97520,100,99858,100,97429,100,100009,100,97371,100,100023,100,97211,100,100191,100,97108,100
2019-06-28 10:07:05.437805773,99440,180,98928,180,99520,180,98507,180,99585,180,97800,180,99586,180,97745,180,99730,180,97663,180,99858,100,97520,100,100009,100,97429,100,100023,100,97371,100,100191,100,97211,100,,,97132,100
2019-06-28 10:07:10.000000000,99440,200,98928,200,99520,200,98507,200,99585,200,97800,200,99586,200,97745,200,99730,100,97663,100,99858,100,97520,100,100009,100,97429,100,100023,100,97371,100,100191,100,97211,100,,,97132,100
2019-06-28 10:07:13.101422569,99440,200,98928,200,99520,200,98507,200,99585,200,97800,200,99586,200,97745,200,99730,100,97663,100,99858,100,97520,100,100009,100,97429,100,100191,100,97371,100,,,97310,100,,,97211,100
2019-06-28 10:07:20.000000000,99440,200,98928,200,99520,200,98507,200,99585,200,97800,200,99586,200,97745,200,99730,100,97663,100,99858,100,97520,100,100009,100,97429,100,100191,100,97371,100,,,97310,100,,,97211,100
2019-06-28 10:07:30.000000000,99440,500,98928,500,99520,100,98507,100,99585,100,97800,100,99586,100,97745,100,99730,100,97663,100,99858,100,97520,100,100009,100,97429,100,100191,100,97371,100,,,97310,100,,,97211,100
2019-06-28 10:07:32.148409767,99440,500,98928,500,99520,100,98507,100,99585,100,97800,100,99586,100,97745,100,99730,100,97663,100,99858,100,97520,100,100009,100,97429,100,100191,100,97371,100,,,97310,100,,,97211,100
2019-06-28 10:07:32.874878601,99440,500,98928,500,99520,100,98507,100,99585,100,97800,100,99586,100,97745,100,99730,100,97663,100,99858,100,97520,100,100009,100,97429,100,100191,100,97371,100,,,97310,100,,,97211,100
2019-06-28 10:07:34.760553268,99440,500,98928,400,99520,100,98507,100,99585,100,97800,100,99586,100,97745,100,99730,100,97663,100,99858,100,97520,100,100009,100,97429,100,100191,100,97371,100,,,97310,100,,,97211,100
2019-06-28 10:07:40.000000000,99440,500,98507,500,99520,100,97800,100,99585,100,97745,100,99586,100,97663,100,99730,100,97520,100,99858,100,97429,100,100009,100,97371,100,100191,100,97310,100,,,97211,100,,,97132,100
2019-06-28 10:07:48.385996165,99440,500,98507,500,99520,100,97800,100,99585,100,97745,100,99586,100,97663,100,99730,100,97520,100,99858,100,97429,100,100009,100,97371,100,100191,100,97310,100,,,97211,100,,,97132,100
2019-06-28 10:07:50.000000000,99440,300,98507,300,99520,300,97800,300,99585,100,97745,100,99586,100,97663,100,99730,100,97520,100,99858,100,97429,100,100009,100,97371,100,100191,100,97310,100,,,97211,100,,,97132,100
2019-06-28 10:08:00.000000000,99440,236,98507,236,99520,232,97800,232,99585,232,97745,232,99586,100,97663,100,99730,100,97520,100,99858,100,97429,100,100009,100,97371,100,100191,100,97310,100,,,97211,100,,,97132,100
2019-06-28 10:08:05.884190497,99440,236,98507,236,99520,232,97800,232,99585,232,97745,232,99586,100,97663,100,99730,100,97520,100,99858,100,97429,100,100009,100,97371,100,100191,100,97310,100,,,97211,100,,,97132,100
2019-06-28 10:08:10.000000000,99440,500,98507,500,99520,100,97800,100,99585,100,97745,100,99586,100,97663,100,99730,100,97520,100,99858,100,97429,100,100009,100,97371,100,100191,100,97310,100,,,97211,100,,,97132,100
2019-06-28 10:08:20.000000000,99440,300,98507,300,99520,300,97800,300,99585,100,97745,100,99586,100,97663,100,99730,100,97520,100,99858,100,97429,100,100009,100,97371,100,100191,100,97310,100,,,97211,100,,,97132,100
2019-06-28 10:08:30.000000000,99440,236,98507,236,99520,232,97800,232,99585,232,97745,232,99586,100,97663,100,99730,100,97520,100,99858,100,97429,100,100009,100,97371,100,100191,100,97310,100,,,97211,100,,,97132,100
2019-06-28 10:08:34.441819033,99440,236,98507,236,99520,232,97800,232,99585,232,97745,232,99586,100,97663,100,99730,100,97520,100,99858,100,97429,100,100009,100,97389,100,100191,100,97371,100,,,97310,100,,,97211,100
2019-06-28 10:08:40.000000000,99440,180,98507,180,99520,180,97800,180,99585,180,97745,180,99586,180,97663,180,99730,180,97520,180,99858,100,97429,100,100009,100,97389,100,100191,100,97371,100,,,97310,100,,,97211,100
2019-06-28 10:08:40.458183553,98936,100,98507,180,99440,180,97800,180,99520,180,97745,180,99585,180,97663,180,99586,180,97520,180,99730,180,97429,100,99858,100,97389,100,100009,100,97371,100,100191,100,97310,100,,,97211,100
2019-06-28 10:08:50.000000000,98936,200,98507,200,99440,200,97800,200,99520,200,97745,200,99585,200,97663,200,99586,100,97520,100,99730,100,97429,100,99858,100,97389,100,100009,100,97371,100,100191,100,97310,100,,,97211,100
2019-06-28 10:09:00.000000000,98936,180,98507,180,99440,180,97800,180,99520,180,97745,180,99585,180,97663,180,99586,180,97520,180,99730,100,97429,100,99858,100,97389,100,100009,100,97371,100,100191,100,97310,100,,,97211,100
2019-06-28 10:09:09.150083971,98936,180,98507,180,99440,180,97800,180,99520,180,97745,180,99585,80,97663,180,99586,180,97520,180,99730,100,97429,100,99858,100,97389,100,100009,100,97371,100,100191,100,97310,100,,,97211,100
2019-06-28 10:09:10.000000000,98936,500,98507,500,99440,100,97800,100,99520,100,97745,100,99586,100,97663,100,99730,100,97520,100,99858,100,97429,100,100009,100,97389,100,100191,100,97371,100,,,97310,100,,,97211,100
