,ask_price_1,ask_size_1,bid_price_1,bid_size_1,ask_price_2,ask_size_2,bid_price_2,bid_size_2,ask_price_3,ask_size_3,bid_price_3,bid_size_3,ask_price_4,ask_size_4,bid_price_4,bid_size_4,ask_price_5,ask_size_5,bid_price_5,bid_size_5,ask_price_6,ask_size_6,bid_price_6,bid_size_6,ask_price_7,ask_size_7,bid_price_7,bid_size_7,ask_price_8,ask_size_8,bid_price_8,bid_size_8,ask_price_9,ask_size_9,bid_price_9,bid_size_9,ask_price_10,ask_size_10,bid_price_10,bid_size_10
2019-06-28 09:30:00.000000002,,,100075,100,,,,,,,,,,,,,,,,,,,,,,,,,,,,,,,,,,,,
2019-06-28 09:30:00.000000003,100076,100,100075,100,100125,100,,,,,,,,,,,,,,,,,,,,,,,,,,,,,,,,,,
2019-06-28 09:30:00.000000004,100076,100,100075,100,100125,100,99999,100,,,,,,,,,,,,,,,,,,,,,,,,,,,,,,,,
2019-06-28 09:30:00.000000006,100076,100,100075,100,100103,100,99999,100,100125,100,,,,,,,,,,,,,,,,,,,,,,,,,,,,,,
2019-06-28 09:30:00.000000010,100076,100,100075,100,100103,100,99999,100,100125,100,,,100229,100,,,,,,,,,,,,,,,,,,,,,,,,,,
2019-06-28 09:30:00.000000015,100076,100,100075,100,100103,100,100071,100,100125,100,99999,100,100229,100,99903,100,,,,,,,,,,,,,,,,,,,,,,,,
2019-06-28 09:30:00.000000016,100076,100,100071,100,100103,100,99999,100,100125,100,99903,100,100149,100,,,100229,100,,,,,,,,,,,,,,,,,,,,,,
2019-06-28 09:30:00.000000017,100076,100,99999,100,100103,100,99903,100,100125,100,,,100149,100,,,100229,100,,,,,,,,,,,,,,,,,,,,,,
2019-06-28 09:30:00.000000019,100059,100,99999,100,100076,100,99903,100,100103,100,,,100125,100,,,100149,100,,,100229,100,,,,,,,,,,,,,,,,,,
2019-06-28 09:30:00.000000020,100015,100,99999,100,100059,100,99903,100,100076,100,,,100095,100,,,100103,100,,,100125,100,,,100149,100,,,100229,100,,,,,,,,,,
2019-06-28 09:30:00.000000024,100015,100,99999,100,100059,100,99978,100,100076,100,99904,100,100095,100,99903,100,100103,100,,,100125,100,,,100149,100,,,100229,100,,,,,,,,,,
2019-06-28 09:30:00.000000025,100015,100,99978,100,100059,100,99904,100,100076,100,99903,100,100095,100,,,100103,100,,,100125,100,,,100149,100,,,100229,100,,,,,,,,,,
2019-06-28 09:30:00.000000027,100015,100,99978,100,100059,100,99904,100,100076,100,99903,100,100095,100,99874,100,100103,100,,,100125,100,,,100149,100,,,100229,100,,,,,,,,,,
2019-06-28 09:30:00.000000031,99990,100,99978,100,100015,100,99931,100,100059,100,99904,100,100076,100,99903,100,100095,100,99874,100,100103,100,,,100125,100,,,100149,100,,,100229,100,,,,,,
2019-06-28 09:30:00.000000033,99990,100,99978,100,100015,100,99931,100,100058,100,99904,100,100059,100,99903,100,100076,100,99874,100,100095,100,,,100103,100,,,100125,100,,,100149,100,,,100229,100,,
2019-06-28 09:30:00.000000036,99990,100,99978,100,100015,100,99931,100,100058,100,99904,100,100059,100,99903,100,100076,100,99874,100,100095,100,,,100101,100,,,100103,100,,,100125,100,,,100149,100,,
2019-06-28 09:30:00.000000037,99990,100,99978,100,100015,100,99931,100,100058,100,99904,100,100059,100,99903,100,100061,100,99874,100,100076,100,,,100095,100,,,100101,100,,,100103,100,,,100125,100,,
2019-06-28 09:30:00.000000040,99990,100,99978,100,100015,100,99931,100,100058,100,99904,100,100059,100,99903,100,100061,100,99874,100,100076,100,99840,100,100095,100,,,100101,100,,,100103,100,,,100125,100,,
2019-06-28 09:30:00.000000041,100015,100,99978,100,100058,100,99931,100,100059,100,99904,100,100061,100,99903,100,100076,100,99874,100,100095,100,99840,100,100101,100,,,100103,100,,,100125,100,,,100149,100,,
2019-06-28 09:30:00.000000043,100015,100,99978,100,100058,100,99931,100,100059,100,99904,100,100061,100,99903,100,100076,100,99874,100,100080,100,99840,100,100095,100,,,100101,100,,,100103,100,,,100125,100,,
2019-06-28 09:30:00.000000045,100015,100,99978,100,100058,100,99931,100,100059,100,99908,100,100061,100,99904,100,100076,100,99903,100,100080,100,99874,100,100095,100,99840,100,100101,100,,,100103,100,,,100125,100,,
2019-06-28 09:30:00.000000047,100015,100,99978,100,100058,100,99931,100,100059,100,99908,100,100061,100,99904,100,100076,100,99903,100,100080,100,99874,100,100095,100,99840,100,100101,100,,,100103,100,,,100125,100,,
2019-06-28 09:30:00.000000048,100015,100,99983,100,100058,100,99978,100,100059,100,99931,100,100061,100,99908,100,100076,100,99904,100,100080,100,99903,100,100095,100,99874,100,100101,100,99840,100,100103,100,,,100125,100,,
2019-06-28 09:30:00.000000049,100015,100,100010,100,100058,100,99983,100,100059,100,99978,100,100061,100,99931,100,100076,100,99908,100,100080,100,99904,100,100095,100,99903,100,100101,100,99874,100,100103,100,99840,100,100125,100,,
2019-06-28 09:30:00.000000051,100015,100,100010,100,100058,100,99983,100,100059,100,99978,100,100061,100,99931,100,100076,100,99908,100,100080,100,99904,100,100095,100,99903,100,100101,100,99874,100,100103,100,99840,100,100125,100,99814,100
2019-06-28 09:30:00.000000052,100015,100,99983,100,100058,100,99978,100,100059,100,99931,100,100061,100,99908,100,100076,100,99904,100,100080,100,99903,100,100089,100,99874,100,100095,100,99840,100,100101,100,99814,100,100103,100,99811,100
2019-06-28 09:30:00.000000053,100015,100,100006,100,100058,100,99983,100,100059,100,99978,100,100061,100,99931,100,100076,100,99908,100,100080,100,99904,100,100089,100,99903,100,100095,100,99874,100,100101,100,99840,100,100103,100,99814,100
2019-06-28 09:30:00.000000054,100015,100,100006,100,100058,100,99983,100,100059,100,99978,100,100061,100,99939,100,100076,100,99931,100,100080,100,99908,100,100089,100,99904,100,100095,100,99903,100,100101,100,99874,100,100103,100,99840,100
2019-06-28 09:30:00.000000056,100015,100,100006,100,100058,100,99983,100,100059,100,99978,100,100061,100,99939,100,100076,100,99931,100,100080,100,99908,100,100089,100,99904,100,100095,100,99903,100,100101,100,99874,100,100103,100,99840,100
2019-06-28 09:30:00.000000059,100015,100,100006,100,100058,100,99983,100,100059,100,99978,100,100061,100,99939,100,100076,100,99931,100,100080,100,99908,100,100089,100,99904,100,100095,100,99903,100,100101,100,99874,100,100103,100,99850,100
2019-06-28 09:30:00.000000061,100015,100,100006,100,100058,100,99983,100,100059,100,99978,100,100061,100,99939,100,100076,100,99931,100,100080,100,99908,100,100089,100,99904,100,100095,100,99903,100,100101,100,99874,100,100103,100,99850,100
2019-06-28 09:30:00.000000062,100058,100,100006,100,100059,100,99983,100,100061,100,99978,100,100076,100,99939,100,100080,100,99931,100,100089,100,99908,100,100095,100,99904,100,100101,100,99903,100,100103,100,99874,100,100125,100,99850,100
2019-06-28 09:30:00.000000064,100058,100,100006,100,100059,100,99983,100,100061,100,99982,100,100076,100,99978,100,100080,100,99939,100,100089,100,99931,100,100095,100,99908,100,100101,100,99904,100,100103,100,99903,100,100125,100,99874,100
2019-06-28 09:30:00.000000065,100015,100,100010,100,100058,100,100006,100,100059,100,99983,100,100061,100,99982,100,100076,100,99978,100,100080,100,99939,100,100089,100,99931,100,100095,100,99908,100,100101,100,99904,100,100103,100,99903,100
2019-06-28 09:30:00.000000067,100015,100,100010,200,100058,100,100006,100,100059,100,99983,100,100061,100,99982,100,100076,100,99978,100,100080,100,99939,100,100089,100,99931,100,100095,100,99908,100,100101,100,99904,100,100103,100,99903,100
2019-06-28 09:30:00.000000071,100015,100,100010,200,100058,100,100006,100,100059,100,99983,100,100061,100,99982,100,100076,100,99978,100,100080,100,99939,100,100089,100,99931,100,100095,100,99908,100,100101,100,99904,100,100103,100,99903,100
2019-06-28 09:30:00.000000072,100015,100,100010,200,100058,100,100006,100,100059,100,99983,100,100061,100,99982,100,100076,100,99978,100,100080,100,99974,100,100089,100,99939,100,100095,100,99931,100,100101,100,99908,100,100103,100,99904,100
2019-06-28 09:30:00.000000074,100015,100,100010,100,100058,100,100006,100,100059,100,99983,100,100061,100,99982,100,100076,100,99978,100,100080,100,99974,100,100089,100,99939,100,100095,100,99931,100,100101,100,99908,100,100103,100,99904,100
2019-06-28 09:30:00.000000076,100058,100,100010,100,100059,100,100006,100,100061,100,100000,100,100076,100,99995,100,100080,100,99983,100,100089,100,99982,100,100095,100,99978,100,100101,100,99974,100,100103,100,99939,100,100125,100,99931,100
2019-06-28 09:30:00.000000078,100015,100,100010,100,100058,100,100006,100,100059,100,100000,100,100061,100,99995,100,100076,100,99983,100,100080,100,99982,100,100089,100,99978,100,100095,100,99974,100,100101,100,99939,100,100103,100,99931,100
2019-06-28 09:30:00.000000079,100015,100,100010,100,100058,100,100006,100,100059,100,100000,100,100061,100,99995,100,100076,100,99983,100,100080,100,99982,100,100089,100,99978,100,100095,100,99974,100,100101,100,99944,100,100103,100,99939,100
2019-06-28 09:30:00.000000081,100015,100,100010,100,100058,100,100006,100,100059,100,100000,100,100061,100,99995,100,100076,100,99983,100,100080,100,99982,100,100085,100,99978,100,100089,100,99974,100,100095,100,99944,200,100101,100,99939,100
2019-06-28 09:30:00.000000083,100015,100,100011,100,100058,100,100010,100,100059,100,100006,100,100061,100,100000,100,100076,100,99995,100,100080,100,99983,100,100085,100,99982,100,100089,100,99978,100,100095,100,99974,100,100101,100,99944,200
2019-06-28 09:30:00.000000085,100015,100,100010,100,100058,100,100006,100,100059,100,100000,100,100061,100,99995,100,100076,100,99983,100,100080,100,99982,100,100085,100,99978,100,100089,100,99974,100,100095,100,99944,200,100101,100,99939,100
2019-06-28 09:30:00.000000092,100015,100,100010,100,100058,100,100006,100,100059,100,100000,100,100061,100,99995,100,100076,100,99983,100,100080,100,99982,100,100085,100,99978,100,100089,100,99974,100,100095,100,99944,200,100101,100,99939,100
2019-06-28 09:30:00.000000098,100014,100,100010,100,100015,100,100006,100,100058,100,100000,100,100059,100,99995,100,100061,100,99983,100,100076,100,99982,100,100080,100,99978,100,100085,100,99974,100,100089,100,99944,200,100095,100,99939,100
2019-06-28 09:30:06.301577007,100014,100,100010,100,100015,100,100006,100,100058,100,100000,100,100059,100,99995,100,100061,100,99983,100,100076,100,99982,100,100080,100,99978,100,100085,100,99974,100,100089,100,99944,200,100095,100,99939,100
2019-06-28 09:30:10.000000000,100014,251,100010,251,100015,247,100006,247,100058,247,100000,247,100059,100,99995,100,100061,100,99983,100,100076,100,99982,100,100080,100,99978,100,100085,100,99974,100,100089,100,99944,200,100095,100,99939,100
2019-06-28 09:30:13.829565291,100014,151,100010,251,100015,247,100006,247,100058,247,100000,247,100059,100,99983,100,100061,100,99982,100,100076,100,99978,100,100080,100,99974,100,100085,100,99944,200,100089,100,99939,100,100095,100,99931,100
2019-06-28 09:30:19.995529363,100014,151,100010,251,100015,247,100006,247,100016,100,100000,247,100058,247,99983,100,100059,100,99982,100,100061,100,99978,100,100076,100,99974,100,100080,100,99944,200,100085,100,99939,100,100089,100,99931,100
2019-06-28 09:30:20.000000000,100015,251,100010,251,100016,247,100006,247,100058,247,100000,247,100059,100,99983,100,100061,100,99982,100,100076,100,99978,100,100080,100,99974,100,100085,100,99944,200,100089,100,99939,100,100095,100,99931,100
2019-06-28 09:30:30.000000000,100015,322,100010,322,100016,322,100006,322,100058,100,100000,100,100059,100,99983,100,100061,100,99982,100,100076,100,99978,100,100080,100,99974,100,100085,100,99944,200,100089,100,99939,100,100095,100,99931,100
2019-06-28 09:30:32.710533573,100015,322,100010,322,100016,322,100006,322,100058,100,100000,100,100059,100,99983,100,100061,100,99982,100,100076,100,99978,100,100080,100,99974,100,100085,100,99944,200,100089,100,99939,100,100095,100,99931,100
2019-06-28 09:30:40.000000000,100015,189,100010,189,100016,189,100006,189,100058,189,100000,189,100059,189,99983,189,100061,189,99982,189,100076,100,99978,100,100080,100,99974,100,100085,100,99944,200,100089,100,99939,100,100095,100,99931,100
2019-06-28 09:30:40.077079817,100015,189,100010,189,100016,189,100006,189,100058,189,100000,189,100059,189,99983,189,100061,189,99982,189,100076,100,99978,100,100080,100,99974,100,100085,100,99944,200,100089,100,99939,100,100095,100,99931,100
2019-06-28 09:30:43.279587561,100015,189,100010,189,100016,189,100006,189,100058,189,100000,189,100059,189,99983,189,100061,189,99982,189,100076,100,99978,100,100080,100,99974,100,100085,100,99944,200,100089,100,99939,100,100095,100,99931,100
2019-06-28 09:30:50.000000000,100015,211,100010,211,100016,211,100006,211,100058,211,100000,211,100059,211,99983,211,100061,100,99982,100,100076,100,99978,100,100080,100,99974,100,100085,100,99944,200,100089,100,99939,100,100095,100,99931,100
2019-06-28 09:31:00.000000000,100015,251,100010,251,100016,247,100006,247,100058,247,100000,247,100059,100,99983,100,100061,100,99982,100,100076,100,99978,100,100080,100,99974,100,100085,100,99944,200,100089,100,99939,100,100095,100,99931,100
2019-06-28 09:31:10.000000000,100015,189,100010,189,100016,189,100006,189,100058,189,100000,189,100059,189,99983,189,100061,189,99982,189,100076,100,99978,100,100080,100,99974,100,100085,100,99944,200,100089,100,99939,100,100095,100,99931,100
2019-06-28 09:31:20.000000000,100015,211,100010,211,100016,211,100006,211,100058,211,100000,211,100059,211,99983,211,100061,100,99982,100,100076,100,99978,100,100080,100,99974,100,100085,100,99944,200,100089,100,99939,100,100095,100,99931,100
2019-06-28 09:31:28.060452472,100013,100,100010,211,100015,211,100006,211,100016,211,100000,211,100058,211,99983,211,100059,211,99982,100,100061,100,99978,100,100076,100,99974,100,100080,100,99944,200,100085,100,99939,100,100089,100,99931,100
2019-06-28 09:31:30.000000000,100013,544,100010,544,100015,100,100006,100,100016,100,100000,100,100058,100,99983,100,100059,100,99982,100,100061,100,99978,100,100076,100,99974,100,100080,100,99944,200,100085,100,99939,100,100089,100,99931,100
2019-06-28 09:31:40.000000000,100013,322,100010,322,100015,322,100006,322,100016,100,100000,100,100058,100,99983,100,100059,100,99982,100,100061,100,99978,100,100076,100,99974,100,100080,100,99944,200,100085,100,99939,100,100089,100,99931,100
2019-06-28 09:31:49.196112284,100013,322,100010,322,100015,322,100006,322,100016,100,100000,100,100058,100,99983,100,100059,100,99982,100,100061,100,99978,100,100076,100,99974,100,100080,100,99944,200,100085,100,99939,100,100089,100,99931,100
2019-06-28 09:31:50.000000000,100013,189,100010,189,100015,189,100006,189,100016,189,100000,189,100058,189,99983,189,100059,189,99982,189,100061,100,99978,100,100076,100,99974,100,100080,100,99944,200,100085,100,99939,100,100089,100,99931,100
2019-06-28 09:32:00.000000000,100013,251,100010,251,100015,247,100006,247,100016,247,100000,247,100058,100,99983,100,100059,100,99982,100,100061,100,99978,100,100076,100,99974,100,100080,100,99944,200,100085,100,99939,100,100089,100,99931,100
2019-06-28 09:32:10.000000000,100013,251,100010,251,100015,247,100006,247,100016,247,100000,247,100058,100,99983,100,100059,100,99982,100,100061,100,99978,100,100076,100,99974,100,100080,100,99944,200,100085,100,99939,100,100089,100,99931,100
2019-06-28 09:32:10.673763169,100013,251,100010,151,100015,247,100006,247,100016,247,100000,247,100058,100,99983,100,100059,100,99982,100,100061,100,99978,100,100076,100,99974,100,100080,100,99944,200,100085,100,99939,100,100089,100,99931,100
2019-06-28 09:32:20.000000000,100013,322,100006,322,100015,322,100000,322,100016,100,99983,100,100058,100,99982,100,100059,100,99978,100,100061,100,99974,100,100076,100,99944,200,100080,100,99939,100,100085,100,99931,100,100089,100,99908,100
2019-06-28 09:32:30.000000000,100013,544,100006,544,100015,100,100000,100,100016,100,99983,100,100058,100,99982,100,100059,100,99978,100,100061,100,99974,100,100076,100,99944,200,100080,100,99939,100,100085,100,99931,100,100089,100,99908,100
2019-06-28 09:32:40.000000000,100013,189,100006,189,100015,189,100000,189,100016,189,99983,189,100058,189,99982,189,100059,189,99978,189,100061,100,99974,100,100076,100,99944,200,100080,100,99939,100,100085,100,99931,100,100089,100,99908,100
2019-06-28 09:32:40.701104420,100013,189,100006,189,100015,189,100000,189,100016,189,99983,189,100058,189,99982,189,100059,189,99978,189,100061,100,99974,100,100076,100,99944,200,100080,100,99939,100,100085,100,99931,100,100089,100,99908,100
2019-06-28 09:32:42.315401118,100013,189,100006,189,100015,189,100000,189,100016,189,99983,189,100058,189,99982,189,100059,189,99978,189,100061,100,99974,100,100076,100,99944,200,100080,100,99939,100,100085,100,99931,100,100089,100,99908,100
2019-06-28 09:32:43.093829705,100012,100,100006,189,100013,189,100000,189,100015,189,99983,189,100016,189,99982,189,100058,189,99978,189,100059,189,99974,100,100061,100,99944,200,100076,100,99939,100,100080,100,99931,100,100085,100,99908,100
2019-06-28 09:32:46.099917714,100012,200,100006,189,100013,189,100000,189,100015,189,99983,189,100016,189,99982,189,100058,189,99978,189,100059,189,99974,100,100061,100,99944,200,100076,100,99939,100,100080,100,99931,100,100085,100,99908,100
2019-06-28 09:32:50.000000000,100012,351,100006,251,100013,247,100000,247,100015,247,99983,247,100016,100,99982,100,100058,100,99978,100,100059,100,99974,100,100061,100,99944,200,100076,100,99939,100,100080,100,99931,100,100085,100,99908,100
2019-06-28 09:33:00.000000000,100012,422,100006,322,100013,322,100000,322,100015,100,99983,100,100016,100,99982,100,100058,100,99978,100,100059,100,99974,100,100061,100,99944,200,100076,100,99939,100,100080,100,99931,100,100085,100,99908,100
2019-06-28 09:33:10.000000000,100012,311,100006,211,100013,211,100000,211,100015,211,99983,211,100016,211,99982,211,100058,100,99978,100,100059,100,99974,100,100061,100,99944,200,100076,100,99939,100,100080,100,99931,100,100085,100,99908,100
2019-06-28 09:33:12.218399980,100012,211,100006,211,100013,211,100000,211,100015,211,99983,211,100016,211,99982,211,100058,100,99978,100,100059,100,99974,100,100061,100,99944,200,100076,100,99939,100,100080,100,99931,100,100085,100,99908,100
2019-06-28 09:33:13.936240092,100012,311,100006,211,100013,211,100000,211,100015,211,99983,211,100016,211,99982,211,100058,100,99978,100,100059,100,99974,100,100061,100,99944,200,100076,100,99939,100,100080,100,99931,100,100085,100,99908,100
2019-06-28 09:33:20.000000000,100012,422,100006,322,100013,322,100000,322,100015,100,99983,100,100016,100,99982,100,100058,100,99978,100,100059,100,99974,100,100061,100,99944,200,100076,100,99939,100,100080,100,99931,100,100085,100,99908,100
2019-06-28 09:33:22.258616485,100012,422,100006,322,100013,322,100000,322,100015,100,99983,100,100016,100,99982,100,100058,100,99978,100,100059,100,99974,100,100061,100,99944,200,100076,100,99939,100,100080,100,99931,100,100085,100,99908,100
2019-06-28 09:33:25.175989890,100012,422,100006,322,100013,322,100000,322,100015,100,99983,100,100016,100,99982,100,100058,100,99978,100,100059,100,99974,100,100061,100,99944,200,100076,100,99939,100,100080,100,99908,100,100085,100,99904,100
2019-06-28 09:33:26.078557921,100012,322,100006,322,100013,322,100000,322,100015,100,99983,100,100016,100,99982,100,100058,100,99978,100,100059,100,99974,100,100061,100,99944,200,100076,100,99939,100,100080,100,99908,100,100085,100,99904,100
2019-06-28 09:33:30.000000000,100012,544,100006,544,100013,100,100000,100,100015,100,99983,100,100016,100,99982,100,100058,100,99978,100,100059,100,99974,100,100061,100,99944,200,100076,100,99939,100,100080,100,99908,100,100085,100,99904,100
2019-06-28 09:33:31.998203694,100012,544,100006,544,100013,100,100000,100,100015,100,99983,100,100016,100,99982,100,100058,100,99978,100,100059,100,99974,100,100061,100,99944,200,100076,100,99939,100,100080,100,99908,100,100085,100,99904,100
2019-06-28 09:33:40.000000000,100012,211,100006,211,100013,211,100000,211,100015,211,99983,211,100016,211,99982,211,100058,100,99978,100,100059,100,99974,100,100061,100,99944,200,100076,100,99939,100,100080,100,99908,100,100085,100,99904,100
2019-06-28 09:33:50.000000000,100012,251,100006,251,100013,247,100000,247,100015,247,99983,247,100016,100,99982,100,100058,100,99978,100,100059,100,99974,100,100061,100,99944,200,100076,100,99939,100,100080,100,99908,100,100085,100,99904,100
2019-06-28 09:34:00.000000000,100012,251,100006,251,100013,247,100000,247,100015,247,99983,247,100016,100,99982,100,100058,100,99978,100,100059,100,99974,100,100061,100,99944,200,100076,100,99939,100,100080,100,99908,100,100085,100,99904,100
2019-06-28 09:34:07.002167439,100012,151,100006,251,100013,247,100000,247,100015,247,99983,247,100016,100,99982,100,100058,100,99978,100,100059,100,99974,100,100061,100,99944,200,100076,100,99939,100,100080,100,99908,100,100085,100,99904,100
2019-06-28 09:34:10.000000000,100013,211,100006,211,100015,211,100000,211,100016,211,99983,211,100058,211,99982,211,100059,100,99978,100,100061,100,99974,100,100076,100,99944,200,100080,100,99939,100,100085,100,99908,100,100089,100,99904,100
2019-06-28 09:34:16.496398373,100013,211,100006,211,100015,211,100000,211,100016,211,99983,211,100058,211,99982,211,100059,100,99978,100,100061,100,99974,100,100076,100,99944,200,100080,100,99939,100,100085,100,99908,100,100089,100,99904,100
2019-06-28 09:34:20.000000000,100013,211,100006,211,100015,211,100000,211,100016,211,99983,211,100058,211,99982,211,100059,100,99978,100,100061,100,99974,100,100076,100,99944,200,100080,100,99939,100,100085,100,99908,100,100089,100,99904,100
2019-06-28 09:34:20.309909394,100013,111,100006,211,100015,211,100000,211,100016,211,99983,211,100058,211,99982,211,100061,100,99978,100,100076,100,99974,100,100080,100,99944,200,100085,100,99939,100,100089,100,99908,100,100095,100,99904,100
2019-06-28 09:34:26.323553725,100013,111,100006,211,100015,211,100000,211,100016,211,99983,211,100058,211,99982,211,100061,100,99978,100,100076,100,99974,100,100080,100,99944,200,100085,100,99939,100,100089,100,99908,100,100095,100,99904,100
2019-06-28 09:34:28.684056537,100013,111,100012,100,100015,211,100006,211,100016,211,100000,211,100058,211,99983,211,100061,100,99982,211,100076,100,99978,100,100080,100,99974,100,100085,100,99944,200,100089,100,99939,100,100095,100,99908,100
2019-06-28 09:34:30.000000000,100015,189,100012,189,100016,189,100006,189,100058,189,100000,189,100061,189,99983,189,100076,189,99982,189,100080,100,99978,100,100085,100,99974,100,100089,100,99944,200,100095,100,99939,100,100124,100,99908,100
2019-06-28 09:34:35.063373286,100015,189,100012,289,100016,189,100006,189,100058,189,100000,189,100061,189,99983,189,100076,189,99982,189,100080,100,99978,100,100085,100,99974,100,100089,100,99944,200,100095,100,99939,100,100124,100,99908,100
2019-06-28 09:34:40.000000000,100015,251,100012,351,100016,247,100006,247,100058,247,100000,247,100061,100,99983,100,100076,100,99982,100,100080,100,99978,100,100085,100,99974,100,100089,100,99944,200,100095,100,99939,100,100124,100,99908,100
2019-06-28 09:34:50.000000000,100015,251,100012,351,100016,247,100006,247,100058,247,100000,247,100061,100,99983,100,100076,100,99982,100,100080,100,99978,100,100085,100,99974,100,100089,100,99944,200,100095,100,99939,100,100124,100,99908,100
2019-06-28 09:34:54.747063537,100015,251,100012,451,100016,247,100006,247,100058,247,100000,247,100061,100,99983,100,100076,100,99982,100,100080,100,99978,100,100085,100,99974,100,100089,100,99944,200,100095,100,99939,100,100124,100,99908,100
2019-06-28 09:34:58.279131178,100015,251,100012,451,100016,247,100006,247,100058,247,100000,247,100076,100,99983,100,100080,100,99982,100,100085,100,99978,100,100089,100,99974,100,100095,100,99944,200,100124,100,99939,100,100125,200,99908,100
2019-06-28 09:35:00.000000000,100015,544,100012,744,100016,100,100006,100,100058,100,100000,100,100076,100,99983,100,100080,100,99982,100,100085,100,99978,100,100089,100,99974,100,100095,100,99944,200,100124,100,99939,100,100125,200,99908,100
2019-06-28 09:35:03.007365170,100015,544,100012,744,100016,100,100006,100,100037,100,100000,100,100058,100,99983,100,100076,100,99982,100,100080,100,99978,100,100085,100,99974,100,100089,100,99944,200,100095,100,99939,100,100124,100,99908,100
2019-06-28 09:35:10.000000000,100015,544,100012,744,100016,100,100006,100,100037,100,100000,100,100058,100,99983,100,100076,100,99982,100,100080,100,99978,100,100085,100,99974,100,100089,100,99944,200,100095,100,99939,100,100124,100,99908,100
2019-06-28 09:35:12.724940190,100015,544,100012,744,100016,100,100006,100,100037,100,99983,100,100058,100,99982,100,100076,100,99978,100,100080,100,99974,100,100085,100,99944,200,100089,100,99939,100,100095,100,99908,100,100124,100,99904,100
2019-06-28 09:35:20.000000000,100015,544,100012,744,100016,100,100006,100,100037,100,99983,100,100058,100,99982,100,100076,100,99978,100,100080,100,99974,100,100085,100,99944,200,100089,100,99939,100,100095,100,99908,100,100124,100,99904,100
2019-06-28 09:35:30.000000000,100015,211,100012,411,100016,211,100006,211,100037,211,99983,211,100058,211,99982,211,100076,100,99978,100,100080,100,99974,100,100085,100,99944,200,100089,100,99939,100,100095,100,99908,100,100124,100,99904,100
2019-06-28 09:35:37.557477405,100015,211,100012,511,100016,211,100006,211,100037,211,99983,211,100058,211,99982,211,100076,100,99978,100,100080,100,99974,100,100085,100,99944,200,100089,100,99939,100,100095,100,99908,100,100124,100,99904,100
2019-06-28 09:35:40.000000000,100015,544,100012,844,100016,100,100006,100,100037,100,99983,100,100058,100,99982,100,100076,100,99978,100,100080,100,99974,100,100085,100,99944,200,100089,100,99939,100,100095,100,99908,100,100124,100,99904,100
2019-06-28 09:35:50.000000000,100015,251,100012,551,100016,247,100006,247,100037,247,99983,247,100058,100,99982,100,100076,100,99978,100,100080,100,99974,100,100085,100,99944,200,100089,100,99939,100,100095,100,99908,100,100124,100,99904,100
2019-06-28 09:35:51.476206990,100015,151,100012,551,100016,247,100006,247,100037,247,99983,247,100058,100,99982,100,100076,100,99978,100,100080,100,99974,100,100085,100,99944,100,100089,100,99939,100,100095,100,99908,100,100124,100,99904,100
2019-06-28 09:36:00.000000000,100016,251,100012,551,100037,247,100006,247,100058,247,99983,247,100076,100,99982,100,100080,100,99978,100,100085,100,99974,100,100089,100,99944,100,100095,100,99939,100,100124,100,99908,100,100125,200,99904,100
2019-06-28 09:36:10.000000000,100016,251,100012,551,100037,247,100006,247,100058,247,99983,247,100076,100,99982,100,100080,100,99978,100,100085,100,99974,100,100089,100,99944,100,100095,100,99939,100,100124,100,99908,100,100125,200,99904,100
2019-06-28 09:36:16.717422008,100016,151,100012,551,100037,247,100006,247,100058,247,99983,247,100076,100,99982,100,100080,100,99978,100,100085,100,99974,100,100089,100,99944,100,100095,100,99939,100,100124,100,99908,100,100125,200,99904,100
2019-06-28 09:36:20.000000000,100037,251,100012,551,100058,247,100006,247,100076,247,99983,247,100080,100,99982,100,100085,100,99978,100,100089,100,99974,100,100095,100,99944,100,100124,100,99939,100,100125,200,99908,100,100127,100,99904,100
2019-06-28 09:36:24.729281841,100037,251,100012,551,100058,247,100006,247,100076,247,99983,247,100080,100,99982,100,100085,100,99978,100,100089,100,99974,100,100095,100,99944,100,100124,100,99939,100,100125,200,99908,100,100127,100,99904,100
2019-06-28 09:36:30.000000000,100037,189,100012,489,100058,189,100006,189,100076,189,99983,189,100080,189,99982,189,100085,189,99978,189,100089,100,99974,100,100095,100,99944,100,100124,100,99939,100,100125,200,99908,100,100127,100,99904,100
2019-06-28 09:36:34.699879144,100037,189,100012,489,100058,189,100006,189,100076,189,99983,189,100080,189,99982,189,100085,189,99978,189,100089,100,99974,100,100095,100,99944,100,100124,100,99939,100,100125,200,99908,100,100127,100,99904,100
2019-06-28 09:36:37.631276520,100037,189,100015,100,100058,189,100012,489,100076,189,100006,189,100080,189,99983,189,100085,189,99982,189,100089,100,99978,189,100095,100,99974,100,100124,100,99944,100,100125,200,99939,100,100127,100,99908,100
2019-06-28 09:36:40.000000000,100037,189,100015,189,100058,189,100012,489,100076,189,100006,189,100080,189,99983,189,100085,189,99982,189,100089,100,99978,100,100095,100,99974,100,100124,100,99944,100,100125,200,99939,100,100127,100,99908,100
2019-06-28 09:36:49.833052803,100037,189,100015,189,100058,189,100012,489,100076,189,100006,189,100080,189,99983,189,100085,189,99982,189,100089,100,99974,100,100095,100,99944,100,100124,100,99939,100,100125,200,99908,100,100127,100,99904,100
2019-06-28 09:36:50.000000000,100037,189,100015,189,100058,189,100012,489,100076,189,100006,189,100080,189,99983,189,100085,189,99982,189,100089,100,99974,100,100095,100,99944,100,100124,100,99939,100,100125,200,99908,100,100127,100,99904,100
2019-06-28 09:36:50.163233791,100037,189,100015,189,100058,189,100012,489,100076,189,100006,189,100080,189,99983,189,100085,189,99982,189,100089,100,99974,100,100095,100,99944,100,100125,200,99939,100,100127,100,99908,100,100145,100,99904,100
2019-06-28 09:37:00.000000000,100037,544,100015,544,100058,100,100012,400,100076,100,100006,100,100080,100,99983,100,100085,100,99982,100,100089,100,99974,100,100095,100,99944,100,100125,200,99939,100,100127,100,99908,100,100145,100,99904,100
2019-06-28 09:37:05.512444333,100037,544,100015,544,100058,100,100012,400,100076,100,100006,100,100080,100,99983,100,100085,100,99982,100,100089,100,99974,100,100095,100,99944,100,100125,200,99939,100,100127,100,99908,100,100145,100,99904,100
2019-06-28 09:37:10.000000000,100037,211,100015,211,100058,211,100012,511,100076,211,100006,211,100080,211,99983,211,100085,100,99982,100,100089,100,99974,100,100095,100,99944,100,100125,200,99939,100,100127,100,99908,100,100145,100,99904,100
2019-06-28 09:37:14.625149802,100037,211,100015,311,100058,211,100012,511,100076,211,100006,211,100080,211,99983,211,100085,100,99982,100,100089,100,99974,100,100095,100,99944,100,100125,200,99939,100,100127,100,99908,100,100145,100,99904,100
2019-06-28 09:37:20.000000000,100037,189,100015,289,100058,189,100012,489,100076,189,100006,189,100080,189,99983,189,100085,189,99982,189,100089,100,99974,100,100095,100,99944,100,100125,200,99939,100,100127,100,99908,100,100145,100,99904,100
2019-06-28 09:37:30.000000000,100037,322,100015,422,100058,322,100012,622,100076,100,100006,100,100080,100,99983,100,100085,100,99982,100,100089,100,99974,100,100095,100,99944,100,100125,200,99939,100,100127,100,99908,100,100145,100,99904,100
2019-06-28 09:37:32.488665983,100037,222,100015,422,100058,322,100012,622,100076,100,100006,100,100080,100,99983,100,100085,100,99982,100,100089,100,99974,100,100095,100,99944,100,100125,100,99939,100,100127,100,99908,100,100145,100,99904,100
2019-06-28 09:37:40.000000000,100058,544,100015,644,100076,100,100012,400,100080,100,100006,100,100085,100,99983,100,100089,100,99982,100,100095,100,99974,100,100125,100,99944,100,100127,100,99939,100,100145,100,99908,100,100149,100,99904,100
2019-06-28 09:37:45.658032287,100058,444,100015,644,100076,100,100012,400,100080,100,100006,100,100085,100,99983,100,100089,100,99982,100,100095,100,99974,100,100125,100,99944,100,100127,100,99939,100,100145,100,99908,100,100149,100,99904,100
2019-06-28 09:37:50.000000000,100076,544,100015,644,100080,100,100012,400,100085,100,100006,100,100089,100,99983,100,100095,100,99982,100,100125,100,99974,100,100127,100,99944,100,100145,100,99939,100,100149,100,99908,100,100172,100,99904,100
2019-06-28 09:38:00.000000000,100076,322,100015,422,100080,322,100012,622,100085,100,100006,100,100089,100,99983,100,100095,100,99982,100,100125,100,99974,100,100127,100,99944,100,100145,100,99939,100,100149,100,99908,100,100172,100,99904,100
2019-06-28 09:38:10.000000000,100076,251,100015,351,100080,247,100012,547,100085,247,100006,247,100089,100,99983,100,100095,100,99982,100,100125,100,99974,100,100127,100,99944,100,100145,100,99939,100,100149,100,99908,100,100172,100,99904,100
2019-06-28 09:38:20.000000000,100076,544,100015,644,100080,100,100012,400,100085,100,100006,100,100089,100,99983,100,100095,100,99982,100,100125,100,99974,100,100127,100,99944,100,100145,100,99939,100,100149,100,99908,100,100172,100,99904,100
2019-06-28 09:38:30.000000000,100076,322,100015,422,100080,322,100012,622,100085,100,100006,100,100089,100,99983,100,100095,100,99982,100,100125,100,99974,100,100127,100,99944,100,100145,100,99939,100,100149,100,99908,100,100172,100,99904,100
2019-06-28 09:38:31.709076201,100076,322,100015,422,100080,322,100012,622,100085,100,100006,100,100089,100,99983,100,100095,100,99982,100,100125,100,99974,100,100127,100,99944,100,100145,100,99939,100,100149,100,99908,100,100172,100,99904,100
2019-06-28 09:38:40.000000000,100076,544,100015,644,100080,100,100012,400,100085,100,100006,100,100089,100,99983,100,100095,100,99982,100,100125,100,99974,100,100127,100,99944,100,100145,100,99939,100,100149,100,99908,100,100172,100,99904,100
2019-06-28 09:38:50.000000000,100076,544,100015,644,100080,100,100012,400,100085,100,100006,100,100089,100,99983,100,100095,100,99982,100,100125,100,99974,100,100127,100,99944,100,100145,100,99939,100,100149,100,99908,100,100172,100,99904,100
2019-06-28 09:39:00.000000000,100076,251,100015,351,100080,247,100012,547,100085,247,100006,247,100089,100,99983,100,100095,100,99982,100,100125,100,99974,100,100127,100,99944,100,100145,100,99939,100,100149,100,99908,100,100172,100,99904,100
2019-06-28 09:39:10.000000000,100076,211,100015,311,100080,211,100012,511,100085,211,100006,211,100089,211,99983,211,100095,100,99982,100,100125,100,99974,100,100127,100,99944,100,100145,100,99939,100,100149,100,99908,100,100172,100,99904,100
2019-06-28 09:39:20.000000000,100076,544,100015,644,100080,100,100012,400,100085,100,100006,100,100089,100,99983,100,100095,100,99982,100,100125,100,99974,100,100127,100,99944,100,100145,100,99939,100,100149,100,99908,100,100172,100,99904,100
2019-06-28 09:39:21.592108413,100076,444,100015,644,100080,100,100012,400,100085,100,100006,100,100089,100,99983,100,100095,100,99982,100,100125,100,99974,100,100127,100,99944,100,100145,100,99939,100,100149,100,99908,100,100172,100,99903,200
2019-06-28 09:39:30.000000000,100080,544,100015,644,100085,100,100012,400,100089,100,100006,100,100095,100,99983,100,100125,100,99982,100,100127,100,99974,100,100145,100,99944,100,100149,100,99939,100,100172,100,99908,100,100185,100,99903,200
2019-06-28 09:39:38.517555343,100080,544,100015,644,100085,100,100012,400,100089,100,100006,100,100125,100,99983,100,100127,100,99982,100,100145,100,99974,100,100149,100,99944,100,100172,100,99939,100,100185,100,99908,100,100191,100,99903,200
2019-06-28 09:39:40.000000000,100080,251,100015,351,100085,247,100012,547,100089,247,100006,247,100125,100,99983,100,100127,100,99982,100,100145,100,99974,100,100149,100,99944,100,100172,100,99939,100,100185,100,99908,100,100191,100,99903,200
2019-06-28 09:39:42.258132049,100080,251,100015,351,100085,247,100012,547,100089,247,100006,247,100125,100,99983,100,100127,100,99982,100,100145,100,99974,100,100149,100,99944,100,100172,100,99939,100,100185,100,99908,100,100191,100,99903,200
2019-06-28 09:39:50.000000000,100080,251,100015,351,100085,247,100012,547,100089,247,100006,247,100125,100,99983,100,100127,100,99982,100,100145,100,99974,100,100149,100,99944,100,100172,100,99939,100,100185,100,99908,100,100191,100,99903,200
2019-06-28 09:39:51.709418876,100080,151,100015,351,100085,247,100012,547,100089,247,100006,247,100125,100,99983,100,100127,100,99982,100,100145,100,99974,100,100149,100,99944,100,100172,100,99939,100,100185,100,99908,100,100191,100,99903,200
2019-06-28 09:39:53.642148670,100080,151,100076,100,100085,247,100015,351,100089,247,100012,547,100125,100,100006,247,100127,100,99983,100,100145,100,99982,100,100149,100,99974,100,100172,100,99944,100,100185,100,99939,100,100191,100,99908,100
2019-06-28 09:39:53.725586247,100080,51,100076,100,100085,247,100015,351,100089,247,100012,547,100125,100,100006,247,100127,100,99983,100,100145,100,99982,100,100172,100,99974,100,100185,100,99944,100,100191,100,99939,100,100195,100,99908,100
2019-06-28 09:40:00.000000000,100085,544,100076,544,100089,100,100015,200,100125,100,100012,400,100127,100,100006,100,100145,100,99983,100,100172,100,99982,100,100185,100,99974,100,100191,100,99944,100,100195,100,99939,100,100229,100,99908,100
2019-06-28 09:40:03.925818385,100085,544,100080,100,100089,100,100076,544,100125,100,100015,200,100127,100,100012,400,100145,100,100006,100,100172,100,99983,100,100185,100,99982,100,100191,100,99974,100,100195,100,99944,100,100229,100,99939,100
2019-06-28 09:40:06.190303993,100085,544,100080,100,100089,100,100076,544,100125,100,100015,200,100127,100,100012,400,100145,100,100006,100,100172,100,99983,100,100185,100,99982,100,100191,100,99974,100,100195,100,99944,100,100229,100,99939,100
2019-06-28 09:40:10.000000000,100085,189,100080,189,100089,189,100076,189,100125,189,100015,289,100127,189,100012,489,100145,189,100006,189,100172,100,99983,100,100185,100,99982,100,100191,100,99974,100,100195,100,99944,100,100229,100,99939,100
2019-06-28 09:40:15.050726533,100085,189,100080,289,100089,189,100076,189,100125,189,100015,289,100127,189,100012,489,100145,189,100006,189,100172,100,99983,100,100185,100,99982,100,100191,100,99974,100,100195,100,99944,100,100229,100,99939,100
2019-06-28 09:40:19.635775661,100085,89,100080,289,100089,189,100076,189,100125,189,100015,289,100127,189,100012,489,100145,189,100006,189,100172,100,99983,100,100185,100,99982,100,100191,100,99974,100,100195,100,99944,100,100229,100,99939,100
2019-06-28 09:40:20.000000000,100089,544,100080,644,100125,100,100076,100,100127,100,100015,200,100145,100,100012,400,100172,100,100006,100,100185,100,99983,100,100191,100,99982,100,100195,100,99974,100,100229,100,99944,100,100527,100,99939,100
2019-06-28 09:40:22.427007854,100089,544,100081,100,100125,100,100080,644,100127,100,100076,100,100145,100,100015,200,100172,100,100012,400,100185,100,100006,100,100191,100,99983,100,100195,100,99982,100,100229,100,99974,100,100527,100,99944,100
2019-06-28 09:40:23.621676327,100089,544,100081,100,100125,100,100080,644,100127,100,100076,100,100145,100,100015,200,100172,100,100012,300,100185,100,100006,100,100191,100,99983,100,100195,100,99982,100,100229,100,99974,100,100527,100,99944,100
2019-06-28 09:40:30.000000000,100089,544,100081,544,100125,100,100080,200,100127,100,100076,100,100145,100,100015,200,100172,100,100012,300,100185,100,100006,100,100191,100,99983,100,100195,100,99982,100,100229,100,99974,100,100527,100,99944,100
2019-06-28 09:40:34.137424337,100089,444,100081,544,100125,100,100080,200,100127,100,100076,100,100145,100,100015,200,100172,100,100012,300,100185,100,100006,100,100191,100,99983,100,100195,100,99982,100,100229,100,99974,100,100553,100,99944,100
2019-06-28 09:40:34.695270920,100089,444,100081,544,100125,100,100080,200,100127,100,100076,100,100145,100,100015,200,100172,100,100012,300,100185,100,100006,100,100191,100,99983,100,100195,100,99982,100,100553,100,99974,100,100661,100,99944,100
2019-06-28 09:40:39.732938543,100089,344,100081,544,100125,100,100080,200,100127,100,100076,100,100145,100,100015,200,100172,100,100012,300,100185,100,100006,100,100191,100,99983,100,100195,100,99982,100,100553,100,99974,100,100661,100,99944,100
2019-06-28 09:40:40.000000000,100125,189,100081,189,100127,189,100080,289,100145,189,100076,189,100172,189,100015,289,100185,189,100012,389,100191,100,100006,100,100195,100,99983,100,100553,100,99982,100,100661,100,99974,100,100662,100,99944,100
2019-06-28 09:40:40.131689332,100125,189,100081,189,100127,89,100080,289,100145,189,100076,189,100172,189,100015,289,100185,189,100012,389,100191,100,100006,100,100195,100,99983,100,100553,100,99982,100,100661,100,99974,100,100662,100,99944,100
2019-06-28 09:40:50.000000000,100125,211,100081,211,100145,211,100080,311,100172,211,100076,211,100185,211,100015,311,100191,100,100012,300,100195,100,100006,100,100553,100,99983,100,100661,100,99982,100,100662,100,99974,100,100688,100,99944,100
2019-06-28 09:40:59.292223169,100125,211,100081,211,100145,211,100080,311,100172,211,100076,211,100185,211,100015,311,100191,100,100012,300,100195,100,100006,100,100553,100,99983,100,100661,100,99982,100,100662,100,99974,100,100688,100,99944,100
2019-06-28 09:41:00.000000000,100125,189,100081,189,100145,189,100080,289,100172,189,100076,189,100185,189,100015,289,100191,189,100012,389,100195,100,100006,100,100553,100,99983,100,100661,100,99982,100,100662,100,99974,100,100688,100,99944,100
2019-06-28 09:41:10.000000000,100125,544,100081,544,100145,100,100080,200,100172,100,100076,100,100185,100,100015,200,100191,100,100012,300,100195,100,100006,100,100553,100,99983,100,100661,100,99982,100,100662,100,99974,100,100688,100,99944,100
2019-06-28 09:41:20.000000000,100125,544,100081,544,100145,100,100080,200,100172,100,100076,100,100185,100,100015,200,100191,100,100012,300,100195,100,100006,100,100553,100,99983,100,100661,100,99982,100,100662,100,99974,100,100688,100,99944,100
2019-06-28 09:41:30.000000000,100125,322,100081,322,100145,322,100080,422,100172,100,100076,100,100185,100,100015,200,100191,100,100012,300,100195,100,100006,100,100553,100,99983,100,100661,100,99982,100,100662,100,99974,100,100688,100,99944,100
2019-06-28 09:41:40.000000000,100125,544,100081,544,100145,100,100080,200,100172,100,100076,100,100185,100,100015,200,100191,100,100012,300,100195,100,100006,100,100553,100,99983,100,100661,100,99982,100,100662,100,99974,100,100688,100,99944,100
2019-06-28 09:41:50.000000000,100125,544,100081,544,100145,100,100080,200,100172,100,100076,100,100185,100,100015,200,100191,100,100012,300,100195,100,100006,100,100553,100,99983,100,100661,100,99982,100,100662,100,99974,100,100688,100,99944,100
2019-06-28 09:41:53.193811020,100125,544,100081,544,100145,100,100080,200,100172,100,100076,100,100185,100,100015,100,100191,100,100012,300,100195,100,100006,100,100553,100,99983,100,100661,100,99982,100,100662,100,99974,100,100688,100,99944,100
2019-06-28 09:42:00.000000000,100125,544,100081,544,100145,100,100080,200,100172,100,100076,100,100185,100,100015,100,100191,100,100012,300,100195,100,100006,100,100553,100,99983,100,100661,100,99982,100,100662,100,99974,100,100688,100,99944,100
2019-06-28 09:42:01.854470531,100125,544,100089,100,100145,100,100081,544,100172,100,100080,100,100185,100,100076,100,100191,100,100015,100,100195,100,100012,300,100553,100,100006,100,100661,100,99983,100,100662,100,99982,100,100688,100,99974,100
2019-06-28 09:42:06.363481902,100125,444,100089,100,100145,100,100081,544,100172,100,100080,100,100185,100,100076,100,100191,100,100015,100,100195,100,100012,300,100553,100,100006,100,100661,100,99983,100,100662,100,99982,100,100688,100,99974,100
2019-06-28 09:42:10.000000000,100145,322,100089,322,100172,322,100081,322,100185,100,100080,100,100191,100,100076,100,100195,100,100015,100,100553,100,100012,300,100661,100,100006,100,100662,100,99983,100,100688,100,99982,100,100724,100,99974,100
2019-06-28 09:42:20.000000000,100145,544,100089,544,100172,100,100081,100,100185,100,100080,100,100191,100,100076,100,100195,100,100015,100,100553,100,100012,300,100661,100,100006,100,100662,100,99983,100,100688,100,99982,100,100724,100,99974,100
2019-06-28 09:42:30.000000000,100145,322,100089,322,100172,322,100081,322,100185,100,100080,100,100191,100,100076,100,100195,100,100015,100,100553,100,100012,300,100661,100,100006,100,100662,100,99983,100,100688,100,99982,100,100724,100,99974,100
2019-06-28 09:42:40.000000000,100145,189,100089,189,100172,189,100081,189,100185,189,100080,189,100191,189,100076,189,100195,189,100015,189,100553,100,100012,300,100661,100,100006,100,100662,100,99983,100,100688,100,99982,100,100724,100,99974,100
2019-06-28 09:42:50.000000000,100145,322,100089,322,100172,322,100081,322,100185,100,100080,100,100191,100,100076,100,100195,100,100015,100,100553,100,100012,300,100661,100,100006,100,100662,100,99983,100,100688,100,99982,100,100724,100,99974,100
2019-06-28 09:42:58.311738261,100139,100,100089,322,100145,322,100081,322,100172,322,100080,100,100191,100,100076,100,100195,100,100015,100,100553,100,100012,300,100661,100,100006,100,100662,100,99983,100,100688,100,99982,100,100724,100,99974,100
2019-06-28 09:43:00.000000000,100139,251,100089,251,100145,247,100081,247,100172,247,100080,247,100191,100,100076,100,100195,100,100015,100,100553,100,100012,300,100661,100,100006,100,100662,100,99983,100,100688,100,99982,100,100724,100,99974,100
2019-06-28 09:43:10.000000000,100139,322,100089,322,100145,322,100081,322,100172,100,100080,100,100191,100,100076,100,100195,100,100015,100,100553,100,100012,300,100661,100,100006,100,100662,100,99983,100,100688,100,99982,100,100724,100,99974,100
2019-06-28 09:43:20.000000000,100139,251,100089,251,100145,247,100081,247,100172,247,100080,247,100191,100,100076,100,100195,100,100015,100,100553,100,100012,300,100661,100,100006,100,100662,100,99983,100,100688,100,99982,100,100724,100,99974,100
2019-06-28 09:43:30.000000000,100139,211,100089,211,100145,211,100081,211,100172,211,100080,211,100191,211,100076,211,100195,100,100015,100,100553,100,100012,300,100661,100,100006,100,100662,100,99983,100,100688,100,99982,100,100724,100,99974,100
2019-06-28 09:43:40.000000000,100139,544,100089,544,100145,100,100081,100,100172,100,100080,100,100191,100,100076,100,100195,100,100015,100,100553,100,100012,300,100661,100,100006,100,100662,100,99983,100,100688,100,99982,100,100724,100,99974,100
2019-06-28 09:43:45.917760854,100139,444,100089,544,100145,100,100081,100,100172,100,100080,100,100190,100,100076,100,100191,100,100015,100,100195,100,100012,300,100553,100,100006,100,100661,100,99983,100,100662,100,99982,100,100688,100,99974,100
2019-06-28 09:43:50.000000000,100145,189,100089,189,100172,189,100081,189,100190,189,100080,189,100191,189,100076,189,100195,189,100015,189,100553,100,100012,300,100661,100,100006,100,100662,100,99983,100,100688,100,99982,100,100724,100,99974,100
2019-06-28 09:43:54.917405893,100145,189,100089,89,100172,189,100081,189,100190,189,100080,189,100191,189,100076,189,100195,189,100015,189,100553,100,100012,300,100661,100,100006,100,100662,100,99983,100,100688,100,99974,100,100724,100,99944,100
2019-06-28 09:44:00.000000000,100145,211,100081,211,100172,211,100080,211,100190,211,100076,211,100191,211,100015,211,100195,100,100012,300,100553,100,100006,100,100661,100,99983,100,100662,100,99974,100,100688,100,99944,100,100724,100,99939,100
2019-06-28 09:44:10.000000000,100145,322,100081,322,100172,322,100080,322,100190,100,100076,100,100191,100,100015,100,100195,100,100012,300,100553,100,100006,100,100661,100,99983,100,100662,100,99974,100,100688,100,99944,100,100724,100,99939,100
2019-06-28 09:44:20.000000000,100145,211,100081,211,100172,211,100080,211,100190,211,100076,211,100191,211,100015,211,100195,100,100012,300,100553,100,100006,100,100661,100,99983,100,100662,100,99974,100,100688,100,99944,100,100724,100,99939,100
2019-06-28 09:44:28.780960555,100145,211,100081,211,100172,211,100080,211,100190,211,100076,211,100191,211,100015,211,100195,100,100012,300,100553,100,100006,100,100661,100,99983,100,100662,100,99974,100,100688,100,99944,100,100724,100,99939,100
2019-06-28 09:44:30.000000000,100145,544,100081,544,100172,100,100080,100,100190,100,100076,100,100191,100,100015,100,100195,100,100012,300,100553,100,100006,100,100661,100,99983,100,100662,100,99974,100,100688,100,99944,100,100724,100,99939,100
2019-06-28 09:44:31.039400577,100145,544,100081,444,100172,100,100080,100,100190,100,100076,100,100191,100,100015,100,100195,100,100012,300,100553,100,100006,100,100661,100,99983,100,100662,100,99974,100,100724,100,99944,100,100763,100,99939,100
2019-06-28 09:44:32.701946856,100145,444,100081,444,100172,100,100080,100,100190,100,100076,100,100191,100,100015,100,100195,100,100012,300,100553,100,100006,100,100661,100,99983,100,100662,100,99974,100,100724,100,99944,100,100763,100,99939,100
2019-06-28 09:44:40.000000000,100172,322,100080,322,100190,322,100076,322,100191,100,100015,100,100195,100,100012,300,100553,100,100006,100,100661,100,99983,100,100662,100,99974,100,100724,100,99944,100,100763,100,99939,100,100824,100,99908,100
2019-06-28 09:44:50.000000000,100172,189,100080,189,100190,189,100076,189,100191,189,100015,189,100195,189,100012,389,100553,189,100006,189,100661,100,99983,100,100662,100,99974,100,100724,100,99944,100,100763,100,99939,100,100824,100,99908,100
2019-06-28 09:45:00.000000000,100172,544,100080,544,100190,100,100076,100,100191,100,100015,100,100195,100,100012,300,100553,100,100006,100,100661,100,99983,100,100662,100,99974,100,100724,100,99944,100,100763,100,99939,100,100824,100,99908,100
2019-06-28 09:45:03.615236565,100172,544,100080,544,100190,100,100076,100,100191,100,100015,100,100195,100,100012,300,100553,100,100006,100,100661,100,99983,100,100662,100,99974,100,100724,100,99939,100,100763,100,99908,100,100824,100,99903,100
2019-06-28 09:45:03.922516006,100172,544,100080,544,100190,100,100076,100,100191,100,100015,100,100195,100,100012,300,100553,100,100006,100,100661,100,99983,100,100662,100,99974,100,100724,100,99939,100,100763,100,99908,100,100824,100,99903,100
2019-06-28 09:45:10.000000000,100172,189,100080,189,100190,189,100076,189,100191,189,100015,189,100195,189,100012,389,100553,189,100006,189,100661,100,99983,100,100662,100,99974,100,100724,100,99939,100,100763,100,99908,100,100824,100,99903,100
2019-06-28 09:45:20.000000000,100172,544,100080,544,100190,100,100076,100,100191,100,100015,100,100195,100,100012,300,100553,100,100006,100,100661,100,99983,100,100662,100,99974,100,100724,100,99939,100,100763,100,99908,100,100824,100,99903,100
2019-06-28 09:45:20.644225380,100172,544,100080,544,100190,100,100076,100,100191,100,100015,100,100195,100,100012,300,100553,100,100006,100,100661,100,99983,100,100662,100,99974,100,100724,100,99939,100,100763,100,99908,100,100824,100,99903,100
2019-06-28 09:45:30.000000000,100172,189,100080,189,100190,189,100076,189,100191,189,100015,189,100195,189,100012,389,100553,189,100006,189,100661,100,99983,100,100662,100,99974,100,100724,100,99939,100,100763,100,99908,100,100824,100,99903,100
2019-06-28 09:45:37.860726732,100172,189,100080,189,100190,189,100076,189,100191,189,100015,189,100195,189,100012,389,100553,189,100006,189,100661,100,99983,100,100662,100,99974,100,100724,100,99939,100,100763,100,99908,100,100824,100,99903,100
2019-06-28 09:45:38.549823147,100172,189,100080,189,100190,189,100076,189,100191,189,100015,189,100195,189,100012,389,100553,189,100006,189,100661,100,99983,100,100662,100,99974,100,100724,100,99939,100,100763,100,99908,100,100824,100,99903,100
2019-06-28 09:45:40.000000000,100172,322,100080,322,100190,322,100076,322,100191,100,100015,100,100195,100,100012,300,100553,100,100006,100,100661,100,99983,100,100662,100,99974,100,100724,100,99939,100,100763,100,99908,100,100824,100,99903,100
2019-06-28 09:45:48.732316472,100172,322,100080,322,100190,322,100076,322,100191,100,100015,100,100195,100,100012,200,100553,100,100006,100,100661,100,99983,100,100662,100,99974,100,100724,100,99939,100,100763,100,99908,100,100824,100,99903,100
2019-06-28 09:45:50.000000000,100172,189,100080,189,100190,189,100076,189,100191,189,100015,189,100195,189,100012,289,100553,189,100006,189,100661,100,99983,100,100662,100,99974,100,100724,100,99939,100,100763,100,99908,100,100824,100,99903,100
2019-06-28 09:45:56.507968928,100172,189,100080,89,100190,189,100076,189,100191,189,100015,189,100195,89,100012,289,100553,189,100006,189,100661,100,99983,100,100662,100,99974,100,100724,100,99939,100,100763,100,99908,100,100824,100,99903,100
2019-06-28 09:45:58.544961475,100172,189,100080,89,100190,189,100076,189,100191,189,100015,189,100195,89,100012,289,100553,189,100006,189,100661,100,99983,100,100662,100,99974,100,100724,100,99939,100,100763,100,99908,100,100824,100,99903,100
2019-06-28 09:46:00.000000000,100172,322,100076,322,100190,322,100015,322,100191,100,100012,200,100553,100,100006,100,100661,100,99983,100,100662,100,99974,100,100724,100,99939,100,100763,100,99908,100,100824,100,99903,100,101017,100,99839,100
2019-06-28 09:46:10.000000000,100172,251,100076,251,100190,247,100015,247,100191,247,100012,347,100553,100,100006,100,100661,100,99983,100,100662,100,99974,100,100724,100,99939,100,100763,100,99908,100,100824,100,99903,100,101017,100,99839,100
2019-06-28 09:46:20.000000000,100172,322,100076,322,100190,322,100015,322,100191,100,100012,200,100553,100,100006,100,100661,100,99983,100,100662,100,99974,100,100724,100,99939,100,100763,100,99908,100,100824,100,99903,100,101017,100,99839,100
2019-06-28 09:46:24.076289306,100172,322,100076,222,100190,322,100015,322,100191,100,100012,200,100553,100,100006,100,100661,100,99983,100,100662,100,99974,100,100724,100,99939,100,100763,100,99903,100,100824,100,99839,100,101017,100,99782,100
2019-06-28 09:46:25.762223400,100172,322,100076,122,100190,322,100015,322,100191,100,100012,200,100553,100,100006,100,100661,100,99983,100,100662,100,99974,100,100724,100,99939,100,100763,100,99903,100,100824,100,99839,100,101017,100,99782,100
2019-06-28 09:46:30.000000000,100172,211,100015,211,100190,211,100012,311,100191,211,100006,211,100553,211,99983,211,100661,100,99974,100,100662,100,99939,100,100724,100,99903,100,100763,100,99839,100,100824,100,99782,100,101017,100,99775,100
2019-06-28 09:46:36.898838077,100076,100,100015,211,100172,211,100012,311,100190,211,100006,211,100191,211,99983,211,100553,211,99974,100,100661,100,99939,100,100662,100,99903,100,100724,100,99839,100,100763,100,99782,100,100824,100,99775,100
2019-06-28 09:46:40.000000000,100076,251,100015,251,100172,247,100012,347,100190,247,100006,247,100191,100,99983,100,100553,100,99974,100,100661,100,99939,100,100662,100,99903,100,100724,100,99839,100,100763,100,99782,100,100824,100,99775,100
2019-06-28 09:46:40.282378386,100076,251,100015,151,100172,247,100012,347,100190,247,100006,247,100191,100,99983,100,100553,100,99974,100,100661,100,99939,100,100724,100,99903,100,100763,100,99839,100,100824,100,99782,100,101017,100,99775,100
2019-06-28 09:46:50.000000000,100076,189,100012,289,100172,189,100006,189,100190,189,99983,189,100191,189,99974,189,100553,189,99939,189,100661,100,99903,100,100724,100,99839,100,100763,100,99782,100,100824,100,99775,100,101017,100,99699,100
2019-06-28 09:46:51.654792110,100076,189,100012,289,100172,189,100006,189,100190,189,99983,189,100191,189,99974,89,100553,189,99939,189,100661,100,99903,100,100724,100,99839,100,100763,100,99801,100,100824,100,99782,100,101017,100,99775,100
2019-06-28 09:47:00.000000000,100076,211,100012,311,100172,211,100006,211,100190,211,99983,211,100191,211,99939,211,100553,100,99903,100,100661,100,99839,100,100724,100,99801,100,100763,100,99782,100,100824,100,99775,100,101017,100,99699,100
2019-06-28 09:47:04.732918309,100076,211,100012,211,100172,211,100006,211,100190,211,99983,211,100191,211,99939,211,100553,100,99903,100,100661,100,99839,100,100724,100,99801,100,100763,100,99782,100,100824,100,99775,100,101017,100,99699,100
2019-06-28 09:47:10.000000000,100076,211,100012,211,100172,211,100006,211,100190,211,99983,211,100191,211,99939,211,100553,100,99903,100,100661,100,99839,100,100724,100,99801,100,100763,100,99782,100,100824,100,99775,100,101017,100,99699,100
2019-06-28 09:47:20.000000000,100076,544,100012,544,100172,100,100006,100,100190,100,99983,100,100191,100,99939,100,100553,100,99903,100,100661,100,99839,100,100724,100,99801,100,100763,100,99782,100,100824,100,99775,100,101017,100,99699,100
2019-06-28 09:47:30.000000000,100076,544,100012,544,100172,100,100006,100,100190,100,99983,100,100191,100,99939,100,100553,100,99903,100,100661,100,99839,100,100724,100,99801,100,100763,100,99782,100,100824,100,99775,100,101017,100,99699,100
2019-06-28 09:47:31.611995260,100076,544,100012,544,100172,100,100006,100,100190,100,99983,100,100191,100,99939,100,100553,100,99903,100,100661,100,99839,100,100724,100,99801,100,100763,100,99782,100,100824,100,99775,100,101017,100,99699,100
2019-06-28 09:47:32.198948157,100076,544,100012,444,100172,100,100006,100,100190,100,99983,100,100191,100,99939,100,100553,100,99903,100,100661,100,99839,100,100724,100,99801,100,100763,100,99782,100,100824,100,99775,100,101017,100,99699,100
2019-06-28 09:47:35.186756495,100076,544,100012,344,100172,100,100006,100,100190,100,99983,100,100191,100,99939,100,100553,100,99903,100,100661,100,99801,100,100724,100,99782,100,100763,100,99775,100,100824,100,99699,100,101017,100,99624,100
2019-06-28 09:47:40.000000000,100076,544,100006,544,100172,100,99983,100,100190,100,99939,100,100191,100,99903,100,100553,100,99801,100,100661,100,99782,100,100724,100,99775,100,100763,100,99699,100,100824,100,99624,100,101017,100,99613,100
2019-06-28 09:47:40.069880652,100050,100,100006,544,100076,544,99983,100,100172,100,99939,100,100190,100,99903,100,100191,100,99801,100,100553,100,99782,100,100724,100,99775,100,100763,100,99699,100,100824,100,99624,100,101017,100,99613,100
2019-06-28 09:47:50.000000000,100050,211,100006,211,100076,211,99983,211,100172,211,99939,211,100190,211,99903,211,100191,100,99801,100,100553,100,99782,100,100724,100,99775,100,100763,100,99699,100,100824,100,99624,100,101017,100,99613,100
2019-06-28 09:48:00.000000000,100050,544,100006,544,100076,100,99983,100,100172,100,99939,100,100190,100,99903,100,100191,100,99801,100,100553,100,99782,100,100724,100,99775,100,100763,100,99699,100,100824,100,99624,100,101017,100,99613,100
2019-06-28 09:48:09.073293919,100050,444,100006,544,100076,100,99983,100,100172,100,99939,100,100190,100,99903,100,100191,100,99801,100,100553,100,99782,100,100724,100,99775,100,100763,100,99699,100,100824,100,99624,100,101017,100,99613,100
2019-06-28 09:48:10.000000000,100076,211,100006,211,100172,211,99983,211,100190,211,99939,211,100191,211,99903,211,100553,100,99801,100,100724,100,99782,100,100763,100,99775,100,100824,100,99699,100,101017,100,99624,100,,,99613,100
2019-06-28 09:48:10.204430894,100076,211,100012,100,100172,211,100006,211,100190,211,99983,211,100191,211,99939,211,100553,100,99903,211,100724,100,99801,100,100763,100,99782,100,100824,100,99775,100,101017,100,99699,100,,,99624,100
2019-06-28 09:48:20.000000000,100076,322,100012,322,100172,322,100006,322,100190,100,99983,100,100191,100,99939,100,100553,100,99903,100,100724,100,99801,100,100763,100,99782,100,100824,100,99775,100,101017,100,99699,100,,,99624,100
2019-06-28 09:48:30.000000000,100076,544,100012,544,100172,100,100006,100,100190,100,99983,100,100191,100,99939,100,100553,100,99903,100,100724,100,99801,100,100763,100,99782,100,100824,100,99775,100,101017,100,99699,100,,,99624,100
2019-06-28 09:48:33.309054373,100076,444,100012,544,100172,100,100006,100,100190,100,99983,100,100191,100,99939,100,100553,100,99903,100,100724,100,99801,100,100763,100,99782,100,100824,100,99775,100,101017,100,99699,100,,,99624,100
2019-06-28 09:48:40.000000000,100172,544,100012,544,100190,100,100006,100,100191,100,99983,100,100553,100,99939,100,100724,100,99903,100,100763,100,99801,100,100824,100,99782,100,101017,100,99775,100,,,99699,100,,,99624,100
2019-06-28 09:48:43.379217770,100172,544,100012,544,100190,100,100006,100,100191,100,99983,100,100553,100,99939,100,100724,100,99903,100,100763,100,99801,100,100824,100,99782,100,101017,100,99775,100,101279,100,99699,100,,,99624,100
2019-06-28 09:48:50.000000000,100172,544,100012,544,100190,100,100006,100,100191,100,99983,100,100553,100,99939,100,100724,100,99903,100,100763,100,99801,100,100824,100,99782,100,101017,100,99775,100,101279,100,99699,100,,,99624,100
2019-06-28 09:48:54.397791012,100172,444,100012,544,100190,100,99983,100,100191,100,99939,100,100553,100,99903,100,100724,100,99801,100,100763,100,99782,100,100824,100,99775,100,101017,100,99699,100,101279,100,99624,100,,,99613,100
2019-06-28 09:48:56.592115647,100172,444,100012,544,100190,100,99983,100,100191,100,99939,100,100553,100,99903,100,100724,100,99801,100,100763,100,99782,100,100824,100,99775,100,101017,100,99699,100,101279,100,99624,100,101393,100,99613,100
2019-06-28 09:49:00.000000000,100190,544,100012,544,100191,100,99983,100,100553,100,99939,100,100724,100,99903,100,100763,100,99801,100,100824,100,99782,100,101017,100,99775,100,101279,100,99699,100,101393,100,99624,100,,,99613,100
2019-06-28 09:49:08.328034663,100190,444,100012,544,100191,100,99983,100,100553,100,99939,100,100724,100,99903,100,100763,100,99801,100,100824,100,99782,100,101017,100,99775,100,101279,100,99699,100,101393,100,99624,100,,,99613,100
2019-06-28 09:49:10.000000000,100191,211,100012,211,100553,211,99983,211,100724,211,99939,211,100763,211,99903,211,100824,100,99801,100,101017,100,99782,100,101279,100,99775,100,101393,100,99699,100,,,99624,100,,,99613,100
2019-06-28 09:49:18.087081750,100191,211,100012,211,100553,211,99983,211,100724,211,99939,211,100763,211,99903,211,100824,100,99801,100,101017,100,99782,100,101237,100,99775,100,101279,100,99699,100,101393,100,99624,100,,,99613,100
2019-06-28 09:49:20.000000000,100191,322,100012,322,100553,322,99983,322,100724,100,99939,100,100763,100,99903,100,100824,100,99801,100,101017,100,99782,100,101237,100,99775,100,101279,100,99699,100,101393,100,99624,100,,,99613,100
2019-06-28 09:49:30.000000000,100191,189,100012,189,100553,189,99983,189,100724,189,99939,189,100763,189,99903,189,100824,189,99801,189,101017,100,99782,100,101237,100,99775,100,101279,100,99699,100,101393,100,99624,100,,,99613,100
2019-06-28 09:49:33.289037583,100191,89,100012,189,100553,189,99983,189,100724,189,99939,189,100763,189,99903,189,100824,189,99801,189,101017,100,99782,100,101237,100,99775,100,101279,100,99699,100,101393,100,99624,100,,,99613,100
2019-06-28 09:49:36.595968197,100553,189,100191,11,100724,189,100012,189,100763,189,99983,189,100824,189,99939,189,101017,100,99903,189,101237,100,99801,189,101279,100,99782,100,101393,100,99775,100,,,99699,100,,,99624,100
2019-06-28 09:49:40.000000000,100553,251,100191,162,100724,247,100012,247,100763,247,99983,247,100824,100,99939,100,101017,100,99903,100,101237,100,99801,100,101279,100,99782,100,101393,100,99775,100,,,99699,100,,,99624,100
2019-06-28 09:49:50.000000000,100553,211,100191,122,100724,211,100012,211,100763,211,99983,211,100824,211,99939,211,101017,100,99903,100,101237,100,99801,100,101279,100,99782,100,101393,100,99775,100,,,99699,100,,,99624,100
2019-06-28 09:49:51.850410802,100553,111,100191,122,100724,211,100012,211,100763,111,99983,211,100824,211,99939,211,101017,100,99903,100,101237,100,99801,100,101279,100,99782,100,101393,100,99775,100,,,99699,100,,,99624,100
2019-06-28 09:49:55.259841476,100553,111,100192,100,100724,211,100191,122,100763,111,100012,211,100824,211,99983,211,101017,100,99939,211,101237,100,99903,100,101279,100,99801,100,101393,100,99782,100,,,99775,100,,,99699,100
2019-06-28 09:50:00.000000000,100724,211,100192,211,100824,211,100191,122,101017,211,100012,211,101237,211,99983,211,101279,100,99939,100,101393,100,99903,100,,,99801,100,,,99782,100,,,99775,100,,,99699,100
2019-06-28 09:50:10.000000000,100724,322,100192,322,100824,322,100191,233,101017,100,100012,100,101237,100,99983,100,101279,100,99939,100,101393,100,99903,100,,,99801,100,,,99782,100,,,99775,100,,,99699,100
2019-06-28 09:50:20.000000000,100724,189,100192,189,100824,189,100191,100,101017,189,100012,189,101237,189,99983,189,101279,189,99939,189,101393,100,99903,100,,,99801,100,,,99782,100,,,99775,100,,,99699,100
2019-06-28 09:50:30.000000000,100724,322,100192,322,100824,322,100191,233,101017,100,100012,100,101237,100,99983,100,101279,100,99939,100,101393,100,99903,100,,,99801,100,,,99782,100,,,99775,100,,,99699,100
2019-06-28 09:50:40.000000000,100724,544,100192,544,100824,100,100191,11,101017,100,100012,100,101237,100,99983,100,101279,100,99939,100,101393,100,99903,100,,,99801,100,,,99782,100,,,99775,100,,,99699,100
2019-06-28 09:50:48.146277888,100724,544,100192,544,100824,100,100191,11,101017,100,100012,100,101237,100,99983,100,101279,100,99939,100,101393,100,99903,100,101577,100,99782,100,,,99775,100,,,99699,100,,,99624,100
2019-06-28 09:50:50.000000000,100724,251,100192,251,100824,247,100191,158,101017,247,100012,247,101237,100,99983,100,101279,100,99939,100,101393,100,99903,100,101577,100,99782,100,,,99775,100,,,99699,100,,,99624,100
2019-06-28 09:51:00.000000000,100724,189,100192,189,100824,189,100191,100,101017,189,100012,189,101237,189,99983,189,101279,189,99939,189,101393,100,99903,100,101577,100,99782,100,,,99775,100,,,99699,100,,,99624,100
2019-06-28 09:51:10.000000000,100724,251,100192,251,100824,247,100191,158,101017,247,100012,247,101237,100,99983,100,101279,100,99939,100,101393,100,99903,100,101577,100,99782,100,,,99775,100,,,99699,100,,,99624,100
2019-06-28 09:51:16.970209515,100724,251,100192,351,100824,247,100191,158,101017,247,100012,247,101237,100,99983,100,101279,100,99939,100,101393,100,99903,100,101577,100,99782,100,,,99775,100,,,99699,100,,,99624,100
2019-06-28 09:51:20.000000000,100724,322,100192,422,100824,322,100191,233,101017,100,100012,100,101237,100,99983,100,101279,100,99939,100,101393,100,99903,100,101577,100,99782,100,,,99775,100,,,99699,100,,,99624,100
2019-06-28 09:51:24.858027991,100724,322,100192,422,100824,322,100191,233,101017,100,100012,100,101237,100,99983,100,101279,100,99939,100,101393,100,99903,100,101577,100,99782,100,101656,100,99775,100,,,99699,100,,,99624,100
2019-06-28 09:51:29.064793218,100724,222,100192,422,100824,322,100191,233,101017,100,100012,100,101237,100,99983,100,101279,100,99939,100,101393,100,99903,100,101577,100,99782,100,101656,100,99775,100,,,99699,100,,,99624,100
2019-06-28 09:51:30.000000000,100824,322,100192,422,101017,322,100191,233,101237,100,100012,100,101279,100,99983,100,101393,100,99939,100,101577,100,99903,100,101656,100,99782,100,,,99775,100,,,99699,100,,,99624,100
2019-06-28 09:51:34.121771470,100824,322,100553,100,101017,322,100192,422,101237,100,100191,233,101279,100,100012,100,101393,100,99983,100,101577,100,99939,100,101656,100,99903,100,,,99782,100,,,99775,100,,,99699,100
2019-06-28 09:51:40.000000000,100824,211,100553,211,101017,211,100192,311,101237,211,100191,122,101279,211,100012,211,101393,100,99983,100,101577,100,99939,100,101656,100,99903,100,,,99782,100,,,99775,100,,,99699,100
2019-06-28 09:51:50.000000000,100824,211,100553,211,101017,211,100192,311,101237,211,100191,122,101279,211,100012,211,101393,100,99983,100,101577,100,99939,100,101656,100,99903,100,,,99782,100,,,99775,100,,,99699,100
2019-06-28 09:52:00.000000000,100824,211,100553,211,101017,211,100192,311,101237,211,100191,122,101279,211,100012,211,101393,100,99983,100,101577,100,99939,100,101656,100,99903,100,,,99782,100,,,99775,100,,,99699,100
2019-06-28 09:52:01.098194581,100824,111,100553,211,101017,211,100192,311,101237,211,100191,122,101279,211,100012,211,101393,100,99983,100,101577,100,99939,100,101656,100,99903,100,,,99782,100,,,99775,100,,,99699,100
2019-06-28 09:52:07.465874388,100824,111,100553,211,101017,211,100192,311,101237,211,100191,122,101279,211,100012,211,101393,100,99939,100,101577,100,99903,100,101656,100,99782,100,101750,100,99775,100,,,99699,100,,,99624,100
2019-06-28 09:52:10.000000000,101017,544,100553,544,101237,100,100192,200,101279,100,100191,11,101393,100,100012,100,101577,100,99939,100,101656,100,99903,100,101750,100,99782,100,,,99775,100,,,99699,100,,,99624,100
2019-06-28 09:52:10.949886923,101017,444,100553,544,101237,100,100192,200,101279,100,100191,11,101393,100,100012,100,101577,100,99939,100,101656,100,99903,100,101750,100,99782,100,,,99775,100,,,99699,100,,,99624,100
2019-06-28 09:52:11.974501797,101017,444,100553,544,101237,100,100192,200,101279,100,100191,11,101393,100,100012,100,101577,100,99939,100,101656,100,99903,100,101701,100,99782,100,101750,100,99775,100,,,99699,100,,,99624,100
2019-06-28 09:52:20.000000000,101237,189,100553,189,101279,189,100192,289,101393,189,100191,100,101577,189,100012,189,101656,189,99939,189,101701,100,99903,100,101750,100,99782,100,,,99775,100,,,99699,100,,,99624,100
2019-06-28 09:52:24.810864133,101237,189,100553,189,101279,189,100192,289,101393,189,100191,100,101573,100,100012,189,101577,189,99939,189,101656,189,99903,100,101701,100,99782,100,101750,100,99775,100,,,99699,100,,,99624,100
2019-06-28 09:52:26.344282400,101237,89,100553,189,101279,189,100192,289,101393,189,100191,100,101573,100,100012,189,101577,189,99939,189,101656,189,99903,100,101701,100,99782,100,101750,100,99775,100,,,99699,100,,,99624,100
2019-06-28 09:52:30.000000000,101279,251,100553,251,101393,247,100192,347,101573,247,100191,158,101577,100,100012,100,101656,100,99939,100,101701,100,99903,100,101750,100,99782,100,,,99775,100,,,99699,100,,,99624,100
2019-06-28 09:52:40.000000000,101279,544,100553,544,101393,100,100192,200,101573,100,100191,11,101577,100,100012,100,101656,100,99939,100,101701,100,99903,100,101750,100,99782,100,,,99775,100,,,99699,100,,,99624,100
2019-06-28 09:52:50.000000000,101279,251,100553,251,101393,247,100192,347,101573,247,100191,158,101577,100,100012,100,101656,100,99939,100,101701,100,99903,100,101750,100,99782,100,,,99775,100,,,99699,100,,,99624,100
2019-06-28 09:52:52.535375958,101279,251,101017,100,101393,247,100553,251,101573,247,100192,347,101577,100,100191,158,101656,100,100012,100,101701,100,99939,100,101750,100,99903,100,,,99782,100,,,99775,100,,,99699,100
2019-06-28 09:53:00.000000000,101279,544,101017,544,101393,100,100553,100,101573,100,100192,200,101577,100,100191,11,101656,100,100012,100,101701,100,99939,100,101750,100,99903,100,,,99782,100,,,99775,100,,,99699,100
2019-06-28 09:53:10.000000000,101279,189,101017,189,101393,189,100553,189,101573,189,100192,289,101577,189,100191,100,101656,189,100012,189,101701,100,99939,100,101750,100,99903,100,,,99782,100,,,99775,100,,,99699,100
2019-06-28 09:53:12.885150618,101279,189,101017,189,101393,189,100553,189,101573,189,100192,289,101577,189,100191,100,101656,189,100012,189,101701,100,99939,100,101750,100,99903,100,102138,100,99782,100,,,99775,100,,,99699,100
2019-06-28 09:53:18.290912854,101279,189,101017,289,101393,189,100553,189,101573,189,100192,189,101577,189,100191,100,101656,189,100012,189,101701,100,99939,100,101750,100,99903,100,102138,100,99782,100,,,99775,100,,,99699,100
2019-06-28 09:53:20.000000000,101279,544,101017,644,101393,100,100553,100,101573,100,100192,100,101577,100,100191,11,101656,100,100012,100,101701,100,99939,100,101750,100,99903,100,102138,100,99782,100,,,99775,100,,,99699,100
2019-06-28 09:53:21.462397073,101279,544,101017,644,101393,100,100553,100,101573,100,100192,100,101577,100,100191,11,101656,100,100012,100,101701,100,99939,100,101750,100,99903,100,102019,100,99782,100,102138,100,99775,100,,,99699,100
2019-06-28 09:53:22.701857990,101279,444,101017,644,101393,100,100553,100,101573,100,100192,100,101577,100,100191,11,101656,100,100012,100,101701,100,99939,100,101750,100,99903,100,102019,100,99782,100,102138,100,99775,100,,,99699,100
2019-06-28 09:53:26.820615737,101279,344,101017,644,101393,100,100553,100,101573,100,100192,100,101577,100,100191,11,101656,100,100012,100,101701,100,99939,100,101750,100,99903,100,102019,100,99782,100,102138,100,99775,100,,,99699,100
2019-06-28 09:53:30.000000000,101393,189,101017,289,101573,189,100553,189,101577,189,100192,189,101656,189,100191,100,101701,189,100012,189,101750,100,99939,100,102019,100,99903,100,102138,100,99782,100,,,99775,100,,,99699,100
2019-06-28 09:53:31.635212308,101393,89,101017,289,101573,89,100553,189,101577,189,100192,189,101656,189,100191,100,101701,189,100012,189,101750,100,99939,100,102019,100,99903,100,102138,100,99782,100,,,99775,100,,,99699,100
2019-06-28 09:53:40.000000000,101577,189,101017,289,101656,189,100553,189,101701,189,100192,189,101750,189,100191,100,102019,189,100012,189,102138,100,99939,100,,,99903,100,,,99782,100,,,99775,100,,,99699,100
2019-06-28 09:53:50.000000000,101577,251,101017,351,101656,247,100553,247,101701,247,100192,247,101750,100,100191,11,102019,100,100012,100,102138,100,99939,100,,,99903,100,,,99782,100,,,99775,100,,,99699,100
2019-06-28 09:53:54.187887642,101577,151,101017,351,101656,247,100553,247,101701,247,100192,247,101750,100,100191,11,102019,100,100012,100,102138,100,99939,100,,,99903,100,,,99782,100,,,99775,100,,,99699,100
2019-06-28 09:53:55.381656065,101577,51,101017,351,101656,247,100553,247,101701,247,100192,247,101750,100,100191,11,102019,100,100012,100,102138,100,99939,100,,,99903,100,,,99782,100,,,99775,100,,,99624,100
2019-06-28 09:54:00.000000000,101656,189,101017,289,101701,189,100553,189,101750,189,100192,189,102019,189,100191,100,102138,189,100012,189,,,99939,100,,,99903,100,,,99782,100,,,99775,100,,,99624,100
2019-06-28 09:54:10.000000000,101656,322,101017,422,101701,322,100553,322,101750,100,100192,100,102019,100,100191,11,102138,100,100012,100,,,99939,100,,,99903,100,,,99782,100,,,99775,100,,,99624,100
2019-06-28 09:54:11.071541179,101656,322,101577,100,101701,322,101017,422,101750,100,100553,322,102019,100,100192,100,102138,100,100191,11,,,100012,100,,,99939,100,,,99903,100,,,99782,100,,,99775,100
2019-06-28 09:54:11.888832730,101656,322,101577,100,101701,322,101529,100,101750,100,101017,422,102019,100,100553,322,102138,100,100192,100,,,100191,11,,,100012,100,,,99939,100,,,99903,100,,,99782,100
2019-06-28 09:54:17.072147085,101656,322,101577,200,101701,322,101529,100,101750,100,101017,422,102019,100,100553,322,102138,100,100192,100,,,100191,11,,,100012,100,,,99939,100,,,99903,100,,,99782,100
2019-06-28 09:54:19.447129386,101656,222,101577,200,101701,322,101529,100,101750,100,101017,422,102019,100,100553,322,102138,100,100192,100,,,100012,100,,,99939,100,,,99903,100,,,99782,100,,,99775,100
2019-06-28 09:54:20.000000000,101701,544,101577,644,101750,100,101529,100,102019,100,101017,200,102138,100,100553,100,,,100192,100,,,100012,100,,,99939,100,,,99903,100,,,99782,100,,,99775,100
2019-06-28 09:54:22.256979256,101701,544,101578,100,101750,100,101577,644,102019,100,101529,100,102138,100,101017,200,,,100553,100,,,100192,100,,,100012,100,,,99939,100,,,99903,100,,,99782,100
2019-06-28 09:54:29.545967918,101701,544,101578,100,101750,100,101577,644,101896,100,101529,100,102019,100,101017,200,102138,100,100553,100,,,100192,100,,,100012,100,,,99939,100,,,99903,100,,,99782,100
2019-06-28 09:54:30.000000000,101701,189,101578,189,101750,189,101577,289,101896,189,101529,189,102019,189,101017,289,102138,189,100553,189,,,100192,100,,,100012,100,,,99939,100,,,99903,100,,,99782,100
2019-06-28 09:54:36.772597305,101701,189,101578,189,101750,189,101577,289,101896,189,101529,189,102019,189,101017,289,102082,100,100553,189,102138,189,100192,100,,,100012,100,,,99939,100,,,99903,100,,,99782,100
2019-06-28 09:54:40.000000000,101701,189,101578,189,101750,189,101577,289,101896,189,101529,189,102019,189,101017,289,102082,189,100553,189,102138,100,100192,100,,,100012,100,,,99939,100,,,99903,100,,,99782,100
2019-06-28 09:54:50.000000000,101701,189,101578,189,101750,189,101577,289,101896,189,101529,189,102019,189,101017,289,102082,189,100553,189,102138,100,100192,100,,,100012,100,,,99939,100,,,99903,100,,,99782,100
2019-06-28 09:54:51.500339700,101701,89,101578,189,101750,189,101577,289,101896,189,101529,189,102019,189,101017,289,102082,189,100553,189,102138,100,100192,100,,,100012,100,,,99939,100,,,99903,100,,,99782,100
2019-06-28 09:55:00.000000000,101750,544,101578,544,101896,100,101577,200,102019,100,101529,100,102082,100,101017,200,102138,100,100553,100,,,100192,100,,,100012,100,,,99939,100,,,99903,100,,,99782,100
2019-06-28 09:55:09.856088673,101750,544,101578,544,101896,100,101577,200,102019,100,101529,100,102082,100,101017,200,102087,100,100553,100,102138,100,100192,100,,,100012,100,,,99939,100,,,99903,100,,,99782,100
2019-06-28 09:55:10.000000000,101750,211,101578,211,101896,211,101577,311,102019,211,101529,211,102082,211,101017,311,102087,100,100553,100,102138,100,100192,100,,,100012,100,,,99939,100,,,99903,100,,,99782,100
2019-06-28 09:55:20.000000000,101750,189,101578,189,101896,189,101577,289,102019,189,101529,189,102082,189,101017,289,102087,189,100553,189,102138,100,100192,100,,,100012,100,,,99939,100,,,99903,100,,,99782,100
2019-06-28 09:55:20.878669234,101750,189,101656,100,101896,189,101578,189,102019,189,101577,189,102082,189,101529,189,102087,189,101017,289,102138,100,100553,189,,,100192,100,,,100012,100,,,99939,100,,,99903,100
2019-06-28 09:55:30.000000000,101750,189,101656,189,101896,189,101578,189,102019,189,101577,189,102082,189,101529,189,102087,189,101017,289,102138,100,100553,100,,,100192,100,,,100012,100,,,99939,100,,,99903,100
2019-06-28 09:55:40.000000000,101750,544,101656,544,101896,100,101578,100,102019,100,101577,100,102082,100,101529,100,102087,100,101017,200,102138,100,100553,100,,,100192,100,,,100012,100,,,99939,100,,,99903,100
2019-06-28 09:55:50.000000000,101750,251,101656,251,101896,247,101578,247,102019,247,101577,247,102082,100,101529,100,102087,100,101017,200,102138,100,100553,100,,,100192,100,,,100012,100,,,99939,100,,,99903,100
2019-06-28 09:55:51.559560104,101750,251,101656,151,101896,247,101578,247,102019,247,101577,247,102082,100,101529,100,102087,100,101017,200,102138,100,100553,100,,,100192,100,,,100012,100,,,99939,100,,,99903,100
2019-06-28 09:56:00.000000000,101750,544,101578,544,101896,100,101577,100,102019,100,101529,100,102082,100,101017,200,102087,100,100553,100,102138,100,100192,100,,,100012,100,,,99939,100,,,99903,100,,,99782,100
2019-06-28 09:56:01.818867565,101629,100,101578,544,101750,544,101577,100,101896,100,101529,100,102019,100,101017,200,102082,100,100553,100,102087,100,100192,100,102138,100,100012,100,,,99939,100,,,99903,100,,,99782,100
2019-06-28 09:56:10.000000000,101629,189,101578,189,101750,189,101577,189,101896,189,101529,189,102019,189,101017,289,102082,189,100553,189,102087,100,100192,100,102138,100,100012,100,,,99939,100,,,99903,100,,,99782,100
2019-06-28 09:56:18.159176679,101629,89,101578,189,101750,189,101577,189,101896,189,101529,189,102019,189,101017,289,102082,189,100553,189,102087,100,100192,100,102138,100,100012,100,,,99939,100,,,99903,100,,,99782,100
2019-06-28 09:56:20.000000000,101750,322,101578,322,101896,322,101577,322,102019,100,101529,100,102082,100,101017,200,102087,100,100553,100,102138,100,100192,100,,,100012,100,,,99939,100,,,99903,100,,,99782,100
2019-06-28 09:56:30.000000000,101750,189,101578,189,101896,189,101577,189,102019,189,101529,189,102082,189,101017,289,102087,189,100553,189,102138,100,100192,100,,,100012,100,,,99939,100,,,99903,100,,,99782,100
2019-06-28 09:56:40.000000000,101750,544,101578,544,101896,100,101577,100,102019,100,101529,100,102082,100,101017,200,102087,100,100553,100,102138,100,100192,100,,,100012,100,,,99939,100,,,99903,100,,,99782,100
2019-06-28 09:56:43.885637675,101750,544,101578,444,101896,100,101577,100,102019,100,101529,100,102082,100,101017,200,102087,100,100553,100,102138,100,100192,100,,,100012,100,,,99939,100,,,99903,100,,,99782,100
2019-06-28 09:56:50.000000000,101750,211,101577,211,101896,211,101529,211,102019,211,101017,311,102082,211,100553,211,102087,100,100192,100,102138,100,100012,100,,,99939,100,,,99903,100,,,99782,100,,,99775,100
2019-06-28 09:56:53.866662351,101750,211,101577,111,101896,211,101529,211,102019,211,101017,311,102082,211,100553,211,102087,100,100192,100,102138,100,100012,100,,,99939,100,,,99903,100,,,99782,100,,,99775,100
2019-06-28 09:56:54.649118378,101750,211,101577,111,101896,211,101529,211,102019,211,101017,311,102082,211,100553,211,102087,100,100012,100,102138,100,99939,100,,,99903,100,,,99782,100,,,99775,100,,,99613,100
2019-06-28 09:57:00.000000000,101750,544,101529,544,101896,100,101017,200,102019,100,100553,100,102082,100,100012,100,102087,100,99939,100,102138,100,99903,100,,,99782,100,,,99775,100,,,99613,100,,,99519,100
2019-06-28 09:57:10.000000000,101750,211,101529,211,101896,211,101017,311,102019,211,100553,211,102082,211,100012,211,102087,100,99939,100,102138,100,99903,100,,,99782,100,,,99775,100,,,99613,100,,,99519,100
2019-06-28 09:57:12.466619597,101578,100,101529,211,101750,211,101017,311,101896,211,100553,211,102019,211,100012,211,102082,211,99939,100,102087,100,99903,100,102138,100,99782,100,,,99775,100,,,99613,100,,,99519,100
2019-06-28 09:57:15.110877051,101578,100,101529,211,101750,211,101234,100,101896,211,101017,311,102019,211,100553,211,102082,211,100012,211,102087,100,99939,100,102138,100,99903,100,,,99782,100,,,99775,100,,,99613,100
2019-06-28 09:57:20.000000000,101578,322,101529,322,101750,322,101234,322,101896,100,101017,200,102019,100,100553,100,102082,100,100012,100,102087,100,99939,100,102138,100,99903,100,,,99782,100,,,99775,100,,,99613,100
2019-06-28 09:57:24.410299131,101578,322,101529,322,101750,322,101350,100,101896,100,101234,322,102019,100,101017,200,102082,100,100553,100,102087,100,100012,100,102138,100,99939,100,,,99903,100,,,99782,100,,,99775,100
2019-06-28 09:57:27.167328458,101578,422,101529,322,101750,322,101350,100,101896,100,101234,322,102019,100,101017,200,102082,100,100553,100,102087,100,100012,100,102138,100,99939,100,,,99903,100,,,99782,100,,,99775,100
2019-06-28 09:57:30.000000000,101578,422,101529,322,101750,322,101350,322,101896,100,101234,100,102019,100,101017,200,102082,100,100553,100,102087,100,100012,100,102138,100,99939,100,,,99903,100,,,99782,100,,,99775,100
2019-06-28 09:57:33.210006729,101578,522,101529,322,101750,322,101350,322,101896,100,101234,100,102019,100,101017,200,102082,100,100553,100,102087,100,100012,100,102138,100,99939,100,,,99903,100,,,99782,100,,,99775,100
2019-06-28 09:57:40.000000000,101578,451,101529,251,101750,247,101350,247,101896,247,101234,247,102019,100,101017,200,102082,100,100553,100,102087,100,100012,100,102138,100,99939,100,,,99903,100,,,99782,100,,,99775,100
2019-06-28 09:57:41.890413550,101578,351,101529,251,101750,247,101350,247,101896,247,101234,247,102019,100,101017,200,102082,100,100553,100,102087,100,100012,100,102138,100,99939,100,,,99903,100,,,99782,100,,,99775,100
2019-06-28 09:57:50.000000000,101578,311,101529,211,101750,211,101350,211,101896,211,101234,211,102019,211,101017,311,102082,100,100553,100,102087,100,100012,100,102138,100,99939,100,,,99903,100,,,99782,100,,,99775,100
2019-06-28 09:57:58.244230386,101578,411,101529,211,101750,211,101350,211,101896,211,101234,211,102019,211,101017,211,102082,100,100553,100,102087,100,100012,100,102138,100,99939,100,,,99903,100,,,99782,100,,,99775,100
2019-06-28 09:58:00.000000000,101578,389,101529,189,101750,189,101350,189,101896,189,101234,189,102019,189,101017,189,102082,189,100553,189,102087,100,100012,100,102138,100,99939,100,,,99903,100,,,99782,100,,,99775,100
2019-06-28 09:58:03.963134816,101578,389,101529,89,101750,189,101350,189,101896,189,101234,189,102019,189,101017,189,102082,189,100553,189,102087,100,100012,100,102138,100,99939,100,,,99903,100,,,99782,100,,,99775,100
2019-06-28 09:58:06.414187528,101578,389,101529,89,101667,100,101350,189,101750,189,101234,189,101896,189,101017,189,102019,189,100553,189,102082,189,100012,100,102087,100,99939,100,102138,100,99903,100,,,99782,100,,,99775,100
2019-06-28 09:58:10.000000000,101578,744,101350,544,101667,100,101234,100,101750,100,101017,100,101896,100,100553,100,102019,100,100012,100,102082,100,99939,100,102087,100,99903,100,102138,100,99782,100,,,99775,100,,,99613,100
2019-06-28 09:58:20.000000000,101578,522,101350,322,101667,322,101234,322,101750,100,101017,100,101896,100,100553,100,102019,100,100012,100,102082,100,99939,100,102087,100,99903,100,102138,100,99782,100,,,99775,100,,,99613,100
2019-06-28 09:58:30.000000000,101578,389,101350,189,101667,189,101234,189,101750,189,101017,189,101896,189,100553,189,102019,189,100012,189,102082,100,99939,100,102087,100,99903,100,102138,100,99782,100,,,99775,100,,,99613,100
2019-06-28 09:58:36.968864373,101578,289,101350,189,101667,189,101234,189,101750,189,101017,189,101896,189,100553,189,102019,189,100012,189,102082,100,99939,100,102087,100,99903,100,102138,100,99782,100,,,99775,100,,,99613,100
2019-06-28 09:58:39.655211992,101578,289,101530,100,101667,189,101350,189,101750,189,101234,189,101896,189,101017,189,102019,189,100553,189,102082,100,100012,189,102087,100,99939,100,102138,100,99903,100,,,99782,100,,,99775,100
2019-06-28 09:58:40.000000000,101578,422,101530,322,101667,322,101350,322,101750,100,101234,100,101896,100,101017,100,102019,100,100553,100,102082,100,100012,100,102087,100,99939,100,102138,100,99903,100,,,99782,100,,,99775,100
2019-06-28 09:58:50.000000000,101578,351,101530,251,101667,247,101350,247,101750,247,101234,247,101896,100,101017,100,102019,100,100553,100,102082,100,100012,100,102087,100,99939,100,102138,100,99903,100,,,99782,100,,,99775,100
2019-06-28 09:58:56.494905214,101578,351,101530,251,101667,247,101438,100,101750,247,101350,247,101896,100,101234,247,102019,100,101017,100,102082,100,100553,100,102087,100,100012,100,102138,100,99939,100,,,99903,100,,,99782,100
2019-06-28 09:59:00.000000000,101578,289,101530,189,101667,189,101438,189,101750,189,101350,189,101896,189,101234,189,102019,189,101017,189,102082,100,100553,100,102087,100,100012,100,102138,100,99939,100,,,99903,100,,,99782,100
2019-06-28 09:59:10.000000000,101578,289,101530,189,101667,189,101438,189,101750,189,101350,189,101896,189,101234,189,102019,189,101017,189,102082,100,100553,100,102087,100,100012,100,102138,100,99939,100,,,99903,100,,,99782,100
2019-06-28 09:59:12.223259359,101544,100,101530,189,101578,289,101438,189,101667,189,101350,189,101750,189,101234,189,101896,189,101017,189,102019,189,100553,100,102082,100,100012,100,102087,100,99939,100,102138,100,99903,100,,,99782,100
2019-06-28 09:59:12.279329905,101578,289,101530,189,101667,189,101438,189,101750,189,101350,189,101896,189,101234,189,102019,189,101017,189,102082,100,100553,100,102087,100,100012,100,,,99939,100,,,99903,100,,,99782,100
2019-06-28 09:59:15.654064489,101578,189,101530,189,101667,189,101438,189,101750,189,101350,189,101896,189,101234,189,102019,189,101017,189,102082,100,100553,100,102087,100,100012,100,,,99939,100,,,99903,100,,,99782,100
2019-06-28 09:59:18.193390773,101578,189,101530,189,101667,189,101438,189,101750,189,101350,189,101896,189,101234,189,102019,189,101230,100,102082,100,101017,189,102087,100,100553,100,,,100012,100,,,99939,100,,,99903,100
2019-06-28 09:59:20.000000000,101578,211,101530,211,101667,211,101438,211,101750,211,101350,211,101896,211,101234,211,102019,100,101230,100,102082,100,101017,100,102087,100,100553,100,,,100012,100,,,99939,100,,,99903,100
2019-06-28 09:59:25.418775212,101577,100,101530,211,101578,211,101438,211,101667,211,101350,211,101750,211,101234,211,101896,211,101230,100,102019,100,101017,100,102082,100,100553,100,102087,100,100012,100,,,99939,100,,,99903,100
2019-06-28 09:59:28.605031002,101577,100,101530,211,101578,211,101438,211,101667,211,101350,211,101750,211,101234,211,101896,211,101230,100,102019,100,101017,100,102082,100,100553,100,102087,100,100012,100,,,99939,100,,,99903,100
2019-06-28 09:59:30.000000000,101577,189,101530,189,101578,189,101438,189,101667,189,101350,189,101750,189,101234,189,101896,189,101230,189,102019,100,101017,100,102082,100,100553,100,102087,100,100012,100,,,99939,100,,,99903,100
2019-06-28 09:59:40.000000000,101577,322,101530,322,101578,322,101438,322,101667,100,101350,100,101750,100,101234,100,101896,100,101230,100,102019,100,101017,100,102082,100,100553,100,102087,100,100012,100,,,99939,100,,,99903,100
2019-06-28 09:59:50.000000000,101577,211,101530,211,101578,211,101438,211,101667,211,101350,211,101750,211,101234,211,101896,100,101230,100,102019,100,101017,100,102082,100,100553,100,102087,100,100012,100,,,99939,100,,,99903,100
2019-06-28 09:59:50.257314173,101577,211,101530,211,101578,211,101438,211,101625,100,101350,211,101667,211,101234,211,101750,211,101230,100,101896,100,101017,100,102082,100,100553,100,102087,100,100012,100,,,99939,100,,,99903,100
2019-06-28 10:00:00.000000000,101577,251,101530,251,101578,247,101438,247,101625,247,101350,247,101667,100,101234,100,101750,100,101230,100,101896,100,101017,100,102082,100,100553,100,102087,100,100012,100,,,99939,100,,,99903,100
2019-06-28 10:00:10.000000000,101577,322,101530,322,101578,322,101438,322,101625,100,101350,100,101667,100,101234,100,101750,100,101230,100,101896,100,101017,100,102082,100,100553,100,102087,100,100012,100,,,99939,100,,,99903,100
2019-06-28 10:00:13.213279121,101577,222,101530,322,101578,322,101438,322,101625,100,101350,100,101667,100,101234,100,101750,100,101230,100,101896,100,101017,100,102087,100,100553,100,,,100012,100,,,99939,100,,,99903,100
2019-06-28 10:00:20.000000000,101578,251,101530,251,101625,247,101438,247,101667,247,101350,247,101750,100,101234,100,101896,100,101230,100,102087,100,101017,100,,,100553,100,,,100012,100,,,99939,100,,,99903,100
2019-06-28 10:00:22.228975913,101578,251,101577,100,101625,247,101530,251,101667,247,101438,247,101750,100,101350,247,101896,100,101234,100,102087,100,101230,100,,,101017,100,,,100553,100,,,100012,100,,,99939,100
2019-06-28 10:00:30.000000000,101578,251,101577,251,101625,247,101530,247,101667,247,101438,247,101750,100,101350,100,101896,100,101234,100,102087,100,101230,100,,,101017,100,,,100553,100,,,100012,100,,,99939,100
2019-06-28 10:00:40.000000000,101578,211,101577,211,101625,211,101530,211,101667,211,101438,211,101750,211,101350,211,101896,100,101234,100,102087,100,101230,100,,,101017,100,,,100553,100,,,100012,100,,,99939,100
2019-06-28 10:00:49.042068736,101578,211,101577,111,101625,211,101530,211,101667,211,101438,211,101750,211,101350,211,101896,100,101234,100,102087,100,101230,100,,,101017,100,,,100553,100,,,100012,100,,,99939,100
2019-06-28 10:00:50.000000000,101578,544,101530,544,101625,100,101438,100,101667,100,101350,100,101750,100,101234,100,101896,100,101230,100,102087,100,101017,100,,,100553,100,,,100012,100,,,99939,100,,,99903,100
2019-06-28 10:01:00.000000000,101578,211,101530,211,101625,211,101438,211,101667,211,101350,211,101750,211,101234,211,101896,100,101230,100,102087,100,101017,100,,,100553,100,,,100012,100,,,99939,100,,,99903,100
2019-06-28 10:01:06.688403669,101576,100,101530,211,101578,211,101438,211,101625,211,101350,211,101667,211,101234,211,101750,211,101230,100,101896,100,101017,100,102087,100,100553,100,,,100012,100,,,99939,100,,,99903,100
2019-06-28 10:01:10.000000000,101576,189,101530,189,101578,189,101438,189,101625,189,101350,189,101667,189,101234,189,101750,189,101230,189,101896,100,101017,100,102087,100,100553,100,,,100012,100,,,99939,100,,,99903,100
2019-06-28 10:01:20.000000000,101576,322,101530,322,101578,322,101438,322,101625,100,101350,100,101667,100,101234,100,101750,100,101230,100,101896,100,101017,100,102087,100,100553,100,,,100012,100,,,99939,100,,,99903,100
2019-06-28 10:01:22.318323402,101576,322,101530,322,101578,322,101438,322,101625,100,101350,100,101667,100,101234,100,101750,100,101230,100,101896,100,101211,100,102087,100,101017,100,,,100553,100,,,100012,100,,,99939,100
2019-06-28 10:01:30.000000000,101576,211,101530,211,101578,211,101438,211,101625,211,101350,211,101667,211,101234,211,101750,100,101230,100,101896,100,101211,100,102087,100,101017,100,,,100553,100,,,100012,100,,,99939,100
2019-06-28 10:01:40.000000000,101576,544,101530,544,101578,100,101438,100,101625,100,101350,100,101667,100,101234,100,101750,100,101230,100,101896,100,101211,100,102087,100,101017,100,,,100553,100,,,100012,100,,,99939,100
2019-06-28 10:01:48.475931988,101576,644,101530,544,101578,100,101438,100,101625,100,101350,100,101667,100,101234,100,101750,100,101230,100,101896,100,101211,100,102087,100,101017,100,,,100553,100,,,100012,100,,,99939,100
2019-06-28 10:01:50.000000000,101576,311,101530,211,101578,211,101438,211,101625,211,101350,211,101667,211,101234,211,101750,100,101230,100,101896,100,101211,100,102087,100,101017,100,,,100553,100,,,100012,100,,,99939,100
2019-06-28 10:02:00.000000000,101576,644,101530,544,101578,100,101438,100,101625,100,101350,100,101667,100,101234,100,101750,100,101230,100,101896,100,101211,100,102087,100,101017,100,,,100553,100,,,100012,100,,,99939,100
2019-06-28 10:02:10.000000000,101576,289,101530,189,101578,189,101438,189,101625,189,101350,189,101667,189,101234,189,101750,189,101230,189,101896,100,101211,100,102087,100,101017,100,,,100553,100,,,100012,100,,,99939,100
2019-06-28 10:02:17.097156368,101576,289,101530,189,101578,189,101438,189,101625,189,101418,100,101667,189,101350,189,101750,189,101234,189,101896,100,101230,189,102087,100,101211,100,,,101017,100,,,100553,100,,,100012,100
2019-06-28 10:02:18.375537395,101576,289,101530,189,101578,189,101438,189,101625,189,101418,100,101667,189,101409,100,101750,189,101350,189,101896,100,101234,189,102087,100,101230,89,,,101211,100,,,101017,100,,,100553,100
2019-06-28 10:02:20.000000000,101576,644,101530,544,101578,100,101438,100,101625,100,101418,100,101667,100,101409,100,101750,100,101350,100,101896,100,101234,100,102087,100,101211,100,,,101017,100,,,100553,100,,,100012,100
2019-06-28 10:02:28.953268835,101576,644,101530,444,101578,100,101438,100,101625,100,101418,100,101667,100,101409,100,101750,100,101350,100,101896,100,101234,100,102087,100,101211,100,,,101017,100,,,100553,100,,,100012,100
2019-06-28 10:02:30.000000000,101576,351,101438,251,101578,247,101418,247,101625,247,101409,247,101667,100,101350,100,101750,100,101234,100,101896,100,101211,100,102087,100,101017,100,,,100553,100,,,100012,100,,,99939,100
2019-06-28 10:02:40.000000000,101576,289,101438,189,101578,189,101418,189,101625,189,101409,189,101667,189,101350,189,101750,189,101234,189,101896,100,101211,100,102087,100,101017,100,,,100553,100,,,100012,100,,,99939,100
2019-06-28 10:02:43.824839808,101548,100,101438,189,101576,289,101418,189,101578,189,101409,189,101625,189,101350,189,101667,189,101234,189,101750,189,101211,100,101896,100,101017,100,102087,100,100553,100,,,100012,100,,,99939,100
2019-06-28 10:02:50.000000000,101548,251,101438,251,101576,347,101418,247,101578,247,101409,247,101625,100,101350,100,101667,100,101234,100,101750,100,101211,100,101896,100,101017,100,102087,100,100553,100,,,100012,100,,,99939,100
2019-06-28 10:03:00.000000000,101548,544,101438,544,101576,200,101418,100,101578,100,101409,100,101625,100,101350,100,101667,100,101234,100,101750,100,101211,100,101896,100,101017,100,102087,100,100553,100,,,100012,100,,,99939,100
2019-06-28 10:03:04.760407842,101548,544,101438,544,101576,200,101418,100,101625,100,101409,100,101667,100,101350,100,101750,100,101234,100,101896,100,101211,100,102087,100,101017,100,,,100553,100,,,100012,100,,,99939,100
2019-06-28 10:03:10.000000000,101548,322,101438,322,101576,422,101418,322,101625,100,101409,100,101667,100,101350,100,101750,100,101234,100,101896,100,101211,100,102087,100,101017,100,,,100553,100,,,100012,100,,,99939,100
2019-06-28 10:03:20.000000000,101548,251,101438,251,101576,347,101418,247,101625,247,101409,247,101667,100,101350,100,101750,100,101234,100,101896,100,101211,100,102087,100,101017,100,,,100553,100,,,100012,100,,,99939,100
2019-06-28 10:03:30.000000000,101548,189,101438,189,101576,289,101418,189,101625,189,101409,189,101667,189,101350,189,101750,189,101234,189,101896,100,101211,100,102087,100,101017,100,,,100553,100,,,100012,100,,,99939,100
2019-06-28 10:03:36.001376341,101548,189,101438,189,101575,100,101418,189,101576,289,101409,189,101625,189,101350,189,101667,189,101234,189,101750,189,101211,100,101896,100,101017,100,102087,100,100553,100,,,100012,100,,,99939,100
2019-06-28 10:03:40.000000000,101548,322,101438,322,101575,322,101418,322,101576,200,101409,100,101625,100,101350,100,101667,100,101234,100,101750,100,101211,100,101896,100,101017,100,102087,100,100553,100,,,100012,100,,,99939,100
2019-06-28 10:03:43.989259104,101456,100,101438,322,101548,322,101418,322,101575,322,101409,100,101576,200,101350,100,101625,100,101234,100,101667,100,101211,100,101750,100,101017,100,101896,100,100553,100,102087,100,100012,100,,,99939,100
2019-06-28 10:03:50.000000000,101456,211,101438,211,101548,211,101418,211,101575,211,101409,211,101576,311,101350,211,101625,100,101234,100,101667,100,101211,100,101750,100,101017,100,101896,100,100553,100,102087,100,100012,100,,,99939,100
2019-06-28 10:04:00.000000000,101456,322,101438,322,101548,322,101418,322,101575,100,101409,100,101576,200,101350,100,101625,100,101234,100,101667,100,101211,100,101750,100,101017,100,101896,100,100553,100,102087,100,100012,100,,,99939,100
2019-06-28 10:04:10.000000000,101456,544,101438,544,101548,100,101418,100,101575,100,101409,100,101576,200,101350,100,101625,100,101234,100,101667,100,101211,100,101750,100,101017,100,101896,100,100553,100,102087,100,100012,100,,,99939,100
2019-06-28 10:04:16.848846614,101456,544,101438,444,101548,100,101418,100,101575,100,101409,100,101576,200,101350,100,101625,100,101234,100,101667,100,101211,100,101750,100,101017,100,101896,100,100553,100,102087,100,100012,100,,,99939,100
2019-06-28 10:04:20.000000000,101456,544,101418,544,101548,100,101409,100,101575,100,101350,100,101576,200,101234,100,101625,100,101211,100,101667,100,101017,100,101750,100,100553,100,101896,100,100012,100,102087,100,99939,100,,,99775,100
2019-06-28 10:04:23.534988121,101456,544,101418,544,101548,100,101409,100,101575,100,101350,100,101576,200,101234,100,101625,100,101211,100,101667,100,101039,100,101750,100,101017,100,101896,100,100553,100,102087,100,100012,100,,,99939,100
2019-06-28 10:04:30.000000000,101456,322,101418,322,101548,322,101409,322,101575,100,101350,100,101576,200,101234,100,101625,100,101211,100,101667,100,101039,100,101750,100,101017,100,101896,100,100553,100,102087,100,100012,100,,,99939,100
2019-06-28 10:04:34.747547923,101456,322,101418,322,101548,322,101409,322,101575,100,101350,100,101576,200,101234,100,101625,100,101211,100,101667,100,101039,100,101750,100,101017,100,101896,100,100012,100,102087,100,99939,100,,,99775,100
2019-06-28 10:04:37.652473414,101456,322,101418,322,101548,322,101409,322,101575,100,101350,100,101576,200,101234,100,101625,100,101221,100,101667,100,101211,100,101750,100,101039,100,101896,100,101017,100,102087,100,100012,100,,,99939,100
2019-06-28 10:04:38.731919841,101456,322,101418,322,101548,322,101409,322,101575,100,101350,100,101576,200,101234,100,101625,100,101221,100,101667,100,101211,100,101750,100,101040,100,101896,100,101039,100,102087,100,101017,100,,,100012,100
2019-06-28 10:04:40.000000000,101456,211,101418,211,101548,211,101409,211,101575,211,101350,211,101576,311,101234,211,101625,100,101221,100,101667,100,101211,100,101750,100,101040,100,101896,100,101039,100,102087,100,101017,100,,,100012,100
2019-06-28 10:04:50.000000000,101456,211,101418,211,101548,211,101409,211,101575,211,101350,211,101576,311,101234,211,101625,100,101221,100,101667,100,101211,100,101750,100,101040,100,101896,100,101039,100,102087,100,101017,100,,,100012,100
2019-06-28 10:04:57.493549657,101456,211,101418,111,101548,211,101409,211,101575,211,101350,211,101576,311,101234,211,101625,100,101221,100,101667,100,101211,100,101750,100,101040,100,101896,100,101039,100,102087,100,101017,100,,,100012,100
2019-06-28 10:04:57.793929832,101438,100,101418,111,101456,211,101409,211,101548,211,101350,211,101575,211,101234,211,101576,311,101221,100,101625,100,101211,100,101667,100,101040,100,101750,100,101039,100,101896,100,101017,100,102087,100,100012,100
2019-06-28 10:05:00.000000000,101438,251,101409,251,101456,247,101350,247,101548,247,101234,247,101575,100,101221,100,101576,200,101211,100,101625,100,101040,100,101667,100,101039,100,101750,100,101017,100,101896,100,100012,100,102087,100,99939,100
2019-06-28 10:05:07.044022092,101438,351,101409,251,101456,247,101350,247,101548,247,101234,247,101575,100,101221,100,101576,200,101211,100,101625,100,101040,100,101667,100,101039,100,101750,100,101017,100,101896,100,99939,100,102087,100,99775,100
2019-06-28 10:05:10.000000000,101438,311,101409,211,101456,211,101350,211,101548,211,101234,211,101575,211,101221,211,101576,200,101211,100,101625,100,101040,100,101667,100,101039,100,101750,100,101017,100,101896,100,99939,100,102087,100,99775,100
2019-06-28 10:05:20.000000000,101438,351,101409,251,101456,247,101350,247,101548,247,101234,247,101575,100,101221,100,101576,200,101211,100,101625,100,101040,100,101667,100,101039,100,101750,100,101017,100,101896,100,99939,100,102087,100,99775,100
2019-06-28 10:05:30.000000000,101438,351,101409,251,101456,247,101350,247,101548,247,101234,247,101575,100,101221,100,101576,200,101211,100,101625,100,101040,100,101667,100,101039,100,101750,100,101017,100,101896,100,99939,100,102087,100,99775,100
