,ask_price_1,ask_size_1,bid_price_1,bid_size_1,ask_price_2,ask_size_2,bid_price_2,bid_size_2,ask_price_3,ask_size_3,bid_price_3,bid_size_3,ask_price_4,ask_size_4,bid_price_4,bid_size_4,ask_price_5,ask_size_5,bid_price_5,bid_size_5,ask_price_6,ask_size_6,bid_price_6,bid_size_6,ask_price_7,ask_size_7,bid_price_7,bid_size_7,ask_price_8,ask_size_8,bid_price_8,bid_size_8,ask_price_9,ask_size_9,bid_price_9,bid_size_9,ask_price_10,ask_size_10,bid_price_10,bid_size_10
2019-06-28 09:30:00.000000000,99944,100,,,99973,100,,,100017,100,,,,,,,,,,,,,,,,,,,,,,,,,,,,,,
2019-06-28 09:30:00.000000001,99944,100,99917,100,99973,100,,,100017,100,,,,,,,,,,,,,,,,,,,,,,,,,,,,,,
2019-06-28 09:30:00.000000003,100017,100,99917,100,,,,,,,,,,,,,,,,,,,,,,,,,,,,,,,,,,,,
2019-06-28 09:30:00.000000004,100017,100,99917,100,100153,100,,,,,,,,,,,,,,,,,,,,,,,,,,,,,,,,,,
2019-06-28 09:30:00.000000011,100017,100,99983,100,100153,100,99917,100,,,99888,100,,,,,,,,,,,,,,,,,,,,,,,,,,,,
2019-06-28 09:30:00.000000014,100017,100,99983,100,100153,100,99917,100,100189,100,99888,100,,,,,,,,,,,,,,,,,,,,,,,,,,,,
2019-06-28 09:30:00.000000016,100017,100,99983,100,100153,100,99968,100,100189,100,99917,100,,,99888,100,,,,,,,,,,,,,,,,,,,,,,,,
2019-06-28 09:30:00.000000021,100017,100,99968,100,100153,100,99917,100,100189,100,99888,100,,,,,,,,,,,,,,,,,,,,,,,,,,,,
2019-06-28 09:30:00.000000022,100017,100,99968,100,100048,100,99917,100,100153,100,99888,100,100189,100,,,,,,,,,,,,,,,,,,,,,,,,,,
2019-06-28 09:30:00.000000023,100017,100,99968,100,100048,100,99931,100,100153,100,99917,100,100189,100,99888,100,,,,,,,,,,,,,,,,,,,,,,,,
2019-06-28 09:30:00.000000029,100017,100,99968,100,100048,100,99931,100,100140,100,99917,100,100153,100,99888,100,100189,100,,,,,,,,,,,,,,,,,,,,,,
2019-06-28 09:30:00.000000030,100017,100,99968,100,100048,100,99934,100,100140,100,99931,100,100153,100,99917,100,100189,100,99888,100,,,,,,,,,,,,,,,,,,,,
2019-06-28 09:30:00.000000036,100017,100,99968,100,100048,100,99934,100,100140,100,99931,100,100153,100,99917,100,100165,100,99888,100,100189,100,,,,,,,,,,,,,,,,,,
2019-06-28 09:30:00.000000037,100017,100,99968,100,100048,100,99934,100,100140,100,99931,100,100153,100,99917,100,100159,100,99888,100,100165,100,,,100189,100,,,,,,,,,,,,,,
2019-06-28 09:30:00.000000040,100017,100,99970,100,100048,100,99968,100,100140,100,99956,100,100153,100,99934,100,100159,100,99931,100,100165,100,99917,100,100189,100,99888,100,,,,,,,,,,,,
2019-06-28 09:30:00.000000042,100017,100,99970,100,100030,100,99968,100,100048,100,99956,100,100140,100,99934,100,100153,100,99931,100,100159,100,99917,100,100165,100,99888,100,100189,100,,,100306,100,,,,,,
2019-06-28 09:30:00.000000046,100017,100,100003,100,100030,100,99970,100,100048,100,99968,100,100140,100,99956,100,100153,100,99934,100,100159,100,99931,100,100165,100,99917,100,100189,100,99888,100,100306,100,,,,,,
2019-06-28 09:30:00.000000051,100017,100,100003,100,100030,100,99970,100,100048,100,99968,100,100050,100,99956,100,100140,100,99934,100,100153,100,99931,100,100159,100,99917,100,100165,100,99888,100,100189,100,,,100306,100,,
2019-06-28 09:30:00.000000055,100017,100,100003,100,100030,100,99973,100,100048,100,99970,100,100050,100,99968,100,100140,100,99956,100,100153,100,99934,100,100159,100,99931,100,100165,100,99917,100,100189,100,99888,100,100306,100,,
2019-06-28 09:30:00.000000056,100017,100,100003,100,100030,100,99973,100,100048,100,99970,100,100050,100,99968,100,100140,100,99956,100,100153,100,99934,100,100159,100,99931,100,100165,100,99917,100,100189,100,99904,100,100306,100,99888,100
2019-06-28 09:30:00.000000058,100017,100,100003,100,100030,100,99973,100,100044,100,99970,100,100048,100,99968,100,100050,100,99956,100,100140,100,99934,100,100153,100,99931,100,100159,100,99917,100,100165,100,99904,100,100189,100,99888,100
2019-06-28 09:30:00.000000060,100017,100,100003,100,100030,100,99973,100,100044,100,99970,100,100048,100,99968,100,100050,100,99956,100,100140,100,99934,100,100153,100,99931,100,100159,100,99917,100,100165,100,99904,100,100189,100,99888,100
2019-06-28 09:30:00.000000061,100015,100,100003,100,100017,100,99973,100,100030,100,99970,100,100044,100,99968,100,100048,100,99956,100,100050,100,99934,100,100140,100,99931,100,100153,100,99917,100,100159,100,99904,100,100165,100,99888,100
2019-06-28 09:30:00.000000062,100015,100,100003,100,100017,100,99973,100,100030,100,99970,100,100044,100,99968,100,100048,100,99960,100,100050,100,99956,100,100082,100,99934,100,100138,100,99931,100,100140,100,99917,100,100153,100,99904,100
2019-06-28 09:30:00.000000063,100015,100,100003,100,100017,100,99973,100,100030,100,99970,100,100044,100,99968,100,100048,100,99960,100,100050,100,99956,100,100081,100,99934,100,100082,100,99931,100,100138,100,99917,100,100140,100,99904,100
2019-06-28 09:30:00.000000066,100015,100,100003,100,100017,100,99973,100,100030,100,99970,100,100044,100,99968,100,100048,100,99960,100,100050,100,99956,100,100053,100,99934,100,100081,100,99931,100,100082,100,99917,100,100129,100,99904,100
2019-06-28 09:30:00.000000067,100015,100,100003,100,100017,100,99973,100,100019,100,99970,100,100030,100,99968,100,100044,100,99960,100,100048,100,99956,100,100050,100,99934,100,100053,100,99931,100,100081,100,99917,100,100082,100,99904,100
2019-06-28 09:30:00.000000068,100015,100,100003,100,100017,100,99973,200,100019,100,99970,100,100030,100,99968,100,100044,100,99960,100,100048,100,99956,100,100050,100,99934,100,100053,100,99931,100,100081,100,99917,100,100082,100,99904,100
2019-06-28 09:30:00.000000069,100015,100,100003,100,100017,100,100000,100,100019,100,99973,200,100030,100,99970,100,100044,100,99968,100,100048,100,99960,100,100050,100,99956,100,100053,100,99934,100,100081,100,99931,100,100082,100,99917,100
2019-06-28 09:30:00.000000070,100015,100,100003,100,100017,100,100000,100,100019,100,99973,300,100030,100,99970,100,100044,100,99968,100,100048,100,99960,100,100050,100,99956,100,100053,100,99934,100,100081,100,99931,100,100082,100,99917,100
2019-06-28 09:30:00.000000071,100015,100,100003,100,100017,100,100000,100,100019,100,99973,300,100030,100,99970,100,100044,100,99968,100,100048,100,99960,100,100050,100,99956,100,100053,100,99934,100,100081,100,99931,100,100082,100,99917,100
2019-06-28 09:30:00.000000074,100015,200,100003,100,100017,100,100000,100,100019,100,99973,300,100030,100,99970,100,100044,100,99968,100,100048,100,99960,100,100050,100,99956,100,100053,100,99942,100,100081,100,99934,100,100082,100,99931,100
2019-06-28 09:30:00.000000075,100015,200,100003,100,100017,100,100000,100,100019,100,99973,300,100030,100,99970,100,100044,100,99968,100,100048,100,99960,100,100050,100,99956,100,100053,100,99942,100,100081,100,99934,100,100082,100,99931,100
2019-06-28 09:30:00.000000078,100015,100,100003,100,100017,100,100000,100,100019,100,99973,300,100030,100,99970,100,100044,100,99968,100,100048,100,99960,100,100050,100,99956,100,100053,100,99942,100,100081,100,99934,100,100082,100,99931,100
2019-06-28 09:30:00.000000079,100015,100,100003,100,100017,100,100000,100,100019,100,99973,300,100030,100,99970,100,100044,100,99968,100,100048,100,99960,100,100050,100,99956,100,100053,100,99942,100,100065,100,99934,100,100081,100,99931,100
2019-06-28 09:30:00.000000080,100014,100,100003,100,100015,100,100000,100,100017,100,99973,300,100019,100,99970,100,100030,100,99968,100,100044,100,99960,100,100048,100,99956,100,100050,100,99942,100,100053,100,99934,100,100065,100,99931,100
2019-06-28 09:30:00.000000081,100014,100,100003,100,100015,100,100000,100,100017,100,99973,300,100019,100,99970,100,100030,100,99968,100,100044,100,99960,100,100048,100,99956,100,100050,100,99942,100,100053,100,99934,100,100065,100,99931,100
2019-06-28 09:30:00.000000083,100014,100,100003,100,100015,100,100000,100,100017,100,99973,300,100019,100,99970,100,100030,100,99968,100,100044,100,99960,100,100048,100,99956,100,100050,100,99942,100,100053,100,99934,100,100065,100,99931,100
2019-06-28 09:30:00.000000085,100014,100,100003,100,100015,100,100000,100,100017,100,99973,300,100019,100,99970,100,100030,100,99968,100,100044,100,99960,100,100048,100,99956,100,100050,100,99942,100,100053,100,99934,100,100065,100,99931,100
2019-06-28 09:30:00.000000087,100014,100,100003,100,100015,100,100000,100,100017,100,99973,300,100019,100,99970,100,100030,100,99968,100,100044,100,99960,100,100048,100,99956,100,100050,100,99942,100,100053,100,99934,100,100065,100,99931,100
2019-06-28 09:30:00.000000093,100014,100,100003,100,100015,100,100000,100,100017,100,99973,300,100019,100,99970,100,100030,100,99968,100,100044,100,99960,100,100048,100,99956,100,100050,100,99942,100,100053,100,99934,100,100065,100,99931,100
2019-06-28 09:30:00.000000095,100014,100,100003,100,100015,100,100000,100,100017,100,99973,300,100019,100,99970,100,100030,100,99968,100,100031,100,99960,100,100044,100,99956,100,100048,100,99942,100,100050,100,99934,100,100053,100,99931,100
2019-06-28 09:30:10.000000000,100014,408,100003,408,100015,100,100000,100,100017,100,99973,300,100019,100,99970,100,100030,100,99968,100,100031,100,99960,100,100044,100,99956,100,100048,100,99942,100,100050,100,99934,100,100053,100,99931,100
2019-06-28 09:30:20.000000000,100014,254,100003,254,100015,254,100000,254,100017,100,99973,300,100019,100,99970,100,100030,100,99968,100,100031,100,99960,100,100044,100,99956,100,100048,100,99942,100,100050,100,99934,100,100053,100,99931,100
2019-06-28 09:30:30.000000000,100014,254,100003,254,100015,254,100000,254,100017,100,99973,300,100019,100,99970,100,100030,100,99968,100,100031,100,99960,100,100044,100,99956,100,100048,100,99942,100,100050,100,99934,100,100053,100,99931,100
2019-06-28 09:30:40.000000000,100014,408,100003,408,100015,100,100000,100,100017,100,99973,300,100019,100,99970,100,100030,100,99968,100,100031,100,99960,100,100044,100,99956,100,100048,100,99942,100,100050,100,99934,100,100053,100,99931,100
2019-06-28 09:30:50.000000000,100014,205,100003,205,100015,202,100000,202,100017,202,99973,402,100019,100,99970,100,100030,100,99968,100,100031,100,99960,100,100044,100,99956,100,100048,100,99942,100,100050,100,99934,100,100053,100,99931,100
2019-06-28 09:30:55.417343281,100014,205,100003,205,100015,202,100000,202,100017,202,99973,402,100019,100,99970,100,100030,100,99968,100,100031,100,99960,100,100044,100,99956,100,100048,100,99942,100,100050,100,99934,100,100053,100,99931,100
2019-06-28 09:31:00.000000000,100014,254,100003,254,100015,254,100000,254,100017,100,99973,300,100019,100,99970,100,100030,100,99968,100,100031,100,99960,100,100044,100,99956,100,100048,100,99942,100,100050,100,99934,100,100053,100,99931,100
2019-06-28 09:31:00.757444378,100014,354,100003,254,100015,254,100000,254,100017,100,99973,300,100019,100,99970,100,100030,100,99968,100,100031,100,99960,100,100044,100,99956,100,100048,100,99942,100,100050,100,99934,100,100053,100,99931,100
2019-06-28 09:31:06.188842239,100014,454,100003,254,100015,254,100000,254,100017,100,99973,300,100019,100,99970,100,100030,100,99968,100,100031,100,99960,100,100044,100,99956,100,100048,100,99942,100,100050,100,99934,100,100053,100,99931,100
2019-06-28 09:31:06.761909832,100014,454,100003,254,100015,254,100000,254,100017,100,99973,300,100019,100,99970,100,100030,100,99968,100,100031,100,99960,100,100044,100,99956,100,100048,100,99942,100,100050,100,99934,100,100053,100,99931,100
2019-06-28 09:31:07.372852461,100014,454,100003,154,100015,254,100000,254,100017,100,99973,300,100019,100,99970,100,100030,100,99968,100,100031,100,99960,100,100044,100,99956,100,100048,100,99942,100,100050,100,99934,100,100053,100,99931,100
2019-06-28 09:31:10.000000000,100014,377,100000,177,100015,177,99973,377,100017,177,99970,177,100019,177,99968,177,100030,100,99960,100,100031,100,99956,100,100044,100,99942,100,100048,100,99934,100,100050,100,99931,100,100053,100,99917,100
2019-06-28 09:31:11.345497936,100014,377,100000,77,100015,177,99973,377,100017,177,99970,177,100019,177,99968,177,100030,100,99960,100,100031,100,99956,100,100044,100,99942,100,100048,100,99934,100,100050,100,99931,100,100053,100,99917,100
2019-06-28 09:31:20.000000000,100014,608,99973,608,100015,100,99970,100,100017,100,99968,100,100019,100,99960,100,100030,100,99956,100,100031,100,99942,100,100044,100,99934,100,100048,100,99931,100,100050,100,99917,100,100053,100,99904,100
2019-06-28 09:31:20.698137096,100014,508,99973,608,100015,100,99970,100,100017,100,99968,100,100019,100,99960,100,100030,100,99956,100,100031,100,99942,100,100044,100,99934,100,100048,100,99931,100,100050,100,99917,100,100053,100,99904,100
2019-06-28 09:31:24.090677208,100014,508,99973,508,100015,100,99970,100,100017,100,99968,100,100019,100,99960,100,100030,100,99956,100,100031,100,99942,100,100044,100,99934,100,100048,100,99931,100,100050,100,99917,100,100053,100,99904,100
2019-06-28 09:31:30.000000000,100014,277,99973,277,100015,177,99970,177,100017,177,99968,177,100019,177,99960,177,100030,100,99956,100,100031,100,99942,100,100044,100,99934,100,100048,100,99931,100,100050,100,99917,100,100053,100,99904,100
2019-06-28 09:31:40.000000000,100014,262,99973,262,100015,162,99970,162,100017,162,99968,162,100019,162,99960,162,100030,162,99956,162,100031,100,99942,100,100044,100,99934,100,100048,100,99931,100,100050,100,99917,100,100053,100,99904,100
2019-06-28 09:31:50.000000000,100014,277,99973,277,100015,177,99970,177,100017,177,99968,177,100019,177,99960,177,100030,100,99956,100,100031,100,99942,100,100044,100,99934,100,100048,100,99931,100,100050,100,99917,100,100053,100,99904,100
2019-06-28 09:32:00.000000000,100014,305,99973,305,100015,202,99970,202,100017,202,99968,202,100019,100,99960,100,100030,100,99956,100,100031,100,99942,100,100044,100,99934,100,100048,100,99931,100,100050,100,99917,100,100053,100,99904,100
2019-06-28 09:32:07.223579761,100014,305,99973,205,100015,202,99970,202,100017,202,99968,202,100019,100,99960,100,100030,100,99956,100,100031,100,99942,100,100044,100,99934,100,100048,100,99931,100,100050,100,99917,100,100053,100,99904,100
2019-06-28 09:32:10.000000000,100014,262,99973,162,100015,162,99970,162,100017,162,99968,162,100019,162,99960,162,100030,162,99956,162,100031,100,99942,100,100044,100,99934,100,100048,100,99931,100,100050,100,99917,100,100053,100,99904,100
2019-06-28 09:32:20.000000000,100014,305,99973,205,100015,202,99970,202,100017,202,99968,202,100019,100,99960,100,100030,100,99956,100,100031,100,99942,100,100044,100,99934,100,100048,100,99931,100,100050,100,99917,100,100053,100,99904,100
2019-06-28 09:32:30.000000000,100014,508,99973,408,100015,100,99970,100,100017,100,99968,100,100019,100,99960,100,100030,100,99956,100,100031,100,99942,100,100044,100,99934,100,100048,100,99931,100,100050,100,99917,100,100053,100,99904,100
2019-06-28 09:32:34.736892844,100014,508,99973,308,100015,100,99970,100,100017,100,99968,100,100019,100,99960,100,100030,100,99956,100,100031,100,99942,100,100044,100,99934,100,100048,100,99931,100,100050,100,99917,100,100053,100,99904,100
2019-06-28 09:32:36.389972785,100014,508,99973,208,100015,100,99970,100,100017,100,99968,100,100019,100,99960,100,100030,100,99956,100,100031,100,99942,100,100044,100,99934,100,100048,100,99931,100,100050,100,99917,100,100053,100,99904,100
2019-06-28 09:32:40.000000000,100014,262,99970,162,100015,162,99968,162,100017,162,99960,162,100019,162,99956,162,100030,162,99942,162,100031,100,99934,100,100044,100,99931,100,100048,100,99917,100,100050,100,99904,100,100053,100,99894,100
2019-06-28 09:32:50.000000000,100014,277,99970,177,100015,177,99968,177,100017,177,99960,177,100019,177,99956,177,100030,100,99942,100,100031,100,99934,100,100044,100,99931,100,100048,100,99917,100,100050,100,99904,100,100053,100,99894,100
2019-06-28 09:33:00.000000000,100014,277,99970,177,100015,177,99968,177,100017,177,99960,177,100019,177,99956,177,100030,100,99942,100,100031,100,99934,100,100044,100,99931,100,100048,100,99917,100,100050,100,99904,100,100053,100,99894,100
2019-06-28 09:33:01.869229214,99973,100,99970,177,100014,277,99968,177,100015,177,99960,177,100017,177,99956,177,100019,177,99942,100,100030,100,99934,100,100031,100,99931,100,100044,100,99917,100,100048,100,99904,100,100050,100,99894,100
2019-06-28 09:33:10.000000000,99973,408,99970,408,100014,200,99968,100,100015,100,99960,100,100017,100,99956,100,100019,100,99942,100,100030,100,99934,100,100031,100,99931,100,100044,100,99917,100,100048,100,99904,100,100050,100,99894,100
2019-06-28 09:33:11.480270198,99973,408,99970,408,100014,200,99968,100,100015,100,99960,100,100017,100,99956,100,100019,100,99942,100,100030,100,99934,100,100031,100,99931,100,100044,100,99917,100,100048,100,99904,100,100050,100,99894,100
2019-06-28 09:33:19.414685894,99973,408,99970,308,100014,200,99968,100,100015,100,99960,100,100017,100,99956,100,100019,100,99934,100,100030,100,99931,100,100031,100,99917,100,100044,100,99904,100,100048,100,99894,100,100050,100,99888,100
2019-06-28 09:33:20.000000000,99973,205,99968,205,100014,302,99960,202,100015,202,99956,202,100017,100,99934,100,100019,100,99931,100,100030,100,99917,100,100031,100,99904,100,100044,100,99894,100,100048,100,99888,100,100050,100,99881,100
2019-06-28 09:33:21.734615570,99973,205,99968,105,100014,302,99960,202,100015,202,99956,202,100017,100,99934,100,100019,100,99931,100,100030,100,99917,100,100031,100,99904,100,100044,100,99894,100,100048,100,99888,100,100050,100,99881,100
2019-06-28 09:33:30.000000000,99973,177,99960,177,100014,277,99956,177,100015,177,99934,177,100017,177,99931,177,100019,100,99917,100,100030,100,99904,100,100031,100,99894,100,100044,100,99888,100,100048,100,99881,100,100050,100,99865,100
2019-06-28 09:33:40.000000000,99973,177,99960,177,100014,277,99956,177,100015,177,99934,177,100017,177,99931,177,100019,100,99917,100,100030,100,99904,100,100031,100,99894,100,100044,100,99888,100,100048,100,99881,100,100050,100,99865,100
2019-06-28 09:33:50.000000000,99973,254,99960,254,100014,354,99956,254,100015,100,99934,100,100017,100,99931,100,100019,100,99917,100,100030,100,99904,100,100031,100,99894,100,100044,100,99888,100,100048,100,99881,100,100050,100,99865,100
2019-06-28 09:34:00.000000000,99973,254,99960,254,100014,354,99956,254,100015,100,99934,100,100017,100,99931,100,100019,100,99917,100,100030,100,99904,100,100031,100,99894,100,100044,100,99888,100,100048,100,99881,100,100050,100,99865,100
2019-06-28 09:34:10.000000000,99973,408,99960,408,100014,200,99956,100,100015,100,99934,100,100017,100,99931,100,100019,100,99917,100,100030,100,99904,100,100031,100,99894,100,100044,100,99888,100,100048,100,99881,100,100050,100,99865,100
2019-06-28 09:34:20.000000000,99973,254,99960,254,100014,354,99956,254,100015,100,99934,100,100017,100,99931,100,100019,100,99917,100,100030,100,99904,100,100031,100,99894,100,100044,100,99888,100,100048,100,99881,100,100050,100,99865,100
2019-06-28 09:34:30.000000000,99973,408,99960,408,100014,200,99956,100,100015,100,99934,100,100017,100,99931,100,100019,100,99917,100,100030,100,99904,100,100031,100,99894,100,100044,100,99888,100,100048,100,99881,100,100050,100,99865,100
2019-06-28 09:34:40.000000000,99973,254,99960,254,100014,354,99956,254,100015,100,99934,100,100017,100,99931,100,100019,100,99917,100,100030,100,99904,100,100031,100,99894,100,100044,100,99888,100,100048,100,99881,100,100050,100,99865,100
2019-06-28 09:34:47.092791929,99973,254,99960,154,100014,354,99956,254,100015,100,99934,100,100017,100,99931,100,100019,100,99917,100,100030,100,99904,100,100031,100,99894,100,100044,100,99888,100,100048,100,99881,100,100050,100,99865,100
2019-06-28 09:34:50.000000000,99973,177,99956,177,100014,277,99934,177,100015,177,99931,177,100017,177,99917,177,100019,100,99904,100,100030,100,99894,100,100031,100,99888,100,100044,100,99881,100,100048,100,99865,100,100050,100,99797,100
2019-06-28 09:35:00.000000000,99973,205,99956,205,100014,302,99934,202,100015,202,99931,202,100017,100,99917,100,100019,100,99904,100,100030,100,99894,100,100031,100,99888,100,100044,100,99881,100,100048,100,99865,100,100050,100,99797,100
2019-06-28 09:35:10.000000000,99973,177,99956,177,100014,277,99934,177,100015,177,99931,177,100017,177,99917,177,100019,100,99904,100,100030,100,99894,100,100031,100,99888,100,100044,100,99881,100,100048,100,99865,100,100050,100,99797,100
2019-06-28 09:35:16.961523273,99973,177,99956,177,100014,277,99934,177,100015,177,99931,177,100017,177,99917,177,100019,100,99904,100,100030,100,99894,100,100031,100,99888,100,100044,100,99881,100,100048,100,99865,100,100050,100,99797,100
2019-06-28 09:35:20.000000000,99973,205,99956,205,100014,302,99934,202,100015,202,99931,202,100017,100,99917,100,100019,100,99904,100,100030,100,99894,100,100031,100,99888,100,100044,100,99881,100,100048,100,99865,100,100050,100,99797,100
2019-06-28 09:35:30.000000000,99973,408,99956,408,100014,200,99934,100,100015,100,99931,100,100017,100,99917,100,100019,100,99904,100,100030,100,99894,100,100031,100,99888,100,100044,100,99881,100,100048,100,99865,100,100050,100,99797,100
2019-06-28 09:35:37.293394987,99973,408,99956,408,100014,200,99934,100,100015,100,99931,100,100017,100,99917,100,100019,100,99904,100,100030,100,99894,100,100044,100,99888,100,100048,100,99881,100,100050,100,99865,100,100065,100,99797,100
2019-06-28 09:35:40.000000000,99973,254,99956,254,100014,354,99934,254,100015,100,99931,100,100017,100,99917,100,100019,100,99904,100,100030,100,99894,100,100044,100,99888,100,100048,100,99881,100,100050,100,99865,100,100065,100,99797,100
2019-06-28 09:35:50.000000000,99973,408,99956,408,100014,200,99934,100,100015,100,99931,100,100017,100,99917,100,100019,100,99904,100,100030,100,99894,100,100044,100,99888,100,100048,100,99881,100,100050,100,99865,100,100065,100,99797,100
2019-06-28 09:35:50.047197764,99973,408,99956,308,100014,200,99934,100,100015,100,99917,100,100017,100,99904,100,100019,100,99894,100,100030,100,99888,100,100044,100,99881,100,100048,100,99865,100,100050,100,99797,100,100065,100,99397,100
2019-06-28 09:36:00.000000000,99973,162,99934,162,100014,262,99917,162,100015,162,99904,162,100017,162,99894,162,100019,162,99888,162,100030,100,99881,100,100044,100,99865,100,100048,100,99797,100,100050,100,99397,100,100065,100,99363,100
2019-06-28 09:36:10.000000000,99973,205,99934,205,100014,302,99917,202,100015,202,99904,202,100017,100,99894,100,100019,100,99888,100,100030,100,99881,100,100044,100,99865,100,100048,100,99797,100,100050,100,99397,100,100065,100,99363,100
2019-06-28 09:36:20.000000000,99973,205,99934,205,100014,302,99917,202,100015,202,99904,202,100017,100,99894,100,100019,100,99888,100,100030,100,99881,100,100044,100,99865,100,100048,100,99797,100,100050,100,99397,100,100065,100,99363,100
2019-06-28 09:36:29.947902998,99973,205,99934,105,100014,302,99917,202,100015,202,99904,202,100017,100,99894,100,100019,100,99888,100,100030,100,99881,100,100044,100,99865,100,100048,100,99797,100,100050,100,99397,100,100065,100,99363,100
2019-06-28 09:36:30.000000000,99973,408,99917,408,100014,200,99904,100,100015,100,99894,100,100017,100,99888,100,100019,100,99881,100,100030,100,99865,100,100044,100,99797,100,100048,100,99397,100,100050,100,99363,100,100065,100,99152,100
2019-06-28 09:36:40.000000000,99973,205,99917,205,100014,302,99904,202,100015,202,99894,202,100017,100,99888,100,100019,100,99881,100,100030,100,99865,100,100044,100,99797,100,100048,100,99397,100,100050,100,99363,100,100065,100,99152,100
2019-06-28 09:36:50.000000000,99973,254,99917,254,100014,354,99904,254,100015,100,99894,100,100017,100,99888,100,100019,100,99881,100,100030,100,99865,100,100044,100,99797,100,100048,100,99397,100,100050,100,99363,100,100065,100,99152,100
2019-06-28 09:37:00.000000000,99973,408,99917,408,100014,200,99904,100,100015,100,99894,100,100017,100,99888,100,100019,100,99881,100,100030,100,99865,100,100044,100,99797,100,100048,100,99397,100,100050,100,99363,100,100065,100,99152,100
2019-06-28 09:37:03.347150050,99973,408,99917,308,100014,200,99904,100,100015,100,99894,100,100017,100,99888,100,100019,100,99881,100,100030,100,99865,100,100044,100,99797,100,100048,100,99397,100,100050,100,99363,100,100065,100,99152,100
2019-06-28 09:37:10.000000000,99973,254,99904,254,100014,354,99894,254,100015,100,99888,100,100017,100,99881,100,100019,100,99865,100,100030,100,99797,100,100044,100,99397,100,100048,100,99363,100,100050,100,99152,100,100065,100,99006,100
2019-06-28 09:37:19.315455508,99973,254,99904,154,100014,354,99894,254,100015,100,99888,100,100017,100,99881,100,100019,100,99865,100,100030,100,99797,100,100044,100,99397,100,100048,100,99363,100,100050,100,99152,100,100065,100,99006,100
2019-06-28 09:37:20.000000000,99973,162,99894,162,100014,262,99888,162,100015,162,99881,162,100017,162,99865,162,100019,162,99797,162,100030,100,99397,100,100044,100,99363,100,100048,100,99152,100,100050,100,99006,100,100065,100,,
2019-06-28 09:37:30.000000000,99973,162,99894,162,100014,262,99888,162,100015,162,99881,162,100017,162,99865,162,100019,162,99797,162,100030,100,99397,100,100044,100,99363,100,100048,100,99152,100,100050,100,99006,100,100065,100,,
2019-06-28 09:37:40.000000000,99973,177,99894,177,100014,277,99888,177,100015,177,99881,177,100017,177,99865,177,100019,100,99797,100,100030,100,99397,100,100044,100,99363,100,100048,100,99152,100,100050,100,99006,100,100065,100,,
2019-06-28 09:37:49.675608191,99973,177,99899,100,100014,277,99894,177,100015,177,99888,177,100017,177,99881,177,100019,100,99865,177,100030,100,99797,100,100044,100,99397,100,100048,100,99363,100,100050,100,99152,100,100065,100,99006,100
2019-06-28 09:37:50.000000000,99973,205,99899,205,100014,302,99894,202,100015,202,99888,202,100017,100,99881,100,100019,100,99865,100,100030,100,99797,100,100044,100,99397,100,100048,100,99363,100,100050,100,99152,100,100065,100,99006,100
2019-06-28 09:38:00.000000000,99973,408,99899,408,100014,200,99894,100,100015,100,99888,100,100017,100,99881,100,100019,100,99865,100,100030,100,99797,100,100044,100,99397,100,100048,100,99363,100,100050,100,99152,100,100065,100,99006,100
2019-06-28 09:38:06.684064664,99973,408,99899,408,100014,200,99894,100,100015,100,99888,100,100017,100,99881,100,100019,100,99865,100,100030,100,99838,100,100044,100,99797,100,100048,100,99397,100,100050,100,99363,100,100065,100,99152,100
2019-06-28 09:38:10.000000000,99973,205,99899,205,100014,302,99894,202,100015,202,99888,202,100017,100,99881,100,100019,100,99865,100,100030,100,99838,100,100044,100,99797,100,100048,100,99397,100,100050,100,99363,100,100065,100,99152,100
2019-06-28 09:38:20.000000000,99973,408,99899,408,100014,200,99894,100,100015,100,99888,100,100017,100,99881,100,100019,100,99865,100,100030,100,99838,100,100044,100,99797,100,100048,100,99397,100,100050,100,99363,100,100065,100,99152,100
2019-06-28 09:38:22.123705038,99973,408,99899,308,100014,200,99894,100,100015,100,99888,100,100017,100,99881,100,100019,100,99865,100,100030,100,99838,100,100044,100,99797,100,100048,100,99397,100,100050,100,99363,100,100065,100,99152,100
2019-06-28 09:38:30.000000000,99973,162,99894,162,100014,262,99888,162,100015,162,99881,162,100017,162,99865,162,100019,162,99838,162,100030,100,99797,100,100044,100,99397,100,100048,100,99363,100,100050,100,99152,100,100065,100,99006,100
2019-06-28 09:38:30.405520037,99973,162,99894,62,100014,262,99888,162,100015,162,99881,162,100017,162,99865,162,100019,162,99838,162,100030,100,99797,100,100044,100,99397,100,100048,100,99363,100,100050,100,99152,100,100065,100,99006,100
2019-06-28 09:38:32.554596245,99973,162,99894,62,100014,262,99888,162,100015,162,99881,162,100017,162,99865,162,100019,162,99838,162,100030,100,99823,100,100044,100,99797,100,100048,100,99397,100,100050,100,99363,100,100065,100,99152,100
2019-06-28 09:38:35.340505918,99894,38,99888,162,99973,162,99881,162,100014,262,99865,162,100015,162,99838,162,100017,162,99823,100,100019,162,99797,100,100030,100,99397,100,100044,100,99363,100,100048,100,99152,100,100050,100,99006,100
2019-06-28 09:38:40.000000000,99894,143,99888,205,99973,202,99881,202,100014,302,99865,202,100015,100,99838,100,100017,100,99823,100,100019,100,99797,100,100030,100,99397,100,100044,100,99363,100,100048,100,99152,100,100050,100,99006,100
2019-06-28 09:38:50.000000000,99894,346,99888,408,99973,100,99881,100,100014,200,99865,100,100015,100,99838,100,100017,100,99823,100,100019,100,99797,100,100030,100,99397,100,100044,100,99363,100,100048,100,99152,100,100050,100,99006,100
2019-06-28 09:38:59.671997340,99894,346,99888,408,99957,100,99881,100,99973,100,99865,100,100014,200,99838,100,100015,100,99823,100,100017,100,99797,100,100019,100,99397,100,100030,100,99363,100,100048,100,99152,100,100050,100,99006,100
2019-06-28 09:39:00.000000000,99894,143,99888,205,99957,202,99881,202,99973,202,99865,202,100014,200,99838,100,100015,100,99823,100,100017,100,99797,100,100019,100,99397,100,100030,100,99363,100,100048,100,99152,100,100050,100,99006,100
2019-06-28 09:39:01.978778089,99894,143,99888,205,99957,202,99881,202,99973,202,99865,202,100014,200,99838,100,100015,100,99823,100,100017,100,99797,100,100019,100,99397,100,100030,100,99363,100,100048,100,99152,100,100050,100,99006,100
2019-06-28 09:39:07.391703577,99894,143,99888,205,99957,202,99881,202,99973,202,99865,202,100014,200,99838,100,100015,100,99835,100,100017,100,99823,100,100019,100,99797,100,100030,100,99397,100,100048,100,99363,100,100050,100,99152,100
2019-06-28 09:39:10.000000000,99894,115,99888,177,99957,177,99881,177,99973,177,99865,177,100014,277,99838,177,100015,100,99835,100,100017,100,99823,100,100019,100,99797,100,100030,100,99397,100,100048,100,99363,100,100050,100,99152,100
2019-06-28 09:39:20.000000000,99894,115,99888,177,99957,177,99881,177,99973,177,99865,177,100014,277,99838,177,100015,100,99835,100,100017,100,99823,100,100019,100,99797,100,100030,100,99397,100,100048,100,99363,100,100050,100,99152,100
2019-06-28 09:39:29.355413314,99894,115,99888,77,99957,177,99881,177,99973,177,99865,177,100014,277,99838,177,100015,100,99835,100,100017,100,99823,100,100019,100,99797,100,100030,100,99397,100,100048,100,99363,100,100050,100,99152,100
2019-06-28 09:39:30.000000000,99894,346,99881,408,99957,100,99865,100,99973,100,99838,100,100014,200,99835,100,100015,100,99823,100,100017,100,99797,100,100019,100,99397,100,100030,100,99363,100,100048,100,99152,100,100050,100,99006,100
2019-06-28 09:39:40.000000000,99894,143,99881,205,99957,202,99865,202,99973,202,99838,202,100014,200,99835,100,100015,100,99823,100,100017,100,99797,100,100019,100,99397,100,100030,100,99363,100,100048,100,99152,100,100050,100,99006,100
2019-06-28 09:39:50.000000000,99894,115,99881,177,99957,177,99865,177,99973,177,99838,177,100014,277,99835,177,100015,100,99823,100,100017,100,99797,100,100019,100,99397,100,100030,100,99363,100,100048,100,99152,100,100050,100,99006,100
2019-06-28 09:39:51.307696567,99894,115,99881,177,99957,177,99865,177,99973,177,99838,177,100014,277,99835,177,100015,100,99823,100,100017,100,99797,100,100019,100,99443,100,100030,100,99397,100,100048,100,99152,100,100050,100,99006,100
2019-06-28 09:40:00.000000000,99894,192,99881,254,99957,254,99865,254,99973,100,99838,100,100014,200,99835,100,100015,100,99823,100,100017,100,99797,100,100019,100,99443,100,100030,100,99397,100,100048,100,99152,100,100050,100,99006,100
2019-06-28 09:40:05.869047511,99893,100,99881,254,99894,192,99865,254,99957,254,99838,100,99973,100,99835,100,100014,200,99823,100,100015,100,99797,100,100017,100,99443,100,100019,100,99397,100,100030,100,99152,100,100048,100,99006,100
2019-06-28 09:40:10.000000000,99893,254,99881,254,99894,192,99865,254,99957,100,99838,100,99973,100,99835,100,100014,200,99823,100,100015,100,99797,100,100017,100,99443,100,100019,100,99397,100,100030,100,99152,100,100048,100,99006,100
2019-06-28 09:40:20.000000000,99893,177,99881,177,99894,115,99865,177,99957,177,99838,177,99973,177,99835,177,100014,200,99823,100,100015,100,99797,100,100017,100,99443,100,100019,100,99397,100,100030,100,99152,100,100048,100,99006,100
2019-06-28 09:40:30.000000000,99893,177,99881,177,99894,115,99865,177,99957,177,99838,177,99973,177,99835,177,100014,200,99823,100,100015,100,99797,100,100017,100,99443,100,100019,100,99397,100,100030,100,99152,100,100048,100,99006,100
2019-06-28 09:40:40.000000000,99893,177,99881,177,99894,115,99865,177,99957,177,99838,177,99973,177,99835,177,100014,200,99823,100,100015,100,99797,100,100017,100,99443,100,100019,100,99397,100,100030,100,99152,100,100048,100,99006,100
2019-06-28 09:40:48.825268247,99893,177,99881,77,99894,115,99865,177,99957,177,99838,177,99973,177,99835,177,100014,200,99823,100,100015,100,99797,100,100017,100,99443,100,100019,100,99397,100,100030,100,99006,100,100048,100,,
2019-06-28 09:40:50.000000000,99893,162,99865,162,99894,100,99838,162,99957,162,99835,162,99973,162,99823,162,100014,262,99797,162,100015,100,99443,100,100017,100,99397,100,100019,100,99006,100,100030,100,,,100048,100,,
2019-06-28 09:40:55.126943250,99893,162,99865,62,99894,100,99838,162,99957,162,99835,162,99973,162,99823,162,100014,262,99797,162,100015,100,99443,100,100017,100,99397,100,100019,100,99006,100,100030,100,,,100048,100,,
2019-06-28 09:41:00.000000000,99893,408,99838,408,99894,38,99835,100,99957,100,99823,100,99973,100,99797,100,100014,200,99443,100,100015,100,99397,100,100017,100,99006,100,100019,100,,,100030,100,,,100048,100,,
2019-06-28 09:41:10.000000000,99893,177,99838,177,99894,115,99835,177,99957,177,99823,177,99973,177,99797,177,100014,200,99443,100,100015,100,99397,100,100017,100,99006,100,100019,100,,,100030,100,,,100048,100,,
2019-06-28 09:41:11.024953086,99881,100,99838,177,99893,177,99835,177,99894,115,99823,177,99957,177,99797,177,99973,177,99443,100,100014,200,99397,100,100015,100,99006,100,100017,100,,,100019,100,,,100030,100,,
2019-06-28 09:41:11.320533915,99881,100,99838,77,99893,177,99835,177,99894,115,99823,177,99957,177,99797,177,99973,177,99443,100,100014,200,99397,100,100015,100,99006,100,100017,100,,,100019,100,,,100030,100,,
2019-06-28 09:41:17.285535383,99881,100,99838,77,99893,177,99835,177,99894,115,99823,177,99957,177,99797,177,99973,177,99443,100,100014,200,99397,100,100015,100,99240,100,100019,100,99006,100,100030,100,,,100048,100,,
2019-06-28 09:41:20.000000000,99881,254,99835,254,99893,254,99823,254,99894,38,99797,100,99957,100,99443,100,99973,100,99397,100,100014,200,99240,100,100015,100,99006,100,100019,100,,,100030,100,,,100048,100,,
2019-06-28 09:41:25.320840262,99881,254,99835,154,99893,254,99823,254,99957,100,99797,100,99973,100,99443,100,100014,200,99397,100,100015,100,99240,100,100019,100,99006,100,100030,100,,,100048,100,,,100050,100,,
2019-06-28 09:41:30.000000000,99881,254,99823,254,99893,254,99797,254,99957,100,99443,100,99973,100,99397,100,100014,200,99240,100,100015,100,99006,100,100019,100,,,100030,100,,,100048,100,,,100050,100,,
2019-06-28 09:41:40.000000000,99881,408,99823,408,99893,100,99797,100,99957,100,99443,100,99973,100,99397,100,100014,200,99240,100,100015,100,99006,100,100019,100,,,100030,100,,,100048,100,,,100050,100,,
2019-06-28 09:41:41.694137847,99881,408,99823,308,99893,100,99797,100,99957,100,99443,100,99973,100,99397,100,100014,200,99240,100,100015,100,99006,100,100019,100,,,100030,100,,,100048,100,,,100050,100,,
2019-06-28 09:41:50.000000000,99881,254,99797,254,99893,254,99443,254,99957,100,99397,100,99973,100,99240,100,100014,200,99006,100,100015,100,,,100019,100,,,100030,100,,,100048,100,,,100050,100,,
2019-06-28 09:42:00.000000000,99881,408,99797,408,99893,100,99443,100,99957,100,99397,100,99973,100,99240,100,100014,200,99006,100,100015,100,,,100019,100,,,100030,100,,,100048,100,,,100050,100,,
2019-06-28 09:42:03.584858582,99881,408,99797,408,99893,100,99443,100,99957,100,99397,100,99973,100,99240,100,100014,200,99006,100,100015,100,98909,100,100019,100,,,100030,100,,,100048,100,,,100050,100,,
2019-06-28 09:42:10.000000000,99881,254,99797,254,99893,254,99443,254,99957,100,99397,100,99973,100,99240,100,100014,200,99006,100,100015,100,98909,100,100019,100,,,100030,100,,,100048,100,,,100050,100,,
2019-06-28 09:42:20.000000000,99881,162,99797,162,99893,162,99443,162,99957,162,99397,162,99973,162,99240,162,100014,262,99006,162,100015,100,98909,100,100019,100,,,100030,100,,,100048,100,,,100050,100,,
2019-06-28 09:42:30.000000000,99881,205,99797,205,99893,202,99443,202,99957,202,99397,202,99973,100,99240,100,100014,200,99006,100,100015,100,98909,100,100019,100,,,100030,100,,,100048,100,,,100050,100,,
2019-06-28 09:42:40.000000000,99881,177,99797,177,99893,177,99443,177,99957,177,99397,177,99973,177,99240,177,100014,200,99006,100,100015,100,98909,100,100019,100,,,100030,100,,,100048,100,,,100050,100,,
2019-06-28 09:42:48.103005047,99881,177,99797,77,99893,177,99443,177,99957,177,99397,177,99973,177,99240,177,100014,200,99006,100,100015,100,98909,100,100019,100,,,100030,100,,,100048,100,,,100050,100,,
2019-06-28 09:42:50.000000000,99881,162,99443,162,99893,162,99397,162,99957,162,99240,162,99973,162,99006,162,100014,262,98909,162,100015,100,,,100019,100,,,100030,100,,,100048,100,,,100050,100,,
2019-06-28 09:43:00.000000000,99881,254,99443,254,99893,254,99397,254,99957,100,99240,100,99973,100,99006,100,100014,200,98909,100,100015,100,,,100019,100,,,100030,100,,,100048,100,,,100050,100,,
2019-06-28 09:43:10.000000000,99881,205,99443,205,99893,202,99397,202,99957,202,99240,202,99973,100,99006,100,100014,200,98909,100,100015,100,,,100019,100,,,100030,100,,,100048,100,,,100050,100,,
2019-06-28 09:43:20.000000000,99881,254,99443,254,99893,254,99397,254,99957,100,99240,100,99973,100,99006,100,100014,200,98909,100,100015,100,,,100019,100,,,100030,100,,,100048,100,,,100050,100,,
2019-06-28 09:43:30.000000000,99881,408,99443,408,99893,100,99397,100,99957,100,99240,100,99973,100,99006,100,100014,200,98909,100,100015,100,,,100019,100,,,100030,100,,,100048,100,,,100050,100,,
2019-06-28 09:43:33.168299233,99881,308,99443,408,99893,100,99397,100,99957,100,99240,100,99973,100,99006,100,100014,200,98909,100,100015,100,,,100019,100,,,100030,100,,,100048,100,,,100050,100,,
2019-06-28 09:43:40.000000000,99893,177,99443,177,99957,177,99397,177,99973,177,99240,177,100014,277,99006,177,100015,100,98909,100,100019,100,,,100030,100,,,100048,100,,,100050,100,,,100065,100,,
2019-06-28 09:43:45.034722482,99893,177,99798,100,99957,177,99443,177,99973,177,99397,177,100014,277,99240,177,100015,100,99006,177,100019,100,98909,100,100030,100,,,100048,100,,,100050,100,,,100065,100,,
2019-06-28 09:43:50.000000000,99893,177,99798,177,99957,177,99443,177,99973,177,99397,177,100014,277,99240,177,100015,100,99006,100,100019,100,98909,100,100030,100,,,100048,100,,,100050,100,,,100065,100,,
2019-06-28 09:44:00.000000000,99893,162,99798,162,99957,162,99443,162,99973,162,99397,162,100014,262,99240,162,100015,162,99006,162,100019,100,98909,100,100030,100,,,100048,100,,,100050,100,,,100065,100,,
2019-06-28 09:44:10.000000000,99893,162,99798,162,99957,162,99443,162,99973,162,99397,162,100014,262,99240,162,100015,162,99006,162,100019,100,98909,100,100030,100,,,100048,100,,,100050,100,,,100065,100,,
2019-06-28 09:44:20.000000000,99893,254,99798,254,99957,254,99443,254,99973,100,99397,100,100014,200,99240,100,100015,100,99006,100,100019,100,98909,100,100030,100,,,100048,100,,,100050,100,,,100065,100,,
2019-06-28 09:44:21.560231047,99827,100,99798,254,99893,254,99443,254,99957,254,99397,100,99973,100,99240,100,100014,200,99006,100,100015,100,98909,100,100019,100,,,100030,100,,,100048,100,,,100050,100,,
2019-06-28 09:44:30.000000000,99827,162,99798,162,99893,162,99443,162,99957,162,99397,162,99973,162,99240,162,100014,262,99006,162,100015,100,98909,100,100019,100,,,100030,100,,,100048,100,,,100050,100,,
2019-06-28 09:44:33.072423413,99827,62,99798,162,99893,162,99443,162,99957,162,99397,162,99973,162,99240,162,100014,262,99006,162,100015,100,98909,100,100019,100,,,100030,100,,,100048,100,,,100050,100,,
2019-06-28 09:44:36.301866674,99893,162,99827,38,99957,162,99798,162,99973,162,99443,162,100014,262,99397,162,100015,100,99240,62,100019,100,99006,162,100030,100,98909,100,100048,100,,,100050,100,,,100065,100,,
2019-06-28 09:44:38.043899085,99893,162,99827,38,99957,162,99798,162,99959,100,99443,162,99973,162,99397,162,100014,262,99240,62,100015,100,99006,162,100019,100,98909,100,100030,100,,,100048,100,,,100050,100,,
2019-06-28 09:44:40.000000000,99893,408,99827,346,99957,100,99798,100,99959,100,99443,100,99973,100,99397,100,100014,200,99006,100,100015,100,98909,100,100019,100,,,100030,100,,,100048,100,,,100050,100,,
2019-06-28 09:44:48.545763670,99893,408,99827,346,99913,100,99798,100,99957,100,99443,100,99959,100,99397,100,99973,100,99006,100,100014,200,98909,100,100015,100,,,100019,100,,,100030,100,,,100048,100,,
2019-06-28 09:44:49.166401949,99893,308,99827,346,99913,100,99798,100,99957,100,99443,100,99959,100,99397,100,99973,100,99006,100,100014,200,98909,100,100015,100,,,100019,100,,,100030,100,,,100048,100,,
2019-06-28 09:44:49.807290354,99893,308,99827,246,99913,100,99798,100,99957,100,99443,100,99959,100,99397,100,99973,100,99006,100,100014,200,98909,100,100015,100,,,100019,100,,,100030,100,,,100048,100,,
2019-06-28 09:44:50.000000000,99913,254,99798,254,99957,254,99443,254,99959,100,99397,100,99973,100,99006,100,100014,200,98909,100,100015,100,,,100019,100,,,100030,100,,,100048,100,,,100050,100,,
2019-06-28 09:45:00.000000000,99913,205,99798,205,99957,202,99443,202,99959,202,99397,202,99973,100,99006,100,100014,200,98909,100,100015,100,,,100019,100,,,100030,100,,,100048,100,,,100050,100,,
2019-06-28 09:45:00.049431923,99913,205,99827,100,99957,202,99798,205,99959,202,99443,202,99973,100,99397,202,100014,200,99006,100,100019,100,98909,100,100030,100,,,100048,100,,,100050,100,,,100065,100,,
2019-06-28 09:45:06.082216835,99913,205,99827,100,99957,202,99798,205,99959,202,99443,202,99973,100,99397,202,100014,200,99006,100,100019,100,98909,100,100030,100,,,100048,100,,,100050,200,,,100065,100,,
2019-06-28 09:45:10.000000000,99913,254,99827,254,99957,254,99798,254,99959,100,99443,100,99973,100,99397,100,100014,200,99006,100,100019,100,98909,100,100030,100,,,100048,100,,,100050,200,,,100065,100,,
2019-06-28 09:45:15.639204047,99913,154,99827,254,99957,254,99798,254,99959,100,99443,100,99973,100,99397,100,100014,200,99006,100,100019,100,98909,100,100030,100,,,100048,100,,,100050,200,,,100065,100,,
2019-06-28 09:45:20.000000000,99957,408,99827,408,99959,100,99798,100,99973,100,99443,100,100014,200,99397,100,100019,100,99006,100,100030,100,98909,100,100048,100,,,100050,200,,,100065,100,,,100073,100,,
2019-06-28 09:45:30.000000000,99957,162,99827,162,99959,162,99798,162,99973,162,99443,162,100014,262,99397,162,100019,162,99006,162,100030,100,98909,100,100048,100,,,100050,200,,,100065,100,,,100073,100,,
2019-06-28 09:45:31.378976489,99957,162,99828,100,99959,162,99827,162,99973,162,99798,162,100014,262,99443,162,100019,162,99397,162,100030,100,99006,162,100048,100,98909,100,100050,200,,,100065,100,,,100073,100,,
2019-06-28 09:45:40.000000000,99957,408,99828,408,99959,100,99827,100,99973,100,99798,100,100014,200,99443,100,100019,100,99397,100,100030,100,99006,100,100048,100,98909,100,100050,200,,,100065,100,,,100073,100,,
2019-06-28 09:45:50.000000000,99957,254,99828,254,99959,254,99827,254,99973,100,99798,100,100014,200,99443,100,100019,100,99397,100,100030,100,99006,100,100048,100,98909,100,100050,200,,,100065,100,,,100073,100,,
2019-06-28 09:45:51.112140097,99957,254,99828,254,99959,254,99827,254,99973,100,99798,100,100014,100,99443,100,100019,100,99397,100,100030,100,99006,100,100048,100,98909,100,100050,200,,,100065,100,,,100073,100,,
2019-06-28 09:46:00.000000000,99957,254,99828,254,99959,254,99827,254,99973,100,99798,100,100014,100,99443,100,100019,100,99397,100,100030,100,99006,100,100048,100,98909,100,100050,200,,,100065,100,,,100073,100,,
2019-06-28 09:46:10.000000000,99957,205,99828,205,99959,202,99827,202,99973,202,99798,202,100014,100,99443,100,100019,100,99397,100,100030,100,99006,100,100048,100,98909,100,100050,200,,,100065,100,,,100073,100,,
2019-06-28 09:46:20.000000000,99957,177,99828,177,99959,177,99827,177,99973,177,99798,177,100014,177,99443,177,100019,100,99397,100,100030,100,99006,100,100048,100,98909,100,100050,200,,,100065,100,,,100073,100,,
2019-06-28 09:46:28.571437325,99957,177,99828,177,99959,177,99827,177,99973,177,99798,177,100014,177,99443,177,100019,100,99397,100,100030,100,99006,100,100048,100,98909,100,100050,200,,,100065,100,,,100073,100,,
2019-06-28 09:46:30.000000000,99957,162,99828,162,99959,162,99827,162,99973,162,99798,162,100014,162,99443,162,100019,162,99397,162,100030,100,99006,100,100048,100,98909,100,100050,200,,,100065,100,,,100073,100,,
2019-06-28 09:46:38.826627884,99957,162,99828,162,99959,162,99827,162,99973,162,99798,162,100014,162,99443,162,100019,162,99397,162,100030,100,99006,100,100048,100,98909,100,100050,200,,,100065,100,,,100073,100,,
2019-06-28 09:46:40.000000000,99957,205,99828,205,99959,202,99827,202,99973,202,99798,202,100014,100,99443,100,100019,100,99397,100,100030,100,99006,100,100048,100,98909,100,100050,200,,,100065,100,,,100073,100,,
2019-06-28 09:46:49.353086674,99957,105,99828,205,99959,202,99827,202,99973,202,99798,202,100014,100,99443,100,100019,100,99397,100,100030,100,99006,100,100048,100,98909,100,100050,200,,,100065,100,,,100073,100,,
2019-06-28 09:46:50.000000000,99959,162,99828,162,99973,162,99827,162,100014,162,99798,162,100019,162,99443,162,100030,162,99397,162,100048,100,99006,100,100050,200,98909,100,100065,100,,,100073,100,,,100117,100,,
2019-06-28 09:46:58.304951403,99956,100,99828,162,99959,162,99827,162,99973,162,99798,162,100014,162,99443,162,100019,162,99397,162,100030,162,99006,100,100048,100,98909,100,100050,200,,,100065,100,,,100073,100,,
2019-06-28 09:47:00.000000000,99956,408,99828,408,99959,100,99827,100,99973,100,99798,100,100014,100,99443,100,100019,100,99397,100,100030,100,99006,100,100048,100,98909,100,100050,200,,,100065,100,,,100073,100,,
2019-06-28 09:47:05.392876106,99956,308,99828,408,99959,100,99827,100,99973,100,99798,100,100014,100,99443,100,100019,100,99397,100,100030,100,99006,100,100048,100,98909,100,100050,200,,,100065,100,,,100073,100,,
2019-06-28 09:47:10.000000000,99959,408,99828,408,99973,100,99827,100,100014,100,99798,100,100019,100,99443,100,100030,100,99397,100,100048,100,99006,100,100050,200,98909,100,100065,100,,,100073,100,,,100117,100,,
2019-06-28 09:47:20.000000000,99959,177,99828,177,99973,177,99827,177,100014,177,99798,177,100019,177,99443,177,100030,100,99397,100,100048,100,99006,100,100050,200,98909,100,100065,100,,,100073,100,,,100117,100,,
2019-06-28 09:47:30.000000000,99959,205,99828,205,99973,202,99827,202,100014,202,99798,202,100019,100,99443,100,100030,100,99397,100,100048,100,99006,100,100050,200,98909,100,100065,100,,,100073,100,,,100117,100,,
2019-06-28 09:47:40.000000000,99959,205,99828,205,99973,202,99827,202,100014,202,99798,202,100019,100,99443,100,100030,100,99397,100,100048,100,99006,100,100050,200,98909,100,100065,100,,,100073,100,,,100117,100,,
2019-06-28 09:47:50.000000000,99959,254,99828,254,99973,254,99827,254,100014,100,99798,100,100019,100,99443,100,100030,100,99397,100,100048,100,99006,100,100050,200,98909,100,100065,100,,,100073,100,,,100117,100,,
2019-06-28 09:48:00.000000000,99959,254,99828,254,99973,254,99827,254,100014,100,99798,100,100019,100,99443,100,100030,100,99397,100,100048,100,99006,100,100050,200,98909,100,100065,100,,,100073,100,,,100117,100,,
2019-06-28 09:48:10.000000000,99959,162,99828,162,99973,162,99827,162,100014,162,99798,162,100019,162,99443,162,100030,162,99397,162,100048,100,99006,100,100050,200,98909,100,100065,100,,,100073,100,,,100117,100,,
2019-06-28 09:48:20.000000000,99959,162,99828,162,99973,162,99827,162,100014,162,99798,162,100019,162,99443,162,100030,162,99397,162,100048,100,99006,100,100050,200,98909,100,100065,100,,,100073,100,,,100117,100,,
2019-06-28 09:48:30.000000000,99959,177,99828,177,99973,177,99827,177,100014,177,99798,177,100019,177,99443,177,100030,100,99397,100,100048,100,99006,100,100050,200,98909,100,100065,100,,,100073,100,,,100117,100,,
2019-06-28 09:48:36.684720822,99959,177,99828,77,99973,177,99827,177,100014,177,99798,177,100019,177,99443,177,100030,100,99397,100,100048,100,99006,100,100050,200,98909,100,100065,100,,,100073,100,,,100117,100,,
2019-06-28 09:48:40.000000000,99959,162,99827,162,99973,162,99798,162,100014,162,99443,162,100019,162,99397,162,100030,162,99006,162,100048,100,98909,100,100050,200,,,100065,100,,,100073,100,,,100117,100,,
2019-06-28 09:48:50.000000000,99959,162,99827,162,99973,162,99798,162,100014,162,99443,162,100019,162,99397,162,100030,162,99006,162,100048,100,98909,100,100050,200,,,100065,100,,,100073,100,,,100117,100,,
2019-06-28 09:48:56.752734637,99959,162,99827,162,99973,162,99798,162,100014,162,99443,162,100019,162,99397,162,100030,162,99006,162,100048,100,98909,100,100050,200,98296,100,100065,100,,,100073,100,,,100117,100,,
2019-06-28 09:48:59.847270981,99955,100,99827,162,99959,162,99798,162,99973,162,99443,162,100014,62,99397,162,100019,162,99006,162,100030,162,98909,100,100048,100,98296,100,100050,200,,,100065,100,,,100073,100,,
2019-06-28 09:49:00.000000000,99955,162,99827,162,99959,162,99798,162,99973,162,99443,162,100019,162,99397,162,100030,162,99006,162,100048,100,98909,100,100050,200,98296,100,100065,100,,,100073,100,,,100117,100,,
2019-06-28 09:49:08.510518716,99955,162,99827,162,99959,162,99798,162,99973,162,99443,162,100019,162,99397,162,100030,162,99006,162,100048,100,98909,100,100050,200,98323,100,100065,100,,,100073,100,,,100117,100,,
2019-06-28 09:49:10.000000000,99955,408,99827,408,99959,100,99798,100,99973,100,99443,100,100019,100,99397,100,100030,100,99006,100,100048,100,98909,100,100050,200,98323,100,100065,100,,,100073,100,,,100117,100,,
2019-06-28 09:49:20.000000000,99955,177,99827,177,99959,177,99798,177,99973,177,99443,177,100019,177,99397,177,100030,100,99006,100,100048,100,98909,100,100050,200,98323,100,100065,100,,,100073,100,,,100117,100,,
2019-06-28 09:49:30.000000000,99955,177,99827,177,99959,177,99798,177,99973,177,99443,177,100019,177,99397,177,100030,100,99006,100,100048,100,98909,100,100050,200,98323,100,100065,100,,,100073,100,,,100117,100,,
2019-06-28 09:49:34.903097545,99955,277,99827,177,99959,177,99798,177,99973,177,99443,177,100019,177,99397,177,100030,100,99006,100,100048,100,98909,100,100050,200,98323,100,100065,100,,,100073,100,,,100117,100,,
2019-06-28 09:49:35.232762542,99955,277,99827,177,99959,177,99798,177,99973,177,99443,177,100019,177,99397,177,100030,100,99006,100,100048,100,98909,100,100050,200,98387,100,100065,100,98323,100,100073,100,,,100117,100,,
2019-06-28 09:49:38.080984167,99955,377,99827,177,99959,177,99798,177,99973,177,99443,177,100019,177,99397,177,100030,100,99006,100,100048,100,98909,100,100050,200,98387,100,100065,100,98323,100,100073,100,,,100117,100,,
2019-06-28 09:49:40.000000000,99955,608,99827,408,99959,100,99798,100,99973,100,99443,100,100019,100,99397,100,100030,100,99006,100,100048,100,98909,100,100050,200,98387,100,100065,100,98323,100,100073,100,,,100117,100,,
2019-06-28 09:49:40.369158692,99955,608,99827,408,99959,100,99443,100,99973,100,99397,100,100019,100,99006,100,100030,100,98909,100,100048,100,98387,100,100050,200,98323,100,100065,100,,,100073,100,,,100117,100,,
2019-06-28 09:49:45.315628270,99955,608,99827,408,99959,100,99443,100,100019,100,99397,100,100030,100,99006,100,100048,100,98909,100,100050,200,98387,100,100065,100,98323,100,100073,100,,,100117,100,,,100138,100,,
2019-06-28 09:49:48.402824899,99955,608,99827,308,99959,100,99443,100,100019,100,99397,100,100030,100,99006,100,100048,100,98909,100,100050,200,98387,100,100065,100,98323,100,100073,100,,,100117,100,,,100138,100,,
2019-06-28 09:49:50.000000000,99955,454,99443,254,99959,254,99397,254,100019,100,99006,100,100030,100,98909,100,100048,100,98387,100,100050,200,98323,100,100065,100,,,100073,100,,,100117,100,,,100138,100,,
2019-06-28 09:50:00.000000000,99955,362,99443,162,99959,162,99397,162,100019,162,99006,162,100030,162,98909,162,100048,162,98387,162,100050,200,98323,100,100065,100,,,100073,100,,,100117,100,,,100138,100,,
2019-06-28 09:50:00.226986899,99955,262,99443,162,99959,162,99397,162,100019,162,99006,162,100030,162,98909,162,100048,162,98387,162,100050,200,98323,100,100065,100,,,100073,100,,,100117,100,,,100138,100,,
2019-06-28 09:50:02.692969260,99955,262,99443,62,99959,162,99397,162,100019,162,99006,162,100030,162,98909,162,100048,162,98387,162,100050,200,98323,100,100065,100,,,100073,100,,,100117,100,,,100138,100,,
2019-06-28 09:50:10.000000000,99955,354,99397,254,99959,254,99006,254,100019,100,98909,100,100030,100,98387,100,100048,100,98323,100,100050,200,,,100065,100,,,100073,100,,,100117,100,,,100138,100,,
2019-06-28 09:50:20.000000000,99955,262,99397,162,99959,162,99006,162,100019,162,98909,162,100030,162,98387,162,100048,162,98323,162,100050,200,,,100065,100,,,100073,100,,,100117,100,,,100138,100,,
2019-06-28 09:50:30.000000000,99955,305,99397,205,99959,202,99006,202,100019,202,98909,202,100030,100,98387,100,100048,100,98323,100,100050,200,,,100065,100,,,100073,100,,,100117,100,,,100138,100,,
2019-06-28 09:50:40.000000000,99955,277,99397,177,99959,177,99006,177,100019,177,98909,177,100030,177,98387,177,100048,100,98323,100,100050,200,,,100065,100,,,100073,100,,,100117,100,,,100138,100,,
2019-06-28 09:50:50.000000000,99955,277,99397,177,99959,177,99006,177,100019,177,98909,177,100030,177,98387,177,100048,100,98323,100,100050,200,,,100065,100,,,100073,100,,,100117,100,,,100138,100,,
2019-06-28 09:50:55.728959679,99827,100,99397,177,99955,277,99006,177,99959,177,98909,177,100019,177,98387,177,100030,177,98323,100,100048,100,,,100050,200,,,100065,100,,,100073,100,,,100117,100,,
2019-06-28 09:51:00.000000000,99827,205,99397,205,99955,302,99006,202,99959,202,98909,202,100019,100,98387,100,100030,100,98323,100,100048,100,,,100050,200,,,100065,100,,,100073,100,,,100117,100,,
2019-06-28 09:51:05.249958473,99428,100,99397,205,99827,205,99006,202,99955,302,98909,202,99959,202,98387,100,100019,100,98323,100,100030,100,,,100048,100,,,100050,100,,,100065,100,,,100073,100,,
2019-06-28 09:51:10.000000000,99428,254,99397,254,99827,254,99006,254,99955,200,98909,100,99959,100,98387,100,100019,100,98323,100,100030,100,,,100048,100,,,100050,100,,,100065,100,,,100073,100,,
2019-06-28 09:51:16.461008854,99428,154,99397,254,99827,254,99006,254,99955,200,98909,100,99959,100,98387,100,100030,100,98323,100,100048,100,,,100050,100,,,100065,100,,,100073,100,,,100117,100,,
2019-06-28 09:51:20.000000000,99827,177,99397,177,99955,277,99006,177,99959,177,98909,177,100030,177,98387,177,100048,100,98323,100,100050,100,,,100065,100,,,100073,100,,,100117,100,,,100138,100,,
2019-06-28 09:51:30.000000000,99827,254,99397,254,99955,354,99006,254,99959,100,98909,100,100030,100,98387,100,100048,100,98323,100,100050,100,,,100065,100,,,100073,100,,,100117,100,,,100138,100,,
2019-06-28 09:51:40.000000000,99827,177,99397,177,99955,277,99006,177,99959,177,98909,177,100030,177,98387,177,100048,100,98323,100,100050,100,,,100065,100,,,100073,100,,,100117,100,,,100138,100,,
2019-06-28 09:51:45.481115054,99427,100,99397,177,99827,177,99006,177,99955,277,98909,177,99959,177,98387,177,100030,177,98323,100,100048,100,,,100050,100,,,100065,100,,,100073,100,,,100117,100,,
2019-06-28 09:51:50.000000000,99427,177,99397,177,99827,177,99006,177,99955,277,98909,177,99959,177,98387,177,100030,100,98323,100,100048,100,,,100050,100,,,100065,100,,,100073,100,,,100117,100,,
2019-06-28 09:52:00.000000000,99427,205,99397,205,99827,202,99006,202,99955,302,98909,202,99959,100,98387,100,100030,100,98323,100,100048,100,,,100050,100,,,100065,100,,,100073,100,,,100117,100,,
2019-06-28 09:52:00.880213203,99427,105,99397,205,99827,202,99006,202,99955,302,98909,202,99959,100,98387,100,100030,100,98323,100,100048,100,,,100050,100,,,100065,100,,,100073,100,,,100117,100,,
2019-06-28 09:52:10.000000000,99827,162,99397,162,99955,262,99006,162,99959,162,98909,162,100030,162,98387,162,100048,162,98323,162,100050,100,,,100065,100,,,100073,100,,,100117,100,,,100138,100,,
2019-06-28 09:52:14.640722794,99663,100,99397,162,99827,162,99006,162,99955,262,98909,162,99959,162,98387,162,100030,162,98323,162,100048,162,,,100050,100,,,100065,100,,,100073,100,,,100117,100,,
2019-06-28 09:52:17.124024107,99663,100,99461,100,99827,162,99397,162,99955,262,99006,162,99959,162,98909,162,100030,162,98387,162,100048,162,98323,162,100050,100,,,100065,100,,,100073,100,,,100117,100,,
2019-06-28 09:52:20.000000000,99663,254,99461,254,99827,254,99397,254,99955,200,99006,100,99959,100,98909,100,100030,100,98387,100,100048,100,98323,100,100050,100,,,100065,100,,,100073,100,,,100117,100,,
2019-06-28 09:52:30.000000000,99663,177,99461,177,99827,177,99397,177,99955,277,99006,177,99959,177,98909,177,100030,100,98387,100,100048,100,98323,100,100050,100,,,100065,100,,,100073,100,,,100117,100,,
2019-06-28 09:52:33.861882789,99594,100,99461,177,99663,177,99397,177,99827,177,99006,177,99955,277,98909,177,99959,177,98323,100,100030,100,,,100048,100,,,100050,100,,,100065,100,,,100073,100,,
2019-06-28 09:52:40.000000000,99594,177,99461,177,99663,177,99397,177,99827,177,99006,177,99955,277,98909,177,99959,100,98323,100,100030,100,,,100048,100,,,100050,100,,,100065,100,,,100073,100,,
2019-06-28 09:52:49.063989885,99594,77,99461,177,99663,177,99397,177,99827,177,99006,177,99955,277,98909,177,99959,100,98323,100,100030,100,,,100048,100,,,100050,100,,,100065,100,,,100073,100,,
2019-06-28 09:52:50.000000000,99663,205,99461,205,99827,202,99397,202,99955,302,99006,202,99959,100,98909,100,100030,100,98323,100,100048,100,,,100050,100,,,100065,100,,,100073,100,,,100117,100,,
2019-06-28 09:53:00.000000000,99663,177,99461,177,99827,177,99397,177,99955,277,99006,177,99959,177,98909,177,100030,100,98323,100,100048,100,,,100050,100,,,100065,100,,,100073,100,,,100117,100,,
2019-06-28 09:53:00.006676130,99663,177,99461,177,99675,100,99397,177,99827,177,99006,177,99955,277,98909,177,99959,177,98323,100,100030,100,,,100048,100,,,100050,100,,,100065,100,,,100073,100,,
2019-06-28 09:53:08.792548541,99522,100,99461,177,99663,177,99397,177,99675,100,99006,177,99827,177,98909,177,99955,277,98323,100,99959,177,,,100030,100,,,100048,100,,,100050,100,,,100065,100,,
2019-06-28 09:53:10.000000000,99522,205,99461,205,99663,202,99397,202,99675,202,99006,202,99827,100,98909,100,99955,200,98323,100,99959,100,,,100030,100,,,100048,100,,,100050,100,,,100065,100,,
2019-06-28 09:53:15.553455846,99497,100,99461,205,99522,205,99397,202,99663,202,99006,202,99675,202,98909,100,99827,100,98323,100,99955,200,,,99959,100,,,100030,100,,,100048,100,,,100050,100,,
2019-06-28 09:53:20.000000000,99497,254,99461,254,99522,254,99397,254,99663,100,99006,100,99675,100,98909,100,99827,100,98323,100,99955,200,,,99959,100,,,100030,100,,,100048,100,,,100050,100,,
2019-06-28 09:53:30.000000000,99497,254,99461,254,99522,254,99397,254,99663,100,99006,100,99675,100,98909,100,99827,100,98323,100,99955,200,,,99959,100,,,100030,100,,,100048,100,,,100050,100,,
2019-06-28 09:53:40.000000000,99497,408,99461,408,99522,100,99397,100,99663,100,99006,100,99675,100,98909,100,99827,100,98323,100,99955,200,,,99959,100,,,100030,100,,,100048,100,,,100050,100,,
2019-06-28 09:53:42.740673117,99497,408,99461,408,99522,100,99397,100,99621,100,99006,100,99663,100,98909,100,99675,100,98323,100,99827,100,,,99955,200,,,99959,100,,,100030,100,,,100048,100,,
2019-06-28 09:53:48.408423649,99497,408,99461,408,99522,100,99397,100,99621,100,99006,100,99663,100,98909,100,99675,100,98323,100,99715,100,,,99827,100,,,99955,200,,,99959,100,,,100030,100,,
2019-06-28 09:53:50.000000000,99497,162,99461,162,99522,162,99397,162,99621,162,99006,162,99663,162,98909,162,99675,162,98323,162,99715,100,,,99827,100,,,99955,200,,,99959,100,,,100030,100,,
2019-06-28 09:54:00.000000000,99497,205,99461,205,99522,202,99397,202,99621,202,99006,202,99663,100,98909,100,99675,100,98323,100,99715,100,,,99827,100,,,99955,200,,,99959,100,,,100030,100,,
2019-06-28 09:54:10.000000000,99497,408,99461,408,99522,100,99397,100,99621,100,99006,100,99663,100,98909,100,99675,100,98323,100,99715,100,,,99827,100,,,99955,200,,,99959,100,,,100030,100,,
2019-06-28 09:54:20.000000000,99497,205,99461,205,99522,202,99397,202,99621,202,99006,202,99663,100,98909,100,99675,100,98323,100,99715,100,,,99827,100,,,99955,200,,,99959,100,,,100030,100,,
2019-06-28 09:54:30.000000000,99497,177,99461,177,99522,177,99397,177,99621,177,99006,177,99663,177,98909,177,99675,100,98323,100,99715,100,,,99827,100,,,99955,200,,,99959,100,,,100030,100,,
2019-06-28 09:54:31.740127645,99497,77,99461,177,99522,177,99397,177,99621,177,99006,177,99663,177,98909,177,99675,100,98323,100,99715,100,,,99827,100,,,99955,200,,,99959,100,,,100030,100,,
2019-06-28 09:54:32.158448934,99522,177,99497,23,99621,177,99461,177,99663,177,99397,177,99675,100,99006,177,99715,100,98909,177,99827,100,98323,100,99955,200,,,99959,100,,,100030,100,,,100048,100,,
2019-06-28 09:54:32.447202233,99522,177,99497,123,99621,177,99461,177,99663,177,99397,177,99675,100,99006,177,99715,100,98909,177,99827,100,98323,100,99955,200,,,99959,100,,,100030,100,,,100048,100,,
2019-06-28 09:54:40.000000000,99522,408,99497,431,99621,100,99461,100,99663,100,99397,100,99675,100,99006,100,99715,100,98909,100,99827,100,98323,100,99955,200,,,99959,100,,,100030,100,,,100048,100,,
2019-06-28 09:54:42.208467960,99522,308,99497,431,99621,100,99461,100,99663,100,99397,100,99675,100,99006,100,99715,100,98909,100,99827,100,98323,100,99955,200,,,99959,100,,,100030,100,,,100048,100,,
2019-06-28 09:54:44.019567502,99522,308,99497,431,99621,100,99461,100,99663,100,99397,100,99675,100,99006,100,99715,100,98909,100,99809,100,98323,100,99827,100,,,99955,200,,,99959,100,,,100030,100,,
2019-06-28 09:54:50.000000000,99621,408,99497,431,99663,100,99461,100,99675,100,99397,100,99715,100,99006,100,99809,100,98909,100,99827,100,98323,100,99955,200,,,99959,100,,,100030,100,,,100048,100,,
2019-06-28 09:55:00.000000000,99621,162,99497,185,99663,162,99461,162,99675,162,99397,162,99715,162,99006,162,99809,162,98909,162,99827,100,98323,100,99955,200,,,99959,100,,,100030,100,,,100048,100,,
2019-06-28 09:55:10.000000000,99621,408,99497,431,99663,100,99461,100,99675,100,99397,100,99715,100,99006,100,99809,100,98909,100,99827,100,98323,100,99955,200,,,99959,100,,,100030,100,,,100048,100,,
2019-06-28 09:55:13.259946451,99521,100,99497,431,99621,408,99461,100,99663,100,99397,100,99675,100,99006,100,99715,100,98909,100,99809,100,98323,100,99827,100,,,99955,200,,,99959,100,,,100030,100,,
2019-06-28 09:55:16.910989847,99521,200,99497,331,99621,408,99461,100,99663,100,99397,100,99675,100,99006,100,99715,100,98909,100,99809,100,98323,100,99827,100,,,99955,200,,,99959,100,,,100030,100,,
2019-06-28 09:55:20.000000000,99521,262,99497,85,99621,162,99461,162,99663,162,99397,162,99675,162,99006,162,99715,162,98909,162,99809,100,98323,100,99827,100,,,99955,200,,,99959,100,,,100030,100,,
2019-06-28 09:55:23.621786787,99521,262,99498,100,99621,162,99497,85,99663,162,99461,162,99675,162,99397,162,99715,162,99006,162,99809,100,98909,162,99827,100,98323,100,99955,200,,,99959,100,,,100030,100,,
2019-06-28 09:55:30.000000000,99521,277,99498,177,99621,177,99497,100,99663,177,99461,177,99675,177,99397,177,99715,100,99006,100,99809,100,98909,100,99827,100,98323,100,99955,200,,,99959,100,,,100030,100,,
2019-06-28 09:55:40.000000000,99521,508,99498,408,99621,100,99497,23,99663,100,99461,100,99675,100,99397,100,99715,100,99006,100,99809,100,98909,100,99827,100,98323,100,99955,200,,,99959,100,,,100030,100,,
2019-06-28 09:55:46.489113882,99521,508,99498,408,99621,100,99497,23,99663,100,99461,100,99675,100,99397,100,99680,100,99006,100,99715,100,98909,100,99809,100,98323,100,99827,100,,,99955,200,,,99959,100,,
2019-06-28 09:55:50.000000000,99521,354,99498,254,99621,254,99497,177,99663,100,99461,100,99675,100,99397,100,99680,100,99006,100,99715,100,98909,100,99809,100,98323,100,99827,100,,,99955,200,,,99959,100,,
2019-06-28 09:56:00.000000000,99521,305,99498,205,99621,202,99497,125,99663,202,99461,202,99675,100,99397,100,99680,100,99006,100,99715,100,98909,100,99809,100,98323,100,99827,100,,,99955,200,,,99959,100,,
2019-06-28 09:56:01.718347211,99521,305,99498,305,99621,202,99497,125,99663,202,99461,202,99675,100,99397,100,99680,100,99006,100,99715,100,98909,100,99809,100,98323,100,99827,100,,,99955,200,,,99959,100,,
2019-06-28 09:56:10.000000000,99521,354,99498,354,99621,254,99497,177,99663,100,99461,100,99675,100,99397,100,99680,100,99006,100,99715,100,98909,100,99809,100,98323,100,99827,100,,,99955,200,,,99959,100,,
2019-06-28 09:56:20.000000000,99521,508,99498,508,99621,100,99497,23,99663,100,99461,100,99675,100,99397,100,99680,100,99006,100,99715,100,98909,100,99809,100,98323,100,99827,100,,,99955,200,,,99959,100,,
2019-06-28 09:56:30.000000000,99521,508,99498,508,99621,100,99497,23,99663,100,99461,100,99675,100,99397,100,99680,100,99006,100,99715,100,98909,100,99809,100,98323,100,99827,100,,,99955,200,,,99959,100,,
2019-06-28 09:56:40.000000000,99521,277,99498,277,99621,177,99497,100,99663,177,99461,177,99675,177,99397,177,99680,100,99006,100,99715,100,98909,100,99809,100,98323,100,99827,100,,,99955,200,,,99959,100,,
2019-06-28 09:56:50.000000000,99521,354,99498,354,99621,254,99497,177,99663,100,99461,100,99675,100,99397,100,99680,100,99006,100,99715,100,98909,100,99809,100,98323,100,99827,100,,,99955,200,,,99959,100,,
2019-06-28 09:57:00.000000000,99521,354,99498,354,99621,254,99497,177,99663,100,99461,100,99675,100,99397,100,99680,100,99006,100,99715,100,98909,100,99809,100,98323,100,99827,100,,,99955,200,,,99959,100,,
2019-06-28 09:57:10.000000000,99521,354,99498,354,99621,254,99497,177,99663,100,99461,100,99675,100,99397,100,99680,100,99006,100,99715,100,98909,100,99809,100,98323,100,99827,100,,,99955,200,,,99959,100,,
2019-06-28 09:57:17.483649490,99521,254,99498,354,99621,254,99497,177,99663,100,99461,100,99675,100,99397,100,99680,100,99006,100,99715,100,98909,100,99809,100,98323,100,99827,100,,,99955,200,,,99959,100,,
2019-06-28 09:57:20.000000000,99521,162,99498,262,99621,162,99497,85,99663,162,99461,162,99675,162,99397,162,99680,162,99006,162,99715,100,98909,100,99809,100,98323,100,99827,100,,,99955,200,,,99959,100,,
2019-06-28 09:57:30.000000000,99521,254,99498,354,99621,254,99497,177,99663,100,99461,100,99675,100,99397,100,99680,100,99006,100,99715,100,98909,100,99809,100,98323,100,99827,100,,,99955,200,,,99959,100,,
2019-06-28 09:57:36.587782592,99521,154,99498,354,99621,254,99497,177,99663,100,99461,100,99675,100,99397,100,99680,100,99006,100,99715,100,98909,100,99809,100,98323,100,99827,100,,,99955,200,,,99959,100,,
2019-06-28 09:57:40.000000000,99621,177,99498,277,99663,177,99497,100,99675,177,99461,177,99680,177,99397,177,99715,100,99006,100,99809,100,98909,100,99827,100,98323,100,99955,200,,,99959,100,,,100030,100,,
2019-06-28 09:57:43.260826788,99613,100,99498,277,99621,177,99497,100,99663,177,99461,177,99675,177,99397,177,99680,177,99006,100,99715,100,98909,100,99809,100,98323,100,99827,100,,,99955,200,,,99959,100,,
2019-06-28 09:57:50.000000000,99613,254,99498,354,99621,254,99497,177,99663,100,99461,100,99675,100,99397,100,99680,100,99006,100,99715,100,98909,100,99809,100,98323,100,99827,100,,,99955,200,,,99959,100,,
2019-06-28 09:58:00.000000000,99613,408,99498,508,99621,100,99497,23,99663,100,99461,100,99675,100,99397,100,99680,100,99006,100,99715,100,98909,100,99809,100,98323,100,99827,100,,,99955,200,,,99959,100,,
2019-06-28 09:58:05.097532344,99613,408,99498,508,99663,100,99497,23,99675,100,99461,100,99680,100,99397,100,99715,100,99006,100,99809,100,98909,100,99827,100,98323,100,99955,200,,,99959,100,,,99992,100,,
2019-06-28 09:58:10.000000000,99613,254,99498,354,99663,254,99497,177,99675,100,99461,100,99680,100,99397,100,99715,100,99006,100,99809,100,98909,100,99827,100,98323,100,99955,200,,,99959,100,,,99992,100,,
2019-06-28 09:58:12.707375422,99613,254,99521,100,99663,254,99498,254,99675,100,99497,177,99680,100,99461,100,99715,100,99397,100,99809,100,99006,100,99827,100,98909,100,99955,200,98323,100,99959,100,,,99992,100,,
2019-06-28 09:58:20.000000000,99613,177,99521,177,99663,177,99498,177,99675,177,99497,100,99680,177,99461,177,99715,100,99397,100,99809,100,99006,100,99827,100,98909,100,99955,200,98323,100,99959,100,,,99992,100,,
2019-06-28 09:58:30.000000000,99613,254,99521,254,99663,254,99498,254,99675,100,99497,23,99680,100,99461,100,99715,100,99397,100,99809,100,99006,100,99827,100,98909,100,99955,200,98323,100,99959,100,,,99992,100,,
2019-06-28 09:58:40.000000000,99613,408,99521,408,99663,100,99498,100,99675,100,99497,23,99680,100,99461,100,99715,100,99397,100,99809,100,99006,100,99827,100,98909,100,99955,200,98323,100,99959,100,,,99992,100,,
2019-06-28 09:58:47.580373960,99613,308,99521,408,99663,100,99498,100,99675,100,99497,23,99680,100,99461,100,99715,100,99397,100,99809,100,99006,100,99827,100,98909,100,99955,200,98323,100,99959,100,,,99992,100,,
2019-06-28 09:58:50.000000000,99663,254,99521,254,99675,254,99498,254,99680,100,99497,23,99715,100,99461,100,99809,100,99397,100,99827,100,99006,100,99955,200,98909,100,99959,100,98323,100,99992,100,,,100048,100,,
2019-06-28 09:58:57.944590496,99522,100,99521,254,99663,254,99498,254,99675,254,99497,23,99680,100,99461,100,99715,100,99397,100,99809,100,99006,100,99827,100,98909,100,99955,200,98323,100,99959,100,,,99992,100,,
2019-06-28 09:59:00.000000000,99522,162,99521,162,99663,162,99498,162,99675,162,99497,85,99680,162,99461,162,99715,162,99397,162,99809,100,99006,100,99827,100,98909,100,99955,200,98323,100,99959,100,,,99992,100,,
2019-06-28 09:59:03.636313994,99522,62,99521,162,99663,162,99498,162,99672,100,99497,85,99675,162,99461,162,99680,162,99397,162,99715,162,99006,100,99809,100,98909,100,99827,100,98323,100,99955,200,,,99959,100,,
2019-06-28 09:59:10.000000000,99663,162,99521,162,99672,162,99498,162,99675,162,99497,85,99680,162,99461,162,99715,162,99397,162,99809,100,99006,100,99827,100,98909,100,99955,200,98323,100,99959,100,,,99992,100,,
2019-06-28 09:59:20.000000000,99663,408,99521,408,99672,100,99498,100,99675,100,99497,23,99680,100,99461,100,99715,100,99397,100,99809,100,99006,100,99827,100,98909,100,99955,200,98323,100,99959,100,,,99992,100,,
2019-06-28 09:59:23.973872403,99663,408,99521,408,99672,100,99498,100,99675,100,99497,23,99680,100,99461,100,99715,100,99397,100,99809,100,99234,100,99827,100,99006,100,99955,200,98909,100,99959,100,98323,100,99992,100,,
2019-06-28 09:59:27.242223759,99663,308,99521,408,99672,100,99498,100,99675,100,99497,23,99680,100,99461,100,99715,100,99397,100,99809,100,99374,100,99827,100,99234,100,99955,200,99006,100,99959,100,98909,100,99992,100,98323,100
2019-06-28 09:59:30.000000000,99672,408,99521,408,99675,100,99498,100,99680,100,99497,23,99715,100,99461,100,99809,100,99397,100,99827,100,99374,100,99955,200,99234,100,99959,100,99006,100,99992,100,98909,100,100048,100,98323,100
2019-06-28 09:59:31.857684381,99672,408,99521,408,99675,100,99498,100,99680,100,99497,23,99715,100,99461,100,99809,100,99397,100,99827,100,99374,100,99955,200,99370,100,99959,100,99234,100,99992,100,99006,100,100048,100,98909,100
2019-06-28 09:59:40.000000000,99672,162,99521,162,99675,162,99498,162,99680,162,99497,85,99715,162,99461,162,99809,162,99397,162,99827,100,99374,100,99955,200,99370,100,99959,100,99234,100,99992,100,99006,100,100048,100,98909,100
2019-06-28 09:59:50.000000000,99672,205,99521,205,99675,202,99498,202,99680,202,99497,125,99715,100,99461,100,99809,100,99397,100,99827,100,99374,100,99955,200,99370,100,99959,100,99234,100,99992,100,99006,100,100048,100,98909,100
2019-06-28 09:59:57.290325439,99672,205,99521,205,99675,202,99498,202,99680,202,99497,125,99715,100,99461,100,99809,100,99397,100,99827,100,99374,100,99955,100,99370,100,99959,100,99234,100,99992,100,99006,100,100048,100,98909,100
2019-06-28 09:59:57.303970760,99672,205,99521,105,99675,202,99498,202,99680,202,99497,125,99715,100,99461,100,99809,100,99397,100,99827,100,99374,100,99959,100,99370,100,99992,100,99234,100,100048,100,99006,100,100050,100,98909,100
2019-06-28 10:00:00.000000000,99672,254,99498,254,99675,254,99497,177,99680,100,99461,100,99715,100,99397,100,99809,100,99374,100,99827,100,99370,100,99959,100,99234,100,99992,100,99006,100,100048,100,98909,100,100050,100,,
2019-06-28 10:00:10.000000000,99672,408,99498,408,99675,100,99497,23,99680,100,99461,100,99715,100,99397,100,99809,100,99374,100,99827,100,99370,100,99959,100,99234,100,99992,100,99006,100,100048,100,98909,100,100050,100,,
2019-06-28 10:00:17.231405439,99521,100,99498,408,99672,408,99497,23,99675,100,99461,100,99680,100,99397,100,99715,100,99374,100,99809,100,99370,100,99827,100,99234,100,99959,100,99006,100,99992,100,98909,100,100048,100,,
2019-06-28 10:00:20.000000000,99521,162,99498,162,99672,162,99497,85,99675,162,99461,162,99680,162,99397,162,99715,162,99374,162,99809,100,99370,100,99827,100,99234,100,99959,100,99006,100,99992,100,98909,100,100048,100,,
2019-06-28 10:00:30.000000000,99521,205,99498,205,99672,202,99497,125,99675,202,99461,202,99680,100,99397,100,99715,100,99374,100,99809,100,99370,100,99827,100,99234,100,99959,100,99006,100,99992,100,98909,100,100048,100,,
2019-06-28 10:00:31.650981431,99521,305,99498,105,99672,202,99497,125,99675,202,99461,202,99680,100,99397,100,99715,100,99374,100,99809,100,99370,100,99827,100,99234,100,99959,100,99006,100,99992,100,98909,100,100048,100,,
2019-06-28 10:00:40.000000000,99521,277,99497,100,99672,177,99461,177,99675,177,99397,177,99680,177,99374,177,99715,100,99370,100,99809,100,99234,100,99827,100,99006,100,99959,100,98909,100,99992,100,,,100048,100,,
2019-06-28 10:00:50.000000000,99521,354,99497,177,99672,254,99461,254,99675,100,99397,100,99680,100,99374,100,99715,100,99370,100,99809,100,99234,100,99827,100,99006,100,99959,100,98909,100,99992,100,,,100048,100,,
2019-06-28 10:00:57.151680636,99521,354,99497,77,99672,254,99461,254,99675,100,99397,100,99680,100,99374,100,99715,100,99370,100,99809,100,99234,100,99827,100,99006,100,99959,100,98909,100,99992,100,,,100048,100,,
2019-06-28 10:01:00.000000000,99521,277,99461,177,99672,177,99397,177,99675,177,99374,177,99680,177,99370,177,99715,100,99234,100,99809,100,99006,100,99827,100,98909,100,99959,100,,,99992,100,,,100048,100,,
2019-06-28 10:01:10.000000000,99521,277,99461,177,99672,177,99397,177,99675,177,99374,177,99680,177,99370,177,99715,100,99234,100,99809,100,99006,100,99827,100,98909,100,99959,100,,,99992,100,,,100048,100,,
2019-06-28 10:01:12.144447325,99521,277,99461,77,99672,177,99397,177,99675,177,99374,177,99680,177,99370,177,99715,100,99234,100,99809,100,99006,100,99827,100,98909,100,99959,100,,,99992,100,,,100048,100,,
2019-06-28 10:01:15.661414455,99461,23,99397,177,99521,277,99374,177,99672,177,99370,177,99675,177,99234,100,99680,77,99006,100,99715,100,98909,100,99809,100,,,99827,100,,,99959,100,,,99992,100,,
2019-06-28 10:01:20.000000000,99461,100,99397,177,99521,277,99374,177,99672,177,99370,177,99675,177,99234,177,99715,100,99006,100,99809,100,98909,100,99827,100,,,99959,100,,,99992,100,,,100048,100,,
2019-06-28 10:01:30.000000000,99461,128,99397,205,99521,302,99374,202,99672,202,99370,202,99675,100,99234,100,99715,100,99006,100,99809,100,98909,100,99827,100,,,99959,100,,,99992,100,,,100048,100,,
2019-06-28 10:01:38.602536460,99461,128,99397,105,99521,302,99374,202,99672,202,99370,202,99675,100,99234,100,99715,100,99006,100,99809,100,98909,100,99827,100,,,99959,100,,,99992,100,,,100048,100,,
2019-06-28 10:01:40.000000000,99461,128,99374,205,99521,302,99370,202,99672,202,99234,202,99675,100,99006,100,99715,100,98909,100,99809,100,,,99827,100,,,99959,100,,,99992,100,,,100048,100,,
2019-06-28 10:01:50.000000000,99461,177,99374,254,99521,354,99370,254,99672,100,99234,100,99675,100,99006,100,99715,100,98909,100,99809,100,,,99827,100,,,99959,100,,,99992,100,,,100048,100,,
2019-06-28 10:02:00.000000000,99461,100,99374,177,99521,277,99370,177,99672,177,99234,177,99675,177,99006,177,99715,100,98909,100,99809,100,,,99827,100,,,99959,100,,,99992,100,,,100048,100,,
2019-06-28 10:02:10.000000000,99461,128,99374,205,99521,302,99370,202,99672,202,99234,202,99675,100,99006,100,99715,100,98909,100,99809,100,,,99827,100,,,99959,100,,,99992,100,,,100048,100,,
2019-06-28 10:02:20.000000000,99461,331,99374,408,99521,200,99370,100,99672,100,99234,100,99675,100,99006,100,99715,100,98909,100,99809,100,,,99827,100,,,99959,100,,,99992,100,,,100048,100,,
2019-06-28 10:02:27.124273663,99461,308,99374,408,99521,200,99370,100,99672,100,99234,100,99675,100,99006,100,99715,100,98909,100,99809,100,98495,100,99827,100,,,99959,100,,,99992,100,,,100048,100,,
2019-06-28 10:02:30.000000000,99521,277,99374,177,99672,177,99370,177,99675,177,99234,177,99715,177,99006,177,99809,100,98909,100,99827,100,98495,100,99959,100,,,99992,100,,,100048,100,,,100050,100,,
2019-06-28 10:02:40.000000000,99521,262,99374,162,99672,162,99370,162,99675,162,99234,162,99715,162,99006,162,99809,162,98909,162,99827,100,98495,100,99959,100,,,99992,100,,,100048,100,,,100050,100,,
2019-06-28 10:02:50.000000000,99521,508,99374,408,99672,100,99370,100,99675,100,99234,100,99715,100,99006,100,99809,100,98909,100,99827,100,98495,100,99959,100,,,99992,100,,,100048,100,,,100050,100,,
2019-06-28 10:02:50.362185451,99521,508,99374,308,99672,100,99370,100,99675,100,99234,100,99715,100,99006,100,99809,100,98909,100,99827,100,98495,100,99959,100,,,99992,100,,,100048,100,,,100050,100,,
2019-06-28 10:02:58.175755528,99521,508,99374,208,99672,100,99370,100,99675,100,99234,100,99809,100,99006,100,99827,100,98909,100,99959,100,98495,100,99992,100,,,100048,100,,,100050,100,,,100073,100,,
2019-06-28 10:03:00.000000000,99521,354,99370,254,99672,254,99234,254,99675,100,99006,100,99809,100,98909,100,99827,100,98495,100,99959,100,,,99992,100,,,100048,100,,,100050,100,,,100073,100,,
2019-06-28 10:03:10.000000000,99521,305,99370,205,99672,202,99234,202,99675,202,99006,202,99809,100,98909,100,99827,100,98495,100,99959,100,,,99992,100,,,100048,100,,,100050,100,,,100073,100,,
2019-06-28 10:03:20.000000000,99521,262,99370,162,99672,162,99234,162,99675,162,99006,162,99809,162,98909,162,99827,162,98495,162,99959,100,,,99992,100,,,100048,100,,,100050,100,,,100073,100,,
2019-06-28 10:03:25.836458620,99521,262,99370,162,99672,162,99300,100,99675,162,99234,162,99809,162,99006,162,99827,162,98909,162,99959,100,98495,162,99992,100,,,100048,100,,,100050,100,,,100073,100,,
2019-06-28 10:03:30.000000000,99521,262,99370,162,99672,162,99300,162,99675,162,99234,162,99809,162,99006,162,99827,162,98909,162,99959,100,98495,100,99992,100,,,100048,100,,,100050,100,,,100073,100,,
2019-06-28 10:03:35.891013918,99521,262,99370,162,99656,100,99300,162,99672,162,99234,162,99675,162,99006,162,99809,162,98909,162,99827,162,98495,100,99959,100,,,99992,100,,,100048,100,,,100050,100,,
2019-06-28 10:03:40.000000000,99521,277,99370,177,99656,177,99300,177,99672,177,99234,177,99675,177,99006,177,99809,100,98909,100,99827,100,98495,100,99959,100,,,99992,100,,,100048,100,,,100050,100,,
2019-06-28 10:03:43.152944150,99521,277,99370,177,99656,177,99300,177,99672,177,99234,177,99675,177,99006,177,99801,100,98909,100,99809,100,98495,100,99827,100,,,99959,100,,,99992,100,,,100048,100,,
2019-06-28 10:03:50.000000000,99521,262,99370,162,99656,162,99300,162,99672,162,99234,162,99675,162,99006,162,99801,162,98909,162,99809,100,98495,100,99827,100,,,99959,100,,,99992,100,,,100048,100,,
2019-06-28 10:03:57.592673841,99427,100,99370,162,99521,262,99300,162,99656,162,99234,162,99672,162,99006,162,99675,162,98909,162,99801,162,98495,100,99809,100,,,99827,100,,,99959,100,,,99992,100,,
2019-06-28 10:04:00.000000000,99427,408,99370,408,99521,200,99300,100,99656,100,99234,100,99672,100,99006,100,99675,100,98909,100,99801,100,98495,100,99809,100,,,99827,100,,,99959,100,,,99992,100,,
2019-06-28 10:04:10.000000000,99427,408,99370,408,99521,200,99300,100,99656,100,99234,100,99672,100,99006,100,99675,100,98909,100,99801,100,98495,100,99809,100,,,99827,100,,,99959,100,,,99992,100,,
2019-06-28 10:04:18.986364219,99427,408,99370,408,99521,200,99332,100,99656,100,99300,100,99672,100,99234,100,99675,100,99006,100,99801,100,98909,100,99809,100,98495,100,99827,100,,,99959,100,,,99992,100,,
2019-06-28 10:04:20.000000000,99427,205,99370,205,99521,302,99332,202,99656,202,99300,202,99672,100,99234,100,99675,100,99006,100,99801,100,98909,100,99809,100,98495,100,99827,100,,,99959,100,,,99992,100,,
2019-06-28 10:04:30.000000000,99427,177,99370,177,99521,277,99332,177,99656,177,99300,177,99672,177,99234,177,99675,100,99006,100,99801,100,98909,100,99809,100,98495,100,99827,100,,,99959,100,,,99992,100,,
2019-06-28 10:04:31.521778508,99374,100,99370,177,99427,177,99332,177,99521,277,99300,177,99656,177,99234,177,99672,177,99006,100,99675,100,98909,100,99801,100,98495,100,99809,100,,,99827,100,,,99959,100,,
2019-06-28 10:04:33.699537563,99374,200,99370,177,99427,177,99332,177,99521,277,99300,177,99656,177,99234,177,99672,177,99006,100,99675,100,98909,100,99801,100,98495,100,99809,100,,,99827,100,,,99959,100,,
2019-06-28 10:04:40.000000000,99374,354,99370,254,99427,254,99332,254,99521,200,99300,100,99656,100,99234,100,99672,100,99006,100,99675,100,98909,100,99801,100,98495,100,99809,100,,,99827,100,,,99959,100,,
2019-06-28 10:04:41.927343274,99374,354,99370,154,99427,254,99332,254,99521,200,99300,100,99656,100,99234,100,99672,100,99006,100,99675,100,98909,100,99801,100,98495,100,99809,100,,,99827,100,,,99959,100,,
2019-06-28 10:04:50.000000000,99374,262,99332,162,99427,162,99300,162,99521,262,99234,162,99656,162,99006,162,99672,162,98909,162,99675,100,98495,100,99801,100,,,99809,100,,,99827,100,,,99959,100,,
2019-06-28 10:04:56.208988460,99374,262,99332,162,99427,162,99300,162,99521,262,99234,162,99656,162,99039,100,99672,62,99006,162,99675,100,98909,162,99801,100,98495,100,99809,100,,,99827,100,,,99959,100,,
2019-06-28 10:04:58.175296843,99374,262,99332,162,99427,162,99300,162,99521,262,99234,162,99656,162,99218,100,99672,62,99039,100,99675,100,99006,162,99801,100,98909,162,99809,100,98495,100,99827,100,,,99959,100,,
2019-06-28 10:04:59.188571765,99374,262,99332,62,99427,162,99300,162,99521,262,99234,162,99656,162,99218,100,99672,62,99039,100,99675,100,99006,162,99801,100,98909,162,99809,100,98495,100,99827,100,,,99959,100,,
2019-06-28 10:05:00.000000000,99374,508,99300,408,99427,100,99234,100,99521,200,99218,100,99656,100,99039,100,99675,100,99006,100,99801,100,98909,100,99809,100,98495,100,99827,100,,,99959,100,,,99992,100,,
2019-06-28 10:05:10.000000000,99374,305,99300,205,99427,202,99234,202,99521,302,99218,202,99656,100,99039,100,99675,100,99006,100,99801,100,98909,100,99809,100,98495,100,99827,100,,,99959,100,,,99992,100,,
2019-06-28 10:05:20.000000000,99374,305,99300,205,99427,202,99234,202,99521,302,99218,202,99656,100,99039,100,99675,100,99006,100,99801,100,98909,100,99809,100,98495,100,99827,100,,,99959,100,,,99992,100,,
2019-06-28 10:05:30.000000000,99374,508,99300,408,99427,100,99234,100,99521,200,99218,100,99656,100,99039,100,99675,100,99006,100,99801,100,98909,100,99809,100,98495,100,99827,100,,,99959,100,,,99992,100,,
2019-06-28 10:05:33.505550055,99374,508,99300,408,99427,100,99234,100,99521,200,99218,100,99543,100,99039,100,99656,100,99006,100,99675,100,98495,100,99801,100,,,99809,100,,,99827,100,,,99959,100,,
2019-06-28 10:05:35.968369021,99374,408,99300,408,99427,100,99234,100,99521,200,99218,100,99543,100,99039,100,99656,100,99006,100,99675,100,98495,100,99801,100,,,99809,100,,,99827,100,,,99959,100,,
2019-06-28 10:05:40.000000000,99374,162,99300,162,99427,162,99234,162,99521,262,99218,162,99543,162,99039,162,99656,162,99006,162,99675,100,98495,100,99801,100,,,99809,100,,,99827,100,,,99959,100,,
2019-06-28 10:05:50.000000000,99374,162,99300,162,99427,162,99234,162,99521,262,99218,162,99543,162,99039,162,99656,162,99006,162,99675,100,98495,100,99801,100,,,99809,100,,,99827,100,,,99959,100,,
2019-06-28 10:05:51.174156896,99373,100,99300,162,99374,162,99234,162,99427,162,99218,162,99521,262,99039,162,99543,162,99006,162,99656,162,98495,100,99675,100,,,99801,100,,,99809,100,,,99827,100,,
2019-06-28 10:05:55.942850240,99373,100,99300,162,99374,162,99234,162,99427,162,99218,162,99521,262,99039,162,99543,162,99006,162,99615,100,98495,100,99656,162,,,99675,100,,,99801,100,,,99809,100,,
2019-06-28 10:06:00.000000000,99373,162,99300,162,99374,162,99234,162,99427,162,99218,162,99521,262,99039,162,99543,162,99006,162,99615,100,98495,100,99656,100,,,99675,100,,,99801,100,,,99809,100,,
2019-06-28 10:06:10.000000000,99373,254,99300,254,99374,254,99234,254,99427,100,99218,100,99521,200,99039,100,99543,100,99006,100,99615,100,98495,100,99656,100,,,99675,100,,,99801,100,,,99809,100,,
2019-06-28 10:06:20.000000000,99373,254,99300,254,99374,254,99234,254,99427,100,99218,100,99521,200,99039,100,99543,100,99006,100,99615,100,98495,100,99656,100,,,99675,100,,,99801,100,,,99809,100,,
2019-06-28 10:06:22.963267775,99373,254,99333,100,99374,254,99300,254,99427,100,99234,254,99521,200,99218,100,99543,100,99039,100,99615,100,99006,100,99656,100,98495,100,99675,100,,,99801,100,,,99809,100,,
2019-06-28 10:06:24.008713761,99373,254,99333,100,99374,254,99300,254,99427,100,99234,254,99482,100,99218,100,99521,200,99039,100,99543,100,99006,100,99615,100,98495,100,99656,100,,,99675,100,,,99801,100,,
2019-06-28 10:06:30.000000000,99373,162,99333,162,99374,162,99300,162,99427,162,99234,162,99482,162,99218,162,99521,262,99039,162,99543,100,99006,100,99615,100,98495,100,99656,100,,,99675,100,,,99801,100,,
2019-06-28 10:06:36.103360792,99373,62,99333,162,99374,162,99300,162,99427,162,99234,162,99482,162,99218,162,99521,262,99039,162,99543,100,99006,100,99615,100,98495,100,99656,100,,,99675,100,,,99801,100,,
2019-06-28 10:06:36.824133940,99373,62,99333,162,99374,162,99300,162,99427,162,99234,162,99482,162,99218,162,99521,262,99055,100,99543,100,99039,162,99615,100,99006,100,99656,100,98495,100,99675,100,,,99801,100,,
2019-06-28 10:06:40.000000000,99374,177,99333,177,99427,177,99300,177,99482,177,99234,177,99521,277,99218,177,99543,100,99055,100,99615,100,99039,100,99656,100,99006,100,99675,100,98495,100,99801,100,,,99809,100,,
2019-06-28 10:06:50.000000000,99374,254,99333,254,99427,254,99300,254,99482,100,99234,100,99521,200,99218,100,99543,100,99055,100,99615,100,99039,100,99656,100,99006,100,99675,100,98495,100,99801,100,,,99809,100,,
2019-06-28 10:06:59.419187633,99374,254,99333,254,99427,254,99300,254,99482,100,99234,100,99521,200,99218,100,99543,100,99055,100,99615,100,99039,100,99656,100,99006,100,99675,100,98856,100,99801,100,98495,100,99809,100,,
2019-06-28 10:07:00.000000000,99374,205,99333,205,99427,202,99300,202,99482,202,99234,202,99521,200,99218,100,99543,100,99055,100,99615,100,99039,100,99656,100,99006,100,99675,100,98856,100,99801,100,98495,100,99809,100,,
2019-06-28 10:07:08.444164589,99348,100,99333,205,99374,205,99300,202,99427,202,99234,202,99482,202,99218,100,99521,200,99055,100,99543,100,99039,100,99615,100,99006,100,99656,100,98856,100,99675,100,98495,100,99801,100,,
2019-06-28 10:07:10.000000000,99348,162,99333,162,99374,162,99300,162,99427,162,99234,162,99482,162,99218,162,99521,262,99055,162,99543,100,99039,100,99615,100,99006,100,99656,100,98856,100,99675,100,98495,100,99801,100,,
2019-06-28 10:07:13.604881386,99348,162,99333,162,99374,162,99300,162,99427,162,99234,162,99482,162,99218,162,99521,262,99055,162,99543,100,99022,100,99615,100,99006,100,99656,100,98856,100,99675,100,98495,100,99801,100,,
2019-06-28 10:07:17.533026160,99348,162,99333,62,99374,162,99300,162,99427,162,99234,162,99482,162,99218,162,99521,262,99055,162,99543,100,99022,100,99656,100,99006,100,99675,100,98856,100,99801,100,98495,100,99809,100,,
2019-06-28 10:07:20.000000000,99348,162,99300,162,99374,162,99234,162,99427,162,99218,162,99482,162,99055,162,99521,262,99022,162,99543,100,99006,100,99656,100,98856,100,99675,100,98495,100,99801,100,,,99809,100,,
2019-06-28 10:07:20.780829176,99348,162,99300,62,99374,162,99234,162,99427,162,99218,162,99482,162,99055,162,99521,262,99022,162,99543,100,99006,100,99656,100,98856,100,99675,100,98495,100,99801,100,,,99809,100,,
2019-06-28 10:07:24.737368439,99300,38,99234,162,99348,162,99218,162,99374,162,99055,162,99427,162,99022,162,99482,162,99006,100,99521,262,98856,100,99543,100,98495,100,99656,100,,,99675,100,,,99801,100,,
2019-06-28 10:07:27.666734740,99300,38,99234,162,99348,162,99218,162,99374,162,99118,100,99427,162,99055,162,99482,162,99022,162,99521,262,99006,100,99543,100,98856,100,99656,100,98495,100,99675,100,,,99801,100,,
2019-06-28 10:07:29.339603586,99348,162,99300,62,99374,162,99234,162,99427,162,99218,162,99482,162,99118,100,99521,262,99055,162,99543,100,99022,162,99656,100,99006,100,99675,100,98856,100,99801,100,98495,100,99809,100,,
2019-06-28 10:07:30.000000000,99348,408,99300,370,99374,100,99234,100,99427,100,99218,100,99482,100,99118,100,99521,200,99055,100,99543,100,99022,100,99656,100,99006,100,99675,100,98856,100,99801,100,98495,100,99809,100,,
2019-06-28 10:07:34.505604414,99348,308,99300,370,99374,100,99234,100,99427,100,99218,100,99482,100,99118,100,99521,200,99055,100,99543,100,99022,100,99656,100,99006,100,99675,100,98856,100,99801,100,98495,100,99809,100,,
2019-06-28 10:07:40.000000000,99374,254,99300,216,99427,254,99234,254,99482,100,99218,100,99521,200,99118,100,99543,100,99055,100,99656,100,99022,100,99675,100,99006,100,99801,100,98856,100,99809,100,98495,100,99827,100,,
2019-06-28 10:07:50.000000000,99374,177,99300,139,99427,177,99234,177,99482,177,99218,177,99521,277,99118,177,99543,100,99055,100,99656,100,99022,100,99675,100,99006,100,99801,100,98856,100,99809,100,98495,100,99827,100,,
2019-06-28 10:07:57.739885317,99374,177,99300,77,99427,177,99234,177,99482,177,99218,177,99521,277,99118,177,99543,100,99055,100,99656,100,99022,100,99675,100,99006,100,99801,100,98856,100,99809,100,98495,100,99827,100,,
2019-06-28 10:08:00.000000000,99374,205,99234,205,99427,202,99218,202,99482,202,99118,202,99521,200,99055,100,99543,100,99022,100,99656,100,99006,100,99675,100,98856,100,99801,100,98495,100,99809,100,,,99827,100,,
2019-06-28 10:08:01.935132437,99374,205,99237,100,99427,202,99234,205,99482,202,99218,202,99521,200,99118,202,99543,100,99055,100,99656,100,99022,100,99675,100,99006,100,99801,100,98856,100,99809,100,,,99827,100,,
2019-06-28 10:08:10.000000000,99374,162,99237,162,99427,162,99234,162,99482,162,99218,162,99521,262,99118,162,99543,162,99055,162,99656,100,99022,100,99675,100,99006,100,99801,100,98856,100,99809,100,,,99827,100,,
2019-06-28 10:08:20.000000000,99374,254,99237,254,99427,254,99234,254,99482,100,99218,100,99521,200,99118,100,99543,100,99055,100,99656,100,99022,100,99675,100,99006,100,99801,100,98856,100,99809,100,,,99827,100,,
2019-06-28 10:08:24.686852621,99347,100,99237,254,99374,254,99234,254,99427,254,99218,100,99482,100,99118,100,99521,200,99055,100,99543,100,99022,100,99656,100,99006,100,99675,100,98856,100,99801,100,,,99809,100,,
2019-06-28 10:08:26.960861982,99347,100,99237,254,99374,254,99234,254,99427,254,99218,100,99482,100,99171,100,99521,200,99055,100,99543,100,99022,100,99656,100,99006,100,99675,100,98856,100,99801,100,,,99809,100,,
2019-06-28 10:08:30.000000000,99347,254,99237,254,99374,254,99234,254,99427,100,99218,100,99482,100,99171,100,99521,200,99055,100,99543,100,99022,100,99656,100,99006,100,99675,100,98856,100,99801,100,,,99809,100,,
2019-06-28 10:08:32.145998513,99347,254,99301,100,99374,254,99237,254,99427,100,99234,254,99482,100,99218,100,99521,200,99171,100,99543,100,99055,100,99656,100,99022,100,99675,100,99006,100,99801,100,98856,100,99809,100,,
2019-06-28 10:08:40.000000000,99347,177,99301,177,99374,177,99237,177,99427,177,99234,177,99482,177,99218,177,99521,200,99171,100,99543,100,99055,100,99656,100,99022,100,99675,100,99006,100,99801,100,98856,100,99809,100,,
2019-06-28 10:08:47.739136814,99347,77,99301,177,99374,177,99237,177,99427,177,99234,177,99482,177,99218,177,99521,200,99171,100,99543,100,99055,100,99656,100,99022,100,99675,100,99006,100,99801,100,98856,100,99809,100,,
2019-06-28 10:08:50.000000000,99374,254,99301,254,99427,254,99237,254,99482,100,99234,100,99521,200,99218,100,99543,100,99171,100,99656,100,99055,100,99675,100,99022,100,99801,100,99006,100,99809,100,98856,100,99827,100,,
2019-06-28 10:09:00.000000000,99374,254,99301,254,99427,254,99237,254,99482,100,99234,100,99521,200,99218,100,99543,100,99171,100,99656,100,99055,100,99675,100,99022,100,99801,100,99006,100,99809,100,98856,100,99827,100,,
2019-06-28 10:09:08.449141725,99374,254,99301,254,99427,254,99237,254,99464,100,99234,100,99482,100,99218,100,99521,200,99171,100,99543,100,99055,100,99656,100,99022,100,99675,100,99006,100,99809,100,98856,100,99827,100,,
2019-06-28 10:09:10.000000000,99374,408,99301,408,99427,100,99237,100,99464,100,99234,100,99482,100,99218,100,99521,200,99171,100,99543,100,99055,100,99656,100,99022,100,99675,100,99006,100,99809,100,98856,100,99827,100,,
2019-06-28 10:09:20.000000000,99374,177,99301,177,99427,177,99237,177,99464,177,99234,177,99482,177,99218,177,99521,200,99171,100,99543,100,99055,100,99656,100,99022,100,99675,100,99006,100,99809,100,98856,100,99827,100,,
2019-06-28 10:09:30.000000000,99374,408,99301,408,99427,100,99237,100,99464,100,99234,100,99482,100,99218,100,99521,200,99171,100,99543,100,99055,100,99656,100,99022,100,99675,100,99006,100,99809,100,98856,100,99827,100,,
2019-06-28 10:09:40.000000000,99374,254,99301,254,99427,254,99237,254,99464,100,99234,100,99482,100,99218,100,99521,200,99171,100,99543,100,99055,100,99656,100,99022,100,99675,100,99006,100,99809,100,98856,100,99827,100,,
2019-06-28 10:09:50.000000000,99374,254,99301,254,99427,254,99237,254,99464,100,99234,100,99482,100,99218,100,99521,200,99171,100,99543,100,99055,100,99656,100,99022,100,99675,100,99006,100,99809,100,98856,100,99827,100,,
2019-06-28 10:10:00.000000000,99374,177,99301,177,99427,177,99237,177,99464,177,99234,177,99482,177,99218,177,99521,200,99171,100,99543,100,99055,100,99656,100,99022,100,99675,100,99006,100,99809,100,98856,100,99827,100,,
2019-06-28 10:10:00.860927255,99374,177,99301,177,99427,177,99262,100,99464,177,99237,177,99482,177,99234,177,99521,200,99218,177,99543,100,99171,100,99656,100,99055,100,99675,100,99022,100,99809,100,99006,100,99827,100,98856,100
2019-06-28 10:10:10.000000000,99374,177,99301,177,99427,177,99262,177,99464,177,99237,177,99482,177,99234,177,99521,200,99218,100,99543,100,99171,100,99656,100,99055,100,99675,100,99022,100,99809,100,99006,100,99827,100,98856,100
2019-06-28 10:10:20.000000000,99374,162,99301,162,99427,162,99262,162,99464,162,99237,162,99482,162,99234,162,99521,262,99218,162,99543,100,99171,100,99656,100,99055,100,99675,100,99022,100,99809,100,99006,100,99827,100,98856,100
2019-06-28 10:10:30.000000000,99374,177,99301,177,99427,177,99262,177,99464,177,99237,177,99482,177,99234,177,99521,200,99218,100,99543,100,99171,100,99656,100,99055,100,99675,100,99022,100,99809,100,99006,100,99827,100,98856,100
2019-06-28 10:10:40.000000000,99374,177,99301,177,99427,177,99262,177,99464,177,99237,177,99482,177,99234,177,99521,200,99218,100,99543,100,99171,100,99656,100,99055,100,99675,100,99022,100,99809,100,99006,100,99827,100,98856,100
2019-06-28 10:10:50.000000000,99374,177,99301,177,99427,177,99262,177,99464,177,99237,177,99482,177,99234,177,99521,200,99218,100,99543,100,99171,100,99656,100,99055,100,99675,100,99022,100,99809,100,99006,100,99827,100,98856,100
2019-06-28 10:10:52.038231521,99374,177,99301,177,99427,177,99262,177,99464,177,99237,177,99482,177,99234,177,99521,200,99218,100,99543,100,99171,100,99656,100,99055,100,99677,100,99022,100,99809,100,99006,100,99827,100,98856,100
2019-06-28 10:11:00.000000000,99374,177,99301,177,99427,177,99262,177,99464,177,99237,177,99482,177,99234,177,99521,200,99218,100,99543,100,99171,100,99656,100,99055,100,99677,100,99022,100,99809,100,99006,100,99827,100,98856,100
2019-06-28 10:11:01.659593845,99374,177,99347,100,99427,177,99301,177,99464,177,99262,177,99482,177,99237,177,99521,200,99234,177,99543,100,99218,100,99656,100,99171,100,99677,100,99055,100,99809,100,99022,100,99827,100,99006,100
2019-06-28 10:11:10.000000000,99374,254,99347,254,99427,254,99301,254,99464,100,99262,100,99482,100,99237,100,99521,200,99234,100,99543,100,99218,100,99656,100,99171,100,99677,100,99055,100,99809,100,99022,100,99827,100,99006,100
2019-06-28 10:11:20.000000000,99374,162,99347,162,99427,162,99301,162,99464,162,99262,162,99482,162,99237,162,99521,262,99234,162,99543,100,99218,100,99656,100,99171,100,99677,100,99055,100,99809,100,99022,100,99827,100,99006,100
2019-06-28 10:11:30.000000000,99374,205,99347,205,99427,202,99301,202,99464,202,99262,202,99482,100,99237,100,99521,200,99234,100,99543,100,99218,100,99656,100,99171,100,99677,100,99055,100,99809,100,99022,100,99827,100,99006,100
2019-06-28 10:11:33.158499192,99374,205,99347,205,99427,202,99301,202,99464,202,99262,202,99482,100,99237,100,99521,200,99234,100,99543,100,99218,100,99656,100,99171,100,99675,100,99055,100,99677,100,99022,100,99809,100,99006,100
2019-06-28 10:11:37.607926788,99374,205,99347,205,99427,202,99301,202,99464,202,99262,202,99482,100,99237,100,99521,200,99234,100,99543,100,99218,100,99604,100,99171,100,99656,100,99055,100,99675,100,99022,100,99677,100,99006,100
2019-06-28 10:11:40.000000000,99374,177,99347,177,99427,177,99301,177,99464,177,99262,177,99482,177,99237,177,99521,200,99234,100,99543,100,99218,100,99604,100,99171,100,99656,100,99055,100,99675,100,99022,100,99677,100,99006,100
2019-06-28 10:11:46.485137708,99374,177,99347,277,99427,177,99301,177,99464,177,99262,177,99482,177,99237,177,99521,200,99234,100,99543,100,99218,100,99604,100,99171,100,99656,100,99055,100,99675,100,99022,100,99677,100,99006,100
2019-06-28 10:11:50.000000000,99374,162,99347,262,99427,162,99301,162,99464,162,99262,162,99482,162,99237,162,99521,262,99234,162,99543,100,99218,100,99604,100,99171,100,99656,100,99055,100,99675,100,99022,100,99677,100,99006,100
2019-06-28 10:12:00.000000000,99374,162,99347,262,99427,162,99301,162,99464,162,99262,162,99482,162,99237,162,99521,262,99234,162,99543,100,99218,100,99604,100,99171,100,99656,100,99055,100,99675,100,99022,100,99677,100,99006,100
2019-06-28 10:12:10.000000000,99374,205,99347,305,99427,202,99301,202,99464,202,99262,202,99482,100,99237,100,99521,200,99234,100,99543,100,99218,100,99604,100,99171,100,99656,100,99055,100,99675,100,99022,100,99677,100,99006,100
2019-06-28 10:12:20.000000000,99374,162,99347,262,99427,162,99301,162,99464,162,99262,162,99482,162,99237,162,99521,262,99234,162,99543,100,99218,100,99604,100,99171,100,99656,100,99055,100,99675,100,99022,100,99677,100,99006,100
2019-06-28 10:12:30.000000000,99374,254,99347,354,99427,254,99301,254,99464,100,99262,100,99482,100,99237,100,99521,200,99234,100,99543,100,99218,100,99604,100,99171,100,99656,100,99055,100,99675,100,99022,100,99677,100,99006,100
2019-06-28 10:12:39.914738138,99374,254,99347,354,99427,254,99301,254,99464,100,99262,100,99482,100,99237,100,99511,100,99234,100,99521,200,99218,100,99543,100,99171,100,99604,100,99055,100,99656,100,99022,100,99675,100,99006,100
2019-06-28 10:12:40.000000000,99374,205,99347,305,99427,202,99301,202,99464,202,99262,202,99482,100,99237,100,99511,100,99234,100,99521,200,99218,100,99543,100,99171,100,99604,100,99055,100,99656,100,99022,100,99675,100,99006,100
2019-06-28 10:12:50.000000000,99374,254,99347,354,99427,254,99301,254,99464,100,99262,100,99482,100,99237,100,99511,100,99234,100,99521,200,99218,100,99543,100,99171,100,99604,100,99055,100,99656,100,99022,100,99675,100,99006,100
2019-06-28 10:13:00.000000000,99374,177,99347,277,99427,177,99301,177,99464,177,99262,177,99482,177,99237,177,99511,100,99234,100,99521,200,99218,100,99543,100,99171,100,99604,100,99055,100,99656,100,99022,100,99675,100,99006,100
2019-06-28 10:13:10.000000000,99374,254,99347,354,99427,254,99301,254,99464,100,99262,100,99482,100,99237,100,99511,100,99234,100,99521,200,99218,100,99543,100,99171,100,99604,100,99055,100,99656,100,99022,100,99675,100,99006,100
2019-06-28 10:13:18.046481263,99374,254,99347,354,99427,254,99301,254,99464,100,99262,100,99482,100,99237,100,99511,100,99234,100,99521,200,99218,100,99543,100,99171,100,99604,100,99055,100,99654,100,99022,100,99656,100,99006,100
