,ask_price_1,ask_size_1,bid_price_1,bid_size_1,ask_price_2,ask_size_2,bid_price_2,bid_size_2,ask_price_3,ask_size_3,bid_price_3,bid_size_3,ask_price_4,ask_size_4,bid_price_4,bid_size_4,ask_price_5,ask_size_5,bid_price_5,bid_size_5,ask_price_6,ask_size_6,bid_price_6,bid_size_6,ask_price_7,ask_size_7,bid_price_7,bid_size_7,ask_price_8,ask_size_8,bid_price_8,bid_size_8,ask_price_9,ask_size_9,bid_price_9,bid_size_9,ask_price_10,ask_size_10,bid_price_10,bid_size_10
2019-06-28 09:30:00.000000000,100049,100,,,,,,,,,,,,,,,,,,,,,,,,,,,,,,,,,,,,,,
2019-06-28 09:30:00.000000001,100049,100,99814,100,100143,100,,,,,,,,,,,,,,,,,,,,,,,,,,,,,,,,,,
2019-06-28 09:30:00.000000003,99986,100,99814,100,100049,100,,,100143,100,,,,,,,,,,,,,,,,,,,,,,,,,,,,,,
2019-06-28 09:30:00.000000005,99986,100,99835,100,100049,100,99814,100,100143,100,,,,,,,,,,,,,,,,,,,,,,,,,,,,,,
2019-06-28 09:30:00.000000008,99986,100,99852,100,100049,100,99835,100,100143,100,99814,100,,,,,,,,,,,,,,,,,,,,,,,,,,,,
2019-06-28 09:30:00.000000009,99986,100,99852,100,100049,100,99835,100,100143,100,99814,100,,,99742,100,,,,,,,,,,,,,,,,,,,,,,,,
2019-06-28 09:30:00.000000010,99986,100,99852,100,99995,100,99835,100,100042,100,99814,100,100049,100,99742,100,100143,100,,,,,,,,,,,,,,,,,,,,,,
2019-06-28 09:30:00.000000013,99986,100,99852,100,99995,100,99835,100,100042,100,99814,100,100049,100,99779,100,100118,100,99742,100,100143,100,,,,,,,,,,,,,,,,,,
2019-06-28 09:30:00.000000014,99995,100,99852,100,100042,100,99835,100,100049,100,99814,100,100118,100,99779,100,100143,100,99742,100,,,,,,,,,,,,,,,,,,,,
2019-06-28 09:30:00.000000015,100042,100,99852,100,100049,100,99835,100,100118,100,99814,100,100143,100,99779,100,,,99742,100,,,,,,,,,,,,,,,,,,,,
2019-06-28 09:30:00.000000018,100042,100,99986,100,100049,100,99852,100,100118,100,99835,100,100143,100,99814,100,,,99779,100,,,99742,100,,,,,,,,,,,,,,,,
2019-06-28 09:30:00.000000019,100042,100,99986,100,100049,100,99852,100,100077,100,99835,100,100118,100,99814,100,100143,100,99779,100,,,99742,100,,,,,,,,,,,,,,,,
2019-06-28 09:30:00.000000021,100042,100,99986,100,100049,100,99897,100,100077,100,99852,100,100118,100,99835,100,100143,100,99814,100,,,99779,100,,,99742,100,,,,,,,,,,,,
2019-06-28 09:30:00.000000026,100042,100,99986,100,100049,100,99964,100,100077,100,99956,100,100118,100,99897,100,100143,100,99852,100,,,99835,100,,,99814,100,,,99779,100,,,99742,100,,,,
2019-06-28 09:30:00.000000027,100042,100,99986,100,100049,100,99980,100,100077,100,99964,100,100097,100,99956,100,100118,100,99897,100,100143,100,99868,100,,,99852,100,,,99835,100,,,99814,100,,,99779,100
2019-06-28 09:30:00.000000030,100042,100,99986,100,100049,100,99980,100,100077,100,99964,100,100097,100,99956,100,100118,100,99936,100,100143,100,99897,100,,,99873,100,,,99868,100,,,99852,100,,,99835,100
2019-06-28 09:30:00.000000039,100034,100,99986,100,100042,100,99980,100,100049,100,99964,100,100077,100,99956,100,100097,100,99936,100,100118,100,99897,100,100143,100,99873,100,,,99868,100,,,99852,100,,,99835,100
2019-06-28 09:30:00.000000040,100034,100,99986,100,100042,100,99980,100,100049,100,99964,100,100077,100,99956,100,100097,100,99936,100,100118,100,99932,100,100143,100,99897,100,,,99873,100,,,99868,100,,,99852,100
2019-06-28 09:30:00.000000046,100034,100,99986,100,100042,100,99980,100,100049,100,99964,100,100077,100,99956,100,100097,100,99936,100,100116,100,99932,100,100118,100,99897,100,100143,100,99873,100,,,99868,100,,,99852,100
2019-06-28 09:30:00.000000049,100034,100,100031,100,100042,100,99986,100,100049,100,99980,100,100077,100,99964,100,100097,100,99956,100,100116,100,99936,100,100118,100,99932,100,100143,100,99897,100,,,99873,100,,,99868,100
2019-06-28 09:30:00.000000050,100034,100,100031,100,100042,100,99986,200,100049,100,99980,100,100077,100,99964,100,100097,100,99956,100,100116,100,99936,100,100118,100,99932,100,100143,100,99897,100,,,99873,100,,,99868,100
2019-06-28 09:30:00.000000051,100034,100,100031,100,100042,100,99986,200,100049,100,99980,100,100077,100,99964,100,100097,100,99956,100,100116,100,99936,100,100118,100,99932,100,100133,100,99897,100,100143,100,99873,100,,,99868,100
2019-06-28 09:30:00.000000053,100034,100,100031,100,100042,100,99986,200,100049,100,99980,100,100057,100,99964,100,100077,100,99956,100,100097,100,99936,100,100116,100,99932,100,100118,100,99897,100,100133,100,99873,100,100143,100,99868,100
2019-06-28 09:30:00.000000057,100034,100,100031,100,100042,100,99986,200,100049,100,99980,100,100057,100,99964,100,100077,100,99956,100,100097,100,99936,100,100116,100,99932,100,100118,100,99915,100,100133,100,99897,100,100143,100,99873,100
2019-06-28 09:30:00.000000058,100034,100,100031,100,100042,100,99986,200,100049,100,99980,100,100057,100,99964,100,100077,100,99956,100,100097,100,99952,100,100116,100,99936,100,100118,100,99932,100,100133,100,99915,100,100143,100,99897,100
2019-06-28 09:30:00.000000062,100034,100,99995,100,100042,100,99986,200,100049,100,99980,100,100057,100,99964,100,100077,100,99956,100,100097,100,99952,100,100116,100,99936,100,100118,100,99932,100,100133,100,99915,100,100143,100,99897,100
2019-06-28 09:30:00.000000065,100031,100,99995,100,100034,100,99986,200,100042,100,99980,100,100049,100,99964,100,100057,100,99956,100,100077,100,99952,100,100097,100,99936,100,100116,100,99932,100,100118,100,99915,100,100133,100,99897,100
2019-06-28 09:30:00.000000067,100031,100,99995,100,100034,100,99986,200,100042,100,99980,100,100049,100,99964,100,100057,100,99956,100,100077,100,99952,100,100097,100,99936,100,100116,100,99932,100,100118,100,99915,100,100124,100,99897,100
2019-06-28 09:30:00.000000068,100031,100,99995,200,100034,100,99986,200,100042,100,99980,100,100049,100,99964,100,100057,100,99956,100,100077,100,99952,100,100097,100,99936,100,100116,100,99932,100,100118,100,99915,100,100124,100,99897,100
2019-06-28 09:30:00.000000069,100031,100,99995,200,100034,100,99986,200,100042,100,99980,100,100049,100,99964,100,100057,100,99956,100,100077,100,99952,100,100088,100,99936,100,100097,100,99932,100,100116,100,99915,100,100118,100,99897,100
2019-06-28 09:30:00.000000070,100031,200,99995,200,100034,100,99986,200,100042,100,99980,100,100049,100,99964,100,100057,100,99956,100,100077,100,99952,100,100088,100,99936,100,100097,100,99932,100,100116,100,99915,100,100118,100,99897,100
2019-06-28 09:30:00.000000071,100031,200,99995,200,100034,100,99986,200,100042,100,99980,100,100049,100,99964,100,100057,100,99956,100,100077,100,99952,100,100088,100,99947,100,100097,100,99936,100,100116,100,99932,100,100118,100,99915,100
2019-06-28 09:30:00.000000073,100031,200,99995,200,100034,100,99986,200,100042,100,99980,100,100049,100,99964,100,100057,100,99956,100,100077,100,99952,100,100088,100,99947,100,100097,100,99936,100,100116,100,99932,100,100118,100,99915,100
2019-06-28 09:30:00.000000076,100031,300,99995,200,100034,100,99986,200,100042,100,99980,100,100049,100,99964,100,100057,100,99956,100,100077,100,99952,100,100088,100,99947,100,100097,100,99936,100,100116,100,99932,100,100118,100,99915,100
2019-06-28 09:30:00.000000078,100031,300,99995,200,100034,100,99986,200,100042,100,99980,100,100049,100,99964,100,100057,100,99956,100,100077,100,99952,100,100088,100,99947,100,100097,100,99936,100,100116,100,99932,100,100118,100,99915,100
2019-06-28 09:30:00.000000081,100031,300,99995,200,100034,100,99986,200,100042,100,99980,100,100049,100,99964,100,100057,100,99956,100,100077,100,99952,100,100088,100,99947,100,100097,100,99936,100,100116,100,99932,100,100118,100,99915,100
2019-06-28 09:30:00.000000082,100031,400,99995,200,100034,100,99986,200,100042,100,99980,100,100049,100,99964,100,100057,100,99956,100,100077,100,99952,100,100088,100,99947,100,100097,100,99936,100,100116,100,99932,100,100118,100,99915,100
2019-06-28 09:30:00.000000083,100031,400,99995,200,100034,100,99986,200,100042,100,99980,100,100049,100,99964,100,100057,100,99956,100,100077,100,99952,100,100088,100,99947,100,100097,100,99938,100,100116,100,99936,100,100118,100,99932,100
2019-06-28 09:30:00.000000084,100031,400,99995,200,100034,100,99986,200,100042,100,99980,100,100049,100,99964,100,100057,100,99956,100,100077,100,99952,100,100088,100,99947,100,100097,100,99938,100,100107,100,99936,100,100116,100,99932,100
2019-06-28 09:30:00.000000086,100031,400,99995,100,100034,100,99986,200,100042,100,99980,100,100049,100,99964,100,100057,100,99956,100,100077,100,99952,100,100088,100,99947,100,100097,100,99938,100,100107,100,99936,100,100116,100,99932,100
2019-06-28 09:30:00.000000087,100031,400,99995,100,100034,100,99986,200,100042,100,99980,100,100049,100,99964,100,100057,100,99956,100,100077,100,99952,100,100088,100,99947,100,100089,100,99938,100,100097,100,99936,100,100107,100,99932,100
2019-06-28 09:30:00.000000088,100031,400,99995,100,100034,100,99986,200,100042,100,99980,100,100049,100,99964,100,100055,100,99956,100,100057,100,99952,100,100077,100,99947,100,100088,100,99938,100,100089,100,99936,100,100097,100,99932,100
2019-06-28 09:30:00.000000090,100030,100,99995,100,100031,400,99986,200,100034,100,99980,100,100042,100,99964,100,100049,100,99956,100,100055,100,99952,100,100057,100,99947,100,100077,100,99938,100,100088,100,99936,100,100089,100,99932,100
2019-06-28 09:30:00.000000091,100030,100,99995,100,100031,400,99986,200,100034,100,99980,100,100042,100,99964,100,100049,100,99956,100,100055,100,99952,100,100057,100,99951,100,100077,100,99947,100,100088,100,99938,100,100089,100,99936,100
2019-06-28 09:30:00.000000093,100027,100,99995,100,100030,100,99986,200,100031,400,99980,100,100034,100,99964,100,100042,100,99956,100,100049,100,99952,100,100055,100,99951,100,100057,100,99947,100,100077,100,99938,100,100088,100,99936,100
2019-06-28 09:30:00.000000095,100030,100,100016,100,100031,400,99995,100,100034,100,99986,200,100042,100,99980,100,100049,100,99964,100,100055,100,99956,100,100057,100,99952,100,100077,100,99951,100,100088,100,99947,100,100089,100,99938,100
2019-06-28 09:30:00.000000097,100030,100,100016,100,100031,400,99995,100,100034,100,99986,200,100042,100,99980,100,100049,100,99964,100,100055,100,99956,100,100057,100,99952,100,100075,100,99951,100,100077,100,99947,100,100088,100,99938,100
2019-06-28 09:30:00.000000098,100030,100,100016,100,100031,400,99995,100,100034,100,99986,200,100042,100,99980,100,100049,100,99964,100,100055,100,99956,100,100057,100,99952,100,100075,100,99951,100,100077,100,99947,100,100088,100,99946,100
2019-06-28 09:30:00.000000099,100030,100,100016,100,100031,400,99995,100,100034,100,99986,200,100042,100,99980,100,100049,100,99964,100,100055,100,99956,100,100057,100,99952,100,100075,100,99951,100,100077,100,99947,100,100088,100,99946,100
2019-06-28 09:30:10.000000000,100030,196,100016,196,100031,493,99995,193,100034,193,99986,293,100042,100,99980,100,100049,100,99964,100,100055,100,99956,100,100057,100,99952,100,100075,100,99951,100,100077,100,99947,100,100088,100,99946,100
2019-06-28 09:30:20.000000000,100030,170,100016,170,100031,470,99995,170,100034,170,99986,270,100042,170,99980,170,100049,100,99964,100,100055,100,99956,100,100057,100,99952,100,100075,100,99951,100,100077,100,99947,100,100088,100,99946,100
2019-06-28 09:30:20.183578643,100030,170,100016,170,100031,470,99995,170,100034,170,99986,170,100042,170,99980,170,100049,100,99964,100,100055,100,99956,100,100057,100,99952,100,100075,100,99951,100,100077,100,99947,100,100088,100,99946,100
2019-06-28 09:30:20.627407468,100030,70,100016,170,100031,470,99995,170,100034,170,99986,170,100042,170,99980,170,100049,100,99964,100,100055,100,99956,100,100057,100,99952,100,100075,100,99951,100,100077,100,99947,100,100088,100,99946,100
2019-06-28 09:30:23.776326600,100030,70,100016,170,100031,470,99995,170,100034,170,99986,170,100042,170,99980,170,100049,100,99956,100,100055,100,99952,100,100057,100,99951,100,100075,100,99947,100,100077,100,99946,100,100088,100,99938,100
2019-06-28 09:30:30.000000000,100031,496,100016,196,100034,193,99995,193,100042,193,99986,193,100049,100,99980,100,100055,100,99956,100,100057,100,99952,100,100075,100,99951,100,100077,100,99947,100,100088,100,99946,100,100089,100,99938,100
2019-06-28 09:30:32.760286345,100031,496,100027,100,100034,193,100016,196,100042,193,99995,93,100049,100,99986,193,100055,100,99980,100,100057,100,99956,100,100075,100,99952,100,100077,100,99951,100,100088,100,99947,100,100089,100,99946,100
2019-06-28 09:30:34.948839463,100031,496,100027,100,100034,193,100016,196,100042,193,99995,93,100049,100,99986,193,100055,100,99980,100,100057,100,99956,100,100075,100,99952,100,100077,100,99951,100,100088,100,99947,100,100089,100,99946,100
2019-06-28 09:30:40.000000000,100031,541,100027,241,100034,241,100016,241,100042,100,99986,100,100049,100,99980,100,100055,100,99956,100,100057,100,99952,100,100075,100,99951,100,100077,100,99947,100,100088,100,99946,100,100089,100,99938,100
2019-06-28 09:30:42.253755539,100031,541,100027,241,100034,241,100016,241,100042,100,99986,100,100049,100,99980,100,100055,100,99961,100,100057,100,99956,100,100075,100,99952,100,100077,100,99951,100,100088,100,99947,100,100089,100,99946,100
2019-06-28 09:30:44.673241765,100031,541,100027,241,100034,241,100016,241,100042,100,99986,100,100049,100,99980,100,100055,100,99961,100,100057,100,99956,100,100075,100,99952,100,100077,100,99951,100,100088,100,99947,100,100089,100,99946,100
2019-06-28 09:30:50.000000000,100031,496,100027,196,100034,193,100016,193,100042,193,99986,193,100049,100,99980,100,100055,100,99961,100,100057,100,99956,100,100075,100,99952,100,100077,100,99951,100,100088,100,99947,100,100089,100,99946,100
2019-06-28 09:31:00.000000000,100031,496,100027,196,100034,193,100016,193,100042,193,99986,193,100049,100,99980,100,100055,100,99961,100,100057,100,99956,100,100075,100,99952,100,100077,100,99951,100,100088,100,99947,100,100089,100,99946,100
2019-06-28 09:31:10.000000000,100031,541,100027,241,100034,241,100016,241,100042,100,99986,100,100049,100,99980,100,100055,100,99961,100,100057,100,99956,100,100075,100,99952,100,100077,100,99951,100,100088,100,99947,100,100089,100,99946,100
2019-06-28 09:31:17.756419272,100031,541,100027,241,100034,241,100016,241,100042,100,99986,100,100049,100,99980,100,100055,100,99961,100,100057,100,99956,100,100075,100,99952,100,100077,100,99951,100,100088,100,99947,100,100089,100,99946,100
2019-06-28 09:31:20.000000000,100031,470,100027,170,100034,170,100016,170,100042,170,99986,170,100049,170,99980,170,100055,100,99961,100,100057,100,99956,100,100075,100,99952,100,100077,100,99951,100,100088,100,99947,100,100089,100,99946,100
2019-06-28 09:31:30.000000000,100031,470,100027,170,100034,170,100016,170,100042,170,99986,170,100049,170,99980,170,100055,100,99961,100,100057,100,99956,100,100075,100,99952,100,100077,100,99951,100,100088,100,99947,100,100089,100,99946,100
2019-06-28 09:31:35.048253333,100031,370,100027,170,100034,170,100016,170,100042,170,99986,170,100049,170,99980,170,100055,100,99961,100,100057,100,99956,100,100075,100,99952,100,100077,100,99951,100,100088,100,99947,100,100089,100,99946,100
2019-06-28 09:31:36.355969903,100031,370,100030,100,100034,170,100027,170,100042,170,100016,170,100049,170,99986,170,100055,100,99980,170,100057,100,99961,100,100075,100,99956,100,100077,100,99952,100,100088,100,99951,100,100089,100,99947,100
2019-06-28 09:31:40.000000000,100031,582,100030,382,100034,100,100027,100,100042,100,100016,100,100049,100,99986,100,100055,100,99980,100,100057,100,99961,100,100075,100,99956,100,100077,100,99952,100,100088,100,99951,100,100089,100,99947,100
2019-06-28 09:31:50.000000000,100031,441,100030,241,100034,241,100027,241,100042,100,100016,100,100049,100,99986,100,100055,100,99980,100,100057,100,99961,100,100075,100,99956,100,100077,100,99952,100,100088,100,99951,100,100089,100,99947,100
2019-06-28 09:32:00.000000000,100031,582,100030,382,100034,100,100027,100,100042,100,100016,100,100049,100,99986,100,100055,100,99980,100,100057,100,99961,100,100075,100,99956,100,100077,100,99952,100,100088,100,99951,100,100089,100,99947,100
2019-06-28 09:32:10.000000000,100031,396,100030,196,100034,193,100027,193,100042,193,100016,193,100049,100,99986,100,100055,100,99980,100,100057,100,99961,100,100075,100,99956,100,100077,100,99952,100,100088,100,99951,100,100089,100,99947,100
2019-06-28 09:32:13.055699429,100031,396,100030,196,100034,193,100027,193,100042,193,100016,193,100049,100,99986,100,100055,100,99980,100,100057,100,99961,100,100075,100,99956,100,100077,100,99952,100,100088,100,99951,100,100089,100,99947,100
2019-06-28 09:32:20.000000000,100031,356,100030,156,100034,156,100027,156,100042,156,100016,156,100049,156,99986,156,100055,156,99980,156,100057,100,99961,100,100075,100,99956,100,100077,100,99952,100,100088,100,99951,100,100089,100,99947,100
2019-06-28 09:32:27.670629034,100031,256,100030,156,100034,156,100027,156,100042,156,100016,156,100049,156,99986,156,100055,156,99980,156,100057,100,99961,100,100075,100,99956,100,100077,100,99952,100,100088,100,99951,100,100089,100,99947,100
2019-06-28 09:32:30.000000000,100031,482,100030,382,100034,100,100027,100,100042,100,100016,100,100049,100,99986,100,100055,100,99980,100,100057,100,99961,100,100075,100,99956,100,100077,100,99952,100,100088,100,99951,100,100089,100,99947,100
2019-06-28 09:32:40.000000000,100031,270,100030,170,100034,170,100027,170,100042,170,100016,170,100049,170,99986,170,100055,100,99980,100,100057,100,99961,100,100075,100,99956,100,100077,100,99952,100,100088,100,99951,100,100089,100,99947,100
2019-06-28 09:32:42.311436625,100031,170,100030,170,100034,170,100027,170,100042,170,100016,170,100049,170,99986,170,100055,100,99980,100,100057,100,99961,100,100075,100,99956,100,100077,100,99951,100,100088,100,99947,100,100089,100,99946,100
2019-06-28 09:32:50.000000000,100031,241,100030,241,100034,241,100027,241,100042,100,100016,100,100049,100,99986,100,100055,100,99980,100,100057,100,99961,100,100075,100,99956,100,100077,100,99951,100,100088,100,99947,100,100089,100,99946,100
2019-06-28 09:33:00.000000000,100031,170,100030,170,100034,170,100027,170,100042,170,100016,170,100049,170,99986,170,100055,100,99980,100,100057,100,99961,100,100075,100,99956,100,100077,100,99951,100,100088,100,99947,100,100089,100,99946,100
2019-06-28 09:33:10.000000000,100031,170,100030,170,100034,170,100027,170,100042,170,100016,170,100049,170,99986,170,100055,100,99980,100,100057,100,99961,100,100075,100,99956,100,100077,100,99951,100,100088,100,99947,100,100089,100,99946,100
2019-06-28 09:33:13.262902509,100031,170,100030,170,100034,170,100027,170,100042,170,100016,170,100048,100,99986,170,100049,170,99980,100,100055,100,99961,100,100057,100,99956,100,100075,100,99951,100,100077,100,99947,100,100088,100,99946,100
2019-06-28 09:33:19.466079081,100031,170,100030,70,100034,170,100027,170,100042,170,100016,170,100048,100,99986,170,100049,170,99980,100,100055,100,99961,100,100057,100,99956,100,100075,100,99951,100,100077,100,99947,100,100088,100,99946,100
2019-06-28 09:33:20.000000000,100031,156,100027,156,100034,156,100016,156,100042,156,99986,156,100048,156,99980,156,100049,156,99961,156,100055,100,99956,100,100057,100,99951,100,100075,100,99947,100,100077,100,99946,100,100088,100,99938,100
2019-06-28 09:33:30.000000000,100031,241,100027,241,100034,241,100016,241,100042,100,99986,100,100048,100,99980,100,100049,100,99961,100,100055,100,99956,100,100057,100,99951,100,100075,100,99947,100,100077,100,99946,100,100088,100,99938,100
2019-06-28 09:33:40.000000000,100031,196,100027,196,100034,193,100016,193,100042,193,99986,193,100048,100,99980,100,100049,100,99961,100,100055,100,99956,100,100057,100,99951,100,100075,100,99947,100,100077,100,99946,100,100088,100,99938,100
2019-06-28 09:33:50.000000000,100031,241,100027,241,100034,241,100016,241,100042,100,99986,100,100048,100,99980,100,100049,100,99961,100,100055,100,99956,100,100057,100,99951,100,100075,100,99947,100,100077,100,99946,100,100088,100,99938,100
2019-06-28 09:34:00.000000000,100031,170,100027,170,100034,170,100016,170,100042,170,99986,170,100048,170,99980,170,100049,100,99961,100,100055,100,99956,100,100057,100,99951,100,100075,100,99947,100,100077,100,99946,100,100088,100,99938,100
2019-06-28 09:34:02.625202041,100031,170,100027,70,100034,170,100016,170,100042,170,99986,170,100048,170,99980,170,100049,100,99961,100,100055,100,99956,100,100057,100,99951,100,100075,100,99947,100,100077,100,99946,100,100088,100,99938,100
2019-06-28 09:34:10.000000000,100031,156,100016,156,100034,156,99986,156,100042,156,99980,156,100048,156,99961,156,100049,156,99956,156,100055,100,99951,100,100057,100,99947,100,100075,100,99946,100,100077,100,99938,100,100088,100,99936,100
2019-06-28 09:34:20.000000000,100031,170,100016,170,100034,170,99986,170,100042,170,99980,170,100048,170,99961,170,100049,100,99956,100,100055,100,99951,100,100057,100,99947,100,100075,100,99946,100,100077,100,99938,100,100088,100,99936,100
2019-06-28 09:34:30.000000000,100031,196,100016,196,100034,193,99986,193,100042,193,99980,193,100048,100,99961,100,100049,100,99956,100,100055,100,99951,100,100057,100,99947,100,100075,100,99946,100,100077,100,99938,100,100088,100,99936,100
2019-06-28 09:34:38.437013779,100031,196,100016,96,100034,193,99986,193,100042,193,99980,193,100048,100,99961,100,100049,100,99956,100,100055,100,99951,100,100057,100,99947,100,100075,100,99938,100,100077,100,99936,100,100088,100,99925,100
2019-06-28 09:34:40.000000000,100031,382,99986,382,100034,100,99980,100,100042,100,99961,100,100048,100,99956,100,100049,100,99951,100,100055,100,99947,100,100057,100,99938,100,100075,100,99936,100,100077,100,99925,100,100088,100,99897,100
2019-06-28 09:34:50.000000000,100031,170,99986,170,100034,170,99980,170,100042,170,99961,170,100048,170,99956,170,100049,100,99951,100,100055,100,99947,100,100057,100,99938,100,100075,100,99936,100,100077,100,99925,100,100088,100,99897,100
2019-06-28 09:34:56.124970598,100031,170,99986,170,100034,170,99980,170,100042,170,99961,170,100048,170,99956,170,100049,100,99951,100,100055,100,99947,100,100057,100,99938,100,100075,100,99936,100,100077,100,99925,100,100088,100,99897,100
2019-06-28 09:35:00.000000000,100031,196,99986,196,100034,193,99980,193,100042,193,99961,193,100048,100,99956,100,100049,100,99951,100,100055,100,99947,100,100057,100,99938,100,100075,100,99936,100,100077,100,99925,100,100088,100,99897,100
2019-06-28 09:35:08.684054440,100027,100,99986,196,100031,196,99980,193,100034,193,99961,193,100042,193,99956,100,100048,100,99951,100,100049,100,99947,100,100055,100,99938,100,100057,100,99936,100,100075,100,99925,100,100077,100,99897,100
2019-06-28 09:35:10.000000000,100027,382,99986,382,100031,100,99980,100,100034,100,99961,100,100042,100,99956,100,100048,100,99951,100,100049,100,99947,100,100055,100,99938,100,100057,100,99936,100,100075,100,99925,100,100077,100,99897,100
2019-06-28 09:35:20.000000000,100027,156,99986,156,100031,156,99980,156,100034,156,99961,156,100042,156,99956,156,100048,156,99951,156,100049,100,99947,100,100055,100,99938,100,100057,100,99936,100,100075,100,99925,100,100077,100,99897,100
2019-06-28 09:35:24.876947838,100027,156,99986,56,100031,156,99980,156,100034,156,99961,156,100042,156,99956,156,100048,156,99951,156,100049,100,99947,100,100055,100,99938,100,100057,100,99936,100,100075,100,99925,100,100077,100,99873,100
2019-06-28 09:35:30.000000000,100027,382,99980,382,100031,100,99961,100,100034,100,99956,100,100042,100,99951,100,100048,100,99947,100,100049,100,99938,100,100055,100,99936,100,100057,100,99925,100,100075,100,99873,100,100077,100,99868,100
2019-06-28 09:35:38.703026544,100027,382,99980,282,100031,100,99961,100,100034,100,99956,100,100042,100,99951,100,100048,100,99947,100,100049,100,99936,100,100055,100,99925,100,100057,100,99873,100,100075,100,99868,100,100077,100,99852,100
2019-06-28 09:35:40.000000000,100027,170,99961,170,100031,170,99956,170,100034,170,99951,170,100042,170,99947,170,100048,100,99936,100,100049,100,99925,100,100055,100,99873,100,100057,100,99868,100,100075,100,99852,100,100077,100,99835,100
2019-06-28 09:35:48.797395565,100027,170,99961,70,100031,170,99956,170,100034,170,99951,170,100042,170,99947,170,100049,100,99936,100,100055,100,99925,100,100057,100,99873,100,100075,100,99868,100,100077,100,99852,100,100088,100,99835,100
2019-06-28 09:35:50.000000000,100027,382,99956,382,100031,100,99951,100,100034,100,99947,100,100042,100,99936,100,100049,100,99925,100,100055,100,99873,100,100057,100,99868,100,100075,100,99852,100,100077,100,99835,100,100088,100,99814,100
2019-06-28 09:35:52.726393579,99980,100,99956,382,100027,382,99951,100,100031,100,99947,100,100034,100,99936,100,100042,100,99925,100,100049,100,99873,100,100055,100,99868,100,100057,100,99852,100,100075,100,99835,100,100077,100,99814,100
2019-06-28 09:36:00.000000000,99980,241,99956,241,100027,241,99951,241,100031,100,99947,100,100034,100,99936,100,100042,100,99925,100,100049,100,99873,100,100055,100,99868,100,100057,100,99852,100,100075,100,99835,100,100077,100,99814,100
2019-06-28 09:36:10.000000000,99980,156,99956,156,100027,156,99951,156,100031,156,99947,156,100034,156,99936,156,100042,156,99925,156,100049,100,99873,100,100055,100,99868,100,100057,100,99852,100,100075,100,99835,100,100077,100,99814,100
2019-06-28 09:36:10.710336022,99980,156,99956,156,100027,156,99951,156,100031,156,99947,156,100034,156,99936,156,100042,156,99925,156,100049,100,99873,100,100055,100,99868,100,100057,100,99852,100,100075,100,99835,100,100077,100,99814,100
2019-06-28 09:36:20.000000000,99980,156,99956,156,100027,156,99951,156,100031,156,99947,156,100034,156,99936,156,100042,156,99925,156,100049,100,99873,100,100055,100,99868,100,100057,100,99852,100,100075,100,99835,100,100077,100,99814,100
2019-06-28 09:36:30.000000000,99980,241,99956,241,100027,241,99951,241,100031,100,99947,100,100034,100,99936,100,100042,100,99925,100,100049,100,99873,100,100055,100,99868,100,100057,100,99852,100,100075,100,99835,100,100077,100,99814,100
2019-06-28 09:36:40.000000000,99980,241,99956,241,100027,241,99951,241,100031,100,99947,100,100034,100,99936,100,100042,100,99925,100,100049,100,99873,100,100055,100,99868,100,100057,100,99852,100,100075,100,99835,100,100077,100,99814,100
2019-06-28 09:36:50.000000000,99980,241,99956,241,100027,241,99951,241,100031,100,99947,100,100034,100,99936,100,100042,100,99925,100,100049,100,99873,100,100055,100,99868,100,100057,100,99852,100,100075,100,99835,100,100077,100,99814,100
2019-06-28 09:37:00.000000000,99980,170,99956,170,100027,170,99951,170,100031,170,99947,170,100034,170,99936,170,100042,100,99925,100,100049,100,99873,100,100055,100,99868,100,100057,100,99852,100,100075,100,99835,100,100077,100,99814,100
2019-06-28 09:37:06.874656877,99980,70,99956,170,100027,170,99951,170,100031,170,99947,170,100034,170,99936,170,100042,100,99925,100,100049,100,99873,100,100055,100,99868,100,100057,100,99852,100,100075,100,99835,100,100077,100,99814,100
2019-06-28 09:37:10.000000000,100027,196,99956,196,100031,193,99951,193,100034,193,99947,193,100042,100,99936,100,100049,100,99925,100,100055,100,99873,100,100057,100,99868,100,100075,100,99852,100,100077,100,99835,100,100088,100,99814,100
2019-06-28 09:37:14.662272787,99980,100,99956,196,100027,196,99951,193,100031,193,99947,193,100034,193,99936,100,100042,100,99925,100,100049,100,99873,100,100055,100,99868,100,100057,100,99852,100,100075,100,99835,100,100077,100,99814,100
2019-06-28 09:37:20.000000000,99980,196,99956,196,100027,193,99951,193,100031,193,99947,193,100034,100,99936,100,100042,100,99925,100,100049,100,99873,100,100055,100,99868,100,100057,100,99852,100,100075,100,99835,100,100077,100,99814,100
2019-06-28 09:37:27.413525812,99980,296,99956,196,100027,193,99951,193,100031,193,99947,193,100034,100,99936,100,100042,100,99925,100,100049,100,99873,100,100055,100,99868,100,100057,100,99852,100,100075,100,99835,100,100077,100,99814,100
2019-06-28 09:37:29.905761259,99980,396,99956,196,100027,193,99951,193,100031,193,99947,193,100034,100,99936,100,100042,100,99925,100,100049,100,99873,100,100055,100,99868,100,100057,100,99852,100,100075,100,99835,100,100077,100,99814,100
2019-06-28 09:37:30.000000000,99980,441,99956,241,100027,241,99951,241,100031,100,99947,100,100034,100,99936,100,100042,100,99925,100,100049,100,99873,100,100055,100,99868,100,100057,100,99852,100,100075,100,99835,100,100077,100,99814,100
2019-06-28 09:37:40.000000000,99980,356,99956,156,100027,156,99951,156,100031,156,99947,156,100034,156,99936,156,100042,156,99925,156,100049,100,99873,100,100055,100,99868,100,100057,100,99852,100,100075,100,99835,100,100077,100,99814,100
2019-06-28 09:37:50.000000000,99980,370,99956,170,100027,170,99951,170,100031,170,99947,170,100034,170,99936,170,100042,100,99925,100,100049,100,99873,100,100055,100,99868,100,100057,100,99852,100,100075,100,99835,100,100077,100,99814,100
2019-06-28 09:37:50.528716870,99980,370,99956,170,100027,170,99951,170,100031,170,99947,70,100034,170,99936,170,100042,100,99925,100,100049,100,99873,100,100055,100,99868,100,100057,100,99852,100,100075,100,99835,100,100077,100,99814,100
2019-06-28 09:37:58.448151974,99980,370,99956,170,100027,170,99951,170,100031,170,99947,70,100034,170,99936,170,100042,100,99925,100,100049,100,99873,100,100055,100,99868,100,100057,100,99852,100,100075,100,99835,100,100077,100,99814,100
2019-06-28 09:38:00.000000000,99980,356,99956,156,100027,156,99951,156,100031,156,99936,156,100034,156,99925,156,100042,156,99873,156,100049,100,99868,100,100055,100,99852,100,100057,100,99835,100,100075,100,99814,100,100077,100,99802,100
2019-06-28 09:38:10.000000000,99980,396,99956,196,100027,193,99951,193,100031,193,99936,193,100034,100,99925,100,100042,100,99873,100,100049,100,99868,100,100055,100,99852,100,100057,100,99835,100,100075,100,99814,100,100077,100,99802,100
2019-06-28 09:38:20.000000000,99980,370,99956,170,100027,170,99951,170,100031,170,99936,170,100034,170,99925,170,100042,100,99873,100,100049,100,99868,100,100055,100,99852,100,100057,100,99835,100,100075,100,99814,100,100077,100,99802,100
2019-06-28 09:38:25.915720674,99980,470,99956,170,100027,170,99951,170,100031,170,99936,170,100034,170,99925,170,100042,100,99873,100,100049,100,99868,100,100055,100,99852,100,100057,100,99814,100,100075,100,99802,100,100077,100,99779,200
2019-06-28 09:38:30.000000000,99980,682,99956,382,100027,100,99951,100,100031,100,99936,100,100034,100,99925,100,100042,100,99873,100,100049,100,99868,100,100055,100,99852,100,100057,100,99814,100,100075,100,99802,100,100077,100,99779,200
2019-06-28 09:38:40.000000000,99980,496,99956,196,100027,193,99951,193,100031,193,99936,193,100034,100,99925,100,100042,100,99873,100,100049,100,99868,100,100055,100,99852,100,100057,100,99814,100,100075,100,99802,100,100077,100,99779,200
2019-06-28 09:38:50.000000000,99980,456,99956,156,100027,156,99951,156,100031,156,99936,156,100034,156,99925,156,100042,156,99873,156,100049,100,99868,100,100055,100,99852,100,100057,100,99814,100,100075,100,99802,100,100077,100,99779,200
2019-06-28 09:38:56.746518855,99980,456,99956,156,100027,156,99951,156,100031,156,99936,156,100034,156,99925,156,100042,56,99873,156,100049,100,99868,100,100055,100,99852,100,100057,100,99814,100,100075,100,99802,100,100077,100,99779,200
2019-06-28 09:38:57.452658646,99980,456,99956,56,100027,156,99951,156,100031,156,99936,156,100034,156,99925,156,100042,56,99873,156,100049,100,99868,100,100055,100,99852,100,100057,100,99814,100,100075,100,99802,100,100077,100,99779,200
2019-06-28 09:39:00.000000000,99980,496,99951,196,100027,193,99936,193,100031,193,99925,193,100034,100,99873,100,100049,100,99868,100,100055,100,99852,100,100057,100,99814,100,100075,100,99802,100,100077,100,99779,200,100088,100,99742,100
2019-06-28 09:39:10.000000000,99980,470,99951,170,100027,170,99936,170,100031,170,99925,170,100034,170,99873,170,100049,100,99868,100,100055,100,99852,100,100057,100,99814,100,100075,100,99802,100,100077,100,99779,200,100088,100,99742,100
2019-06-28 09:39:18.601406582,99961,100,99951,170,99980,470,99936,170,100027,170,99925,170,100031,170,99873,170,100034,170,99868,100,100049,100,99852,100,100055,100,99814,100,100057,100,99802,100,100075,100,99779,200,100077,100,99742,100
2019-06-28 09:39:20.000000000,99961,156,99951,156,99980,456,99936,156,100027,156,99925,156,100031,156,99873,156,100034,156,99868,156,100049,100,99852,100,100055,100,99814,100,100057,100,99802,100,100075,100,99779,200,100077,100,99742,100
2019-06-28 09:39:22.687545072,99961,156,99951,156,99980,456,99936,156,100027,156,99925,156,100031,156,99873,156,100034,156,99868,156,100049,100,99852,100,100055,100,99814,100,100057,100,99802,100,100075,100,99779,100,100077,100,99742,100
2019-06-28 09:39:30.000000000,99961,382,99951,382,99980,400,99936,100,100027,100,99925,100,100031,100,99873,100,100034,100,99868,100,100049,100,99852,100,100055,100,99814,100,100057,100,99802,100,100075,100,99779,100,100077,100,99742,100
2019-06-28 09:39:32.834615120,99961,282,99951,382,99980,400,99936,100,100027,100,99925,100,100031,100,99873,100,100034,100,99868,100,100049,100,99852,100,100055,100,99814,100,100057,100,99802,100,100075,100,99779,100,100077,100,99742,100
2019-06-28 09:39:40.000000000,99980,470,99951,170,100027,170,99936,170,100031,170,99925,170,100034,170,99873,170,100049,100,99868,100,100055,100,99852,100,100057,100,99814,100,100075,100,99802,100,100077,100,99779,100,100088,100,99742,100
2019-06-28 09:39:47.790664436,99980,470,99951,170,100027,170,99936,170,100031,170,99925,170,100034,170,99873,170,100049,100,99868,100,100055,100,99852,100,100057,100,99814,100,100075,100,99802,100,100077,100,99779,100,100089,100,99742,100
2019-06-28 09:39:50.000000000,99980,470,99951,170,100027,170,99936,170,100031,170,99925,170,100034,170,99873,170,100049,100,99868,100,100055,100,99852,100,100057,100,99814,100,100075,100,99802,100,100077,100,99779,100,100089,100,99742,100
2019-06-28 09:39:50.493762292,99980,470,99951,70,100027,170,99936,170,100031,170,99925,170,100034,170,99873,170,100049,100,99868,100,100055,100,99852,100,100057,100,99814,100,100075,100,99802,100,100077,100,99779,100,100089,100,99742,100
2019-06-28 09:40:00.000000000,99980,470,99936,170,100027,170,99925,170,100031,170,99873,170,100034,170,99868,170,100049,100,99852,100,100055,100,99814,100,100057,100,99802,100,100075,100,99779,100,100077,100,99742,100,100089,100,99201,100
2019-06-28 09:40:04.366559925,99980,470,99936,170,100027,170,99925,170,100031,170,99873,170,100034,170,99868,170,100049,100,99852,100,100055,100,99814,100,100057,100,99779,100,100075,100,99742,100,100077,100,99201,100,100089,100,99049,100
2019-06-28 09:40:07.424082383,99980,470,99936,170,100027,170,99925,170,100031,170,99873,170,100034,70,99868,170,100049,100,99852,100,100055,100,99814,100,100057,100,99779,100,100075,100,99742,100,100077,100,99201,100,100089,100,99049,100
2019-06-28 09:40:10.000000000,99980,470,99936,170,100027,170,99925,170,100031,170,99873,170,100049,170,99868,170,100055,100,99852,100,100057,100,99814,100,100075,100,99779,100,100077,100,99742,100,100089,100,99201,100,100097,100,99049,100
2019-06-28 09:40:20.000000000,99980,541,99936,241,100027,241,99925,241,100031,100,99873,100,100049,100,99868,100,100055,100,99852,100,100057,100,99814,100,100075,100,99779,100,100077,100,99742,100,100089,100,99201,100,100097,100,99049,100
2019-06-28 09:40:20.514812115,99980,541,99936,241,100027,241,99925,241,100031,100,99873,100,100049,100,99868,100,100055,100,99852,100,100057,100,99814,100,100075,100,99779,100,100077,100,99742,100,100097,100,99201,100,100116,100,99049,100
2019-06-28 09:40:30.000000000,99980,470,99936,170,100027,170,99925,170,100031,170,99873,170,100049,170,99868,170,100055,100,99852,100,100057,100,99814,100,100075,100,99779,100,100077,100,99742,100,100097,100,99201,100,100116,100,99049,100
2019-06-28 09:40:40.000000000,99980,470,99936,170,100027,170,99925,170,100031,170,99873,170,100049,170,99868,170,100055,100,99852,100,100057,100,99814,100,100075,100,99779,100,100077,100,99742,100,100097,100,99201,100,100116,100,99049,100
2019-06-28 09:40:50.000000000,99980,456,99936,156,100027,156,99925,156,100031,156,99873,156,100049,156,99868,156,100055,156,99852,156,100057,100,99814,100,100075,100,99779,100,100077,100,99742,100,100097,100,99201,100,100116,100,99049,100
2019-06-28 09:41:00.000000000,99980,682,99936,382,100027,100,99925,100,100031,100,99873,100,100049,100,99868,100,100055,100,99852,100,100057,100,99814,100,100075,100,99779,100,100077,100,99742,100,100097,100,99201,100,100116,100,99049,100
2019-06-28 09:41:10.000000000,99980,456,99936,156,100027,156,99925,156,100031,156,99873,156,100049,156,99868,156,100055,156,99852,156,100057,100,99814,100,100075,100,99779,100,100077,100,99742,100,100097,100,99201,100,100116,100,99049,100
2019-06-28 09:41:20.000000000,99980,470,99936,170,100027,170,99925,170,100031,170,99873,170,100049,170,99868,170,100055,100,99852,100,100057,100,99814,100,100075,100,99779,100,100077,100,99742,100,100097,100,99201,100,100116,100,99049,100
2019-06-28 09:41:25.758974143,99980,370,99936,170,100027,170,99925,170,100031,170,99873,170,100049,170,99868,170,100055,100,99852,100,100057,100,99814,100,100075,100,99779,100,100077,100,99742,100,100097,100,99201,100,100116,100,99049,100
2019-06-28 09:41:30.000000000,99980,396,99936,196,100027,193,99925,193,100031,193,99873,193,100049,100,99868,100,100055,100,99852,100,100057,100,99814,100,100075,100,99779,100,100077,100,99742,100,100097,100,99201,100,100116,100,99049,100
2019-06-28 09:41:40.000000000,99980,396,99936,196,100027,193,99925,193,100031,193,99873,193,100049,100,99868,100,100055,100,99852,100,100057,100,99814,100,100075,100,99779,100,100077,100,99742,100,100097,100,99201,100,100116,100,99049,100
2019-06-28 09:41:45.493066086,99980,396,99952,100,100027,193,99936,196,100031,193,99925,193,100049,100,99873,193,100055,100,99868,100,100057,100,99852,100,100075,100,99814,100,100077,100,99779,100,100097,100,99742,100,100116,100,99201,100
2019-06-28 09:41:50.000000000,99980,356,99952,156,100027,156,99936,156,100031,156,99925,156,100049,156,99873,156,100055,156,99868,156,100057,100,99852,100,100075,100,99814,100,100077,100,99779,100,100097,100,99742,100,100116,100,99201,100
2019-06-28 09:42:00.000000000,99980,582,99952,382,100027,100,99936,100,100031,100,99925,100,100049,100,99873,100,100055,100,99868,100,100057,100,99852,100,100075,100,99814,100,100077,100,99779,100,100097,100,99742,100,100116,100,99201,100
2019-06-28 09:42:05.327913195,99980,582,99952,482,100027,100,99936,100,100031,100,99925,100,100049,100,99873,100,100055,100,99868,100,100057,100,99852,100,100075,100,99814,100,100077,100,99779,100,100097,100,99742,100,100116,100,99201,100
2019-06-28 09:42:10.000000000,99980,441,99952,341,100027,241,99936,241,100031,100,99925,100,100049,100,99873,100,100055,100,99868,100,100057,100,99852,100,100075,100,99814,100,100077,100,99779,100,100097,100,99742,100,100116,100,99201,100
2019-06-28 09:42:13.016591478,99980,441,99952,341,100027,241,99936,241,100031,100,99925,100,100049,100,99868,100,100055,100,99852,100,100057,100,99814,100,100075,100,99779,100,100077,100,99742,100,100097,100,99201,100,100116,100,99049,100
2019-06-28 09:42:15.625227054,99980,441,99952,341,100027,241,99936,241,100031,100,99925,100,100049,100,99868,100,100055,100,99852,100,100057,100,99814,100,100075,100,99779,100,100077,100,99742,100,100097,100,99201,100,100116,100,99049,100
2019-06-28 09:42:20.000000000,99980,441,99952,341,100027,241,99936,241,100031,100,99925,100,100049,100,99868,100,100055,100,99852,100,100057,100,99814,100,100075,100,99779,100,100077,100,99742,100,100097,100,99201,100,100116,100,99049,100
2019-06-28 09:42:30.000000000,99980,370,99952,270,100027,170,99936,170,100031,170,99925,170,100049,170,99868,170,100055,100,99852,100,100057,100,99814,100,100075,100,99779,100,100077,100,99742,100,100097,100,99201,100,100116,100,99049,100
2019-06-28 09:42:40.000000000,99980,370,99952,270,100027,170,99936,170,100031,170,99925,170,100049,170,99868,170,100055,100,99852,100,100057,100,99814,100,100075,100,99779,100,100077,100,99742,100,100097,100,99201,100,100116,100,99049,100
2019-06-28 09:42:48.944267469,99980,370,99952,270,100027,170,99936,170,100031,170,99925,170,100049,170,99868,170,100055,100,99852,100,100057,100,99814,100,100075,100,99779,100,100077,100,99742,100,100097,100,99201,100,100116,100,99049,100
2019-06-28 09:42:50.000000000,99980,582,99952,482,100027,100,99936,100,100031,100,99925,100,100049,100,99868,100,100055,100,99852,100,100057,100,99814,100,100075,100,99779,100,100077,100,99742,100,100097,100,99201,100,100116,100,99049,100
2019-06-28 09:42:51.657144626,99980,582,99952,482,100027,100,99936,100,100031,100,99925,100,100049,100,99868,100,100055,100,99852,100,100057,100,99814,100,100075,100,99779,100,100077,100,99742,100,100116,100,99201,100,100118,100,99049,100
2019-06-28 09:43:00.000000000,99980,356,99952,256,100027,156,99936,156,100031,156,99925,156,100049,156,99868,156,100055,156,99852,156,100057,100,99814,100,100075,100,99779,100,100077,100,99742,100,100116,100,99201,100,100118,100,99049,100
2019-06-28 09:43:02.350917302,99980,256,99952,256,100027,156,99936,156,100031,156,99925,156,100049,156,99868,156,100055,156,99852,156,100057,100,99814,100,100075,100,99742,100,100077,100,99201,100,100116,100,99049,100,100118,100,98918,100
2019-06-28 09:43:10.000000000,99980,341,99952,341,100027,241,99936,241,100031,100,99925,100,100049,100,99868,100,100055,100,99852,100,100057,100,99814,100,100075,100,99742,100,100077,100,99201,100,100116,100,99049,100,100118,100,98918,100
2019-06-28 09:43:11.734592117,99980,241,99952,341,100027,241,99936,241,100031,100,99925,100,100049,100,99868,100,100055,100,99852,100,100057,100,99814,100,100075,100,99742,100,100077,100,99201,100,100116,100,99049,100,100118,100,98918,100
2019-06-28 09:43:20.000000000,99980,241,99952,341,100027,241,99936,241,100031,100,99925,100,100049,100,99868,100,100055,100,99852,100,100057,100,99814,100,100075,100,99742,100,100077,100,99201,100,100116,100,99049,100,100118,100,98918,100
2019-06-28 09:43:25.561984903,99980,141,99952,341,100027,241,99936,241,100031,100,99925,100,100049,100,99868,100,100055,100,99852,100,100057,100,99814,100,100075,100,99742,100,100116,100,99201,100,100118,100,99049,100,100124,100,98918,100
2019-06-28 09:43:30.000000000,100027,382,99952,482,100031,100,99936,100,100049,100,99925,100,100055,100,99868,100,100057,100,99852,100,100075,100,99814,100,100116,100,99742,100,100118,100,99201,100,100124,100,99049,100,100204,100,98918,100
2019-06-28 09:43:40.000000000,100027,170,99952,270,100031,170,99936,170,100049,170,99925,170,100055,170,99868,170,100057,100,99852,100,100075,100,99814,100,100116,100,99742,100,100118,100,99201,100,100124,100,99049,100,100204,100,98918,100
2019-06-28 09:43:50.000000000,100027,382,99952,482,100031,100,99936,100,100049,100,99925,100,100055,100,99868,100,100057,100,99852,100,100075,100,99814,100,100116,100,99742,100,100118,100,99201,100,100124,100,99049,100,100204,100,98918,100
2019-06-28 09:44:00.000000000,100027,382,99952,482,100031,100,99936,100,100049,100,99925,100,100055,100,99868,100,100057,100,99852,100,100075,100,99814,100,100116,100,99742,100,100118,100,99201,100,100124,100,99049,100,100204,100,98918,100
2019-06-28 09:44:10.000000000,100027,382,99952,482,100031,100,99936,100,100049,100,99925,100,100055,100,99868,100,100057,100,99852,100,100075,100,99814,100,100116,100,99742,100,100118,100,99201,100,100124,100,99049,100,100204,100,98918,100
2019-06-28 09:44:20.000000000,100027,196,99952,296,100031,193,99936,193,100049,193,99925,193,100055,100,99868,100,100057,100,99852,100,100075,100,99814,100,100116,100,99742,100,100118,100,99201,100,100124,100,99049,100,100204,100,98918,100
2019-06-28 09:44:24.454052218,100027,96,99952,296,100031,193,99936,193,100049,193,99925,193,100055,100,99868,100,100057,100,99852,100,100075,100,99814,100,100116,100,99742,100,100118,100,99201,100,100124,100,99049,100,100204,100,98918,100
2019-06-28 09:44:30.000000000,100031,382,99952,482,100049,100,99936,100,100055,100,99925,100,100057,100,99868,100,100075,100,99852,100,100116,100,99814,100,100118,100,99742,100,100124,100,99201,100,100204,100,99049,100,100294,100,98918,100
2019-06-28 09:44:33.752364907,100031,382,99952,482,100049,100,99936,100,100055,100,99925,100,100057,100,99868,100,100075,100,99852,100,100116,100,99814,100,100118,100,99742,100,100124,100,99201,100,100204,100,99049,100,100294,100,98918,100
2019-06-28 09:44:40.000000000,100031,382,99952,482,100049,100,99936,100,100055,100,99925,100,100057,100,99868,100,100075,100,99852,100,100116,100,99814,100,100118,100,99742,100,100124,100,99201,100,100204,100,99049,100,100294,100,98918,100
2019-06-28 09:44:44.168512918,100031,282,99952,482,100049,100,99936,100,100055,100,99925,100,100057,100,99852,100,100075,100,99814,100,100116,100,99742,100,100118,100,99201,100,100124,100,99049,100,100204,100,98918,100,100294,100,98830,100
2019-06-28 09:44:50.000000000,100049,241,99952,341,100055,241,99936,241,100057,100,99925,100,100075,100,99852,100,100116,100,99814,100,100118,100,99742,100,100124,100,99201,100,100204,100,99049,100,100294,100,98918,100,100929,100,98830,100
2019-06-28 09:44:52.270993160,100049,241,99952,341,100055,241,99936,241,100057,100,99925,100,100075,100,99852,100,100118,100,99814,100,100124,100,99742,100,100204,100,99201,100,100294,100,99049,100,100929,100,98918,100,100931,100,98830,100
2019-06-28 09:44:56.730984446,100049,241,99952,341,100055,241,99936,241,100057,100,99925,100,100075,100,99852,100,100118,100,99814,100,100124,100,99742,100,100204,100,99201,100,100294,100,99049,100,100929,100,98918,100,100931,100,98830,100
2019-06-28 09:45:00.000000000,100049,241,99952,341,100055,241,99936,241,100057,100,99925,100,100075,100,99852,100,100118,100,99814,100,100124,100,99742,100,100204,100,99201,100,100294,100,99049,100,100929,100,98918,100,100931,100,98830,100
2019-06-28 09:45:10.000000000,100049,196,99952,296,100055,193,99936,193,100057,193,99925,193,100075,100,99852,100,100118,100,99814,100,100124,100,99742,100,100204,100,99201,100,100294,100,99049,100,100929,100,98918,100,100931,100,98830,100
2019-06-28 09:45:19.413834268,100049,196,99952,296,100055,193,99936,193,100057,193,99925,193,100075,100,99852,100,100118,100,99814,100,100124,100,99742,100,100204,100,99201,100,100294,100,99049,100,100639,100,98918,100,100929,100,98830,100
2019-06-28 09:45:20.000000000,100049,170,99952,270,100055,170,99936,170,100057,170,99925,170,100075,170,99852,170,100118,100,99814,100,100124,100,99742,100,100204,100,99201,100,100294,100,99049,100,100639,100,98918,100,100929,100,98830,100
2019-06-28 09:45:30.000000000,100049,170,99952,270,100055,170,99936,170,100057,170,99925,170,100075,170,99852,170,100118,100,99814,100,100124,100,99742,100,100204,100,99201,100,100294,100,99049,100,100639,100,98918,100,100929,100,98830,100
2019-06-28 09:45:37.535090921,100049,170,99952,270,100055,170,99936,170,100057,170,99925,170,100075,170,99852,170,100118,100,99814,100,100124,100,99742,100,100204,100,99201,100,100294,100,99049,100,100639,100,98918,100,100901,100,98830,100
2019-06-28 09:45:40.000000000,100049,170,99952,270,100055,170,99936,170,100057,170,99925,170,100075,170,99852,170,100118,100,99814,100,100124,100,99742,100,100204,100,99201,100,100294,100,99049,100,100639,100,98918,100,100901,100,98830,100
2019-06-28 09:45:47.138078977,100049,170,99952,270,100055,170,99936,170,100057,170,99925,170,100075,170,99852,170,100118,100,99814,100,100124,100,99201,100,100204,100,99049,100,100294,100,98918,100,100636,100,98830,100,100639,100,98800,100
2019-06-28 09:45:50.000000000,100049,170,99952,270,100055,170,99936,170,100057,170,99925,170,100075,170,99852,170,100118,100,99814,100,100124,100,99201,100,100204,100,99049,100,100294,100,98918,100,100636,100,98830,100,100639,100,98800,100
2019-06-28 09:46:00.000000000,100049,382,99952,482,100055,100,99936,100,100057,100,99925,100,100075,100,99852,100,100118,100,99814,100,100124,100,99201,100,100204,100,99049,100,100294,100,98918,100,100636,100,98830,100,100639,100,98800,100
2019-06-28 09:46:10.000000000,100049,382,99952,482,100055,100,99936,100,100057,100,99925,100,100075,100,99852,100,100118,100,99814,100,100124,100,99201,100,100204,100,99049,100,100294,100,98918,100,100636,100,98830,100,100639,100,98800,100
2019-06-28 09:46:20.000000000,100049,170,99952,270,100055,170,99936,170,100057,170,99925,170,100075,170,99852,170,100118,100,99814,100,100124,100,99201,100,100204,100,99049,100,100294,100,98918,100,100636,100,98830,100,100639,100,98800,100
2019-06-28 09:46:26.517309994,100049,70,99952,270,100055,170,99936,170,100057,170,99925,170,100075,170,99852,170,100118,100,99814,100,100124,100,99049,100,100204,100,98918,100,100294,100,98830,100,100636,100,98800,100,100639,100,98770,100
2019-06-28 09:46:30.000000000,100055,196,99952,296,100057,193,99936,193,100075,193,99925,193,100118,100,99852,100,100124,100,99814,100,100204,100,99049,100,100294,100,98918,100,100636,100,98830,100,100639,100,98800,100,100901,100,98770,100
2019-06-28 09:46:32.927035074,100055,196,100031,100,100057,193,99952,196,100075,193,99936,193,100118,100,99925,193,100124,100,99852,100,100204,100,99814,100,100294,100,99049,100,100636,100,98918,100,100639,100,98830,100,100901,100,98800,100
2019-06-28 09:46:40.000000000,100055,196,100031,196,100057,193,99952,193,100075,193,99936,193,100118,100,99925,100,100124,100,99852,100,100204,100,99814,100,100294,100,99049,100,100636,100,98918,100,100639,100,98830,100,100901,100,98800,100
2019-06-28 09:46:50.000000000,100055,241,100031,241,100057,241,99952,241,100075,100,99936,100,100118,100,99925,100,100124,100,99852,100,100204,100,99814,100,100294,100,99049,100,100636,100,98918,100,100639,100,98830,100,100901,100,98800,100
2019-06-28 09:46:50.212931078,100055,141,100031,241,100057,241,99952,241,100075,100,99936,100,100118,100,99925,100,100124,100,99852,100,100204,100,99814,100,100294,100,99049,100,100636,100,98918,100,100639,100,98830,100,100901,100,98800,100
2019-06-28 09:47:00.000000000,100057,241,100031,241,100075,241,99952,241,100118,100,99936,100,100124,100,99925,100,100204,100,99852,100,100294,100,99814,100,100636,100,99049,100,100639,100,98918,100,100901,100,98830,100,100929,100,98800,100
2019-06-28 09:47:02.234718296,100057,141,100031,241,100075,241,99952,241,100118,100,99936,100,100124,100,99925,100,100204,100,99852,100,100294,100,99814,100,100636,100,99049,100,100639,100,98918,100,100901,100,98830,100,100929,100,98800,100
2019-06-28 09:47:02.805356197,100057,41,100031,241,100075,241,99952,241,100118,100,99936,100,100124,100,99925,100,100204,100,99852,100,100294,100,99814,100,100636,100,99049,100,100639,100,98918,100,100901,100,98830,100,100929,100,98800,100
2019-06-28 09:47:10.000000000,100075,382,100031,382,100118,100,99952,100,100124,100,99936,100,100204,100,99925,100,100294,100,99852,100,100636,100,99814,100,100639,100,99049,100,100901,100,98918,100,100929,100,98830,100,101033,100,98800,100
2019-06-28 09:47:18.084023725,100075,282,100031,382,100118,100,99952,100,100124,100,99936,100,100204,100,99925,100,100294,100,99852,100,100636,100,99814,100,100639,100,99049,100,100901,100,98918,100,100929,100,98830,100,101033,100,98800,100
2019-06-28 09:47:20.000000000,100118,170,100031,170,100124,170,99952,170,100204,170,99936,170,100294,170,99925,170,100636,100,99852,100,100639,100,99814,100,100901,100,99049,100,100929,100,98918,100,101033,100,98830,100,101222,100,98800,100
2019-06-28 09:47:23.513604026,100118,70,100031,170,100124,170,99952,170,100204,170,99936,170,100294,170,99925,170,100636,100,99852,100,100639,100,99814,100,100901,100,99049,100,100929,100,98918,100,101033,100,98830,100,101222,100,98800,100
2019-06-28 09:47:26.106698235,100118,70,100031,170,100124,170,99952,170,100204,170,99936,170,100290,100,99925,170,100294,170,99852,100,100636,100,99814,100,100639,100,99049,100,100901,100,98918,100,100929,100,98830,100,101033,100,98800,100
2019-06-28 09:47:28.071564863,100118,70,100031,170,100124,170,99952,170,100204,170,99936,170,100290,100,99925,170,100294,170,99852,100,100527,100,99814,100,100636,100,99049,100,100639,100,98918,100,100901,100,98830,100,100929,100,98800,100
2019-06-28 09:47:30.000000000,100124,382,100031,382,100204,100,99952,100,100290,100,99936,100,100294,100,99925,100,100527,100,99852,100,100636,100,99814,100,100639,100,99049,100,100901,100,98918,100,100929,100,98830,100,101033,100,98800,100
2019-06-28 09:47:34.370764739,100118,100,100031,382,100124,382,99952,100,100204,100,99936,100,100290,100,99925,100,100294,100,99852,100,100527,100,99814,100,100636,100,99049,100,100639,100,98918,100,100901,100,98830,100,100929,100,98800,100
2019-06-28 09:47:40.000000000,100118,170,100031,170,100124,170,99952,170,100204,170,99936,170,100290,170,99925,170,100294,100,99852,100,100527,100,99814,100,100636,100,99049,100,100639,100,98918,100,100901,100,98830,100,100929,100,98800,100
2019-06-28 09:47:50.000000000,100118,196,100031,196,100124,193,99952,193,100204,193,99936,193,100290,100,99925,100,100294,100,99852,100,100527,100,99814,100,100636,100,99049,100,100639,100,98918,100,100901,100,98830,100,100929,100,98800,100
2019-06-28 09:47:53.667710232,100118,96,100031,196,100124,193,99952,193,100204,193,99936,193,100290,100,99925,100,100294,100,99852,100,100527,100,99814,100,100636,100,99049,100,100639,100,98918,100,100901,100,98830,100,100929,100,98800,100
2019-06-28 09:48:00.000000000,100124,196,100031,196,100204,193,99952,193,100290,193,99936,193,100294,100,99925,100,100527,100,99852,100,100636,100,99814,100,100639,100,99049,100,100901,100,98918,100,100929,100,98830,100,101033,100,98800,100
2019-06-28 09:48:10.000000000,100124,382,100031,382,100204,100,99952,100,100290,100,99936,100,100294,100,99925,100,100527,100,99852,100,100636,100,99814,100,100639,100,99049,100,100901,100,98918,100,100929,100,98830,100,101033,100,98800,100
2019-06-28 09:48:20.000000000,100124,156,100031,156,100204,156,99952,156,100290,156,99936,156,100294,156,99925,156,100527,156,99852,156,100636,100,99814,100,100639,100,99049,100,100901,100,98918,100,100929,100,98830,100,101033,100,98800,100
2019-06-28 09:48:21.721701802,100124,156,100031,156,100204,156,99952,156,100290,156,99936,156,100292,100,99925,156,100294,156,99852,156,100527,156,99814,100,100639,100,99049,100,100901,100,98918,100,100929,100,98830,100,101033,100,98800,100
2019-06-28 09:48:27.136757773,100124,56,100031,156,100204,156,99952,156,100290,156,99936,156,100292,100,99925,156,100294,156,99852,156,100527,156,99814,100,100639,100,99049,100,100901,100,98918,100,100929,100,98830,100,101033,100,98800,100
2019-06-28 09:48:28.740432617,100204,156,100124,44,100290,156,100031,156,100292,100,99952,156,100294,156,99936,156,100527,156,99925,56,100639,100,99852,156,100901,100,99814,100,100929,100,99049,100,101033,100,98918,100,101222,100,98830,100
2019-06-28 09:48:30.000000000,100204,382,100124,326,100290,100,100031,100,100292,100,99952,100,100294,100,99936,100,100527,100,99852,100,100639,100,99814,100,100901,100,99049,100,100929,100,98918,100,101033,100,98830,100,101222,100,98800,100
2019-06-28 09:48:39.165542396,100204,382,100124,426,100290,100,100031,100,100292,100,99952,100,100294,100,99936,100,100527,100,99852,100,100639,100,99814,100,100901,100,99049,100,100929,100,98918,100,101033,100,98830,100,101222,100,98800,100
2019-06-28 09:48:39.432094431,100204,382,100124,526,100290,100,100031,100,100292,100,99952,100,100294,100,99936,100,100527,100,99852,100,100639,100,99814,100,100901,100,99049,100,100929,100,98918,100,101033,100,98830,100,101222,100,98800,100
2019-06-28 09:48:40.000000000,100204,170,100124,314,100290,170,100031,170,100292,170,99952,170,100294,170,99936,170,100527,100,99852,100,100639,100,99814,100,100901,100,99049,100,100929,100,98918,100,101033,100,98830,100,101222,100,98800,100
2019-06-28 09:48:50.000000000,100204,170,100124,314,100290,170,100031,170,100292,170,99952,170,100294,170,99936,170,100527,100,99852,100,100639,100,99814,100,100901,100,99049,100,100929,100,98918,100,101033,100,98830,100,101222,100,98800,100
2019-06-28 09:48:51.958468847,100204,170,100124,314,100290,170,100031,170,100292,170,99953,100,100294,170,99952,170,100527,100,99936,170,100639,100,99852,100,100901,100,99814,100,100929,100,99049,100,101033,100,98918,100,101222,100,98830,100
2019-06-28 09:49:00.000000000,100204,196,100124,340,100290,193,100031,193,100292,193,99953,193,100294,100,99952,100,100527,100,99936,100,100639,100,99852,100,100901,100,99814,100,100929,100,99049,100,101033,100,98918,100,101222,100,98830,100
2019-06-28 09:49:10.000000000,100204,170,100124,314,100290,170,100031,170,100292,170,99953,170,100294,170,99952,170,100527,100,99936,100,100639,100,99852,100,100901,100,99814,100,100929,100,99049,100,101033,100,98918,100,101222,100,98830,100
2019-06-28 09:49:20.000000000,100204,156,100124,300,100290,156,100031,156,100292,156,99953,156,100294,156,99952,156,100527,156,99936,156,100639,100,99852,100,100901,100,99814,100,100929,100,99049,100,101033,100,98918,100,101222,100,98830,100
2019-06-28 09:49:26.331087568,100204,56,100124,300,100290,156,100031,156,100292,156,99953,156,100294,156,99952,156,100527,156,99936,156,100639,100,99852,100,100901,100,99814,100,100929,100,99049,100,101033,100,98918,100,101222,100,98830,100
2019-06-28 09:49:30.000000000,100290,196,100124,340,100292,193,100031,193,100294,193,99953,193,100527,100,99952,100,100639,100,99936,100,100901,100,99852,100,100929,100,99814,100,101033,100,99049,100,101222,100,98918,100,,,98830,100
2019-06-28 09:49:35.442274825,100290,196,100124,340,100292,193,100031,193,100294,193,99953,193,100319,100,99952,100,100527,100,99936,100,100639,100,99814,100,100901,100,99049,100,100929,100,98918,100,101033,100,98830,100,101222,100,98800,100
2019-06-28 09:49:40.000000000,100290,196,100124,340,100292,193,100031,193,100294,193,99953,193,100319,100,99952,100,100527,100,99936,100,100639,100,99814,100,100901,100,99049,100,100929,100,98918,100,101033,100,98830,100,101222,100,98800,100
2019-06-28 09:49:41.006794727,100290,196,100197,100,100292,193,100124,340,100294,193,100031,193,100319,100,99953,193,100527,100,99952,100,100639,100,99936,100,100901,100,99814,100,100929,100,99049,100,101033,100,98918,100,101222,100,98830,100
2019-06-28 09:49:48.829063398,100290,196,100197,100,100292,93,100124,340,100294,193,100108,100,100319,100,100031,193,100527,100,99953,193,100639,100,99952,100,100901,100,99936,100,100929,100,99814,100,101033,100,99049,100,101222,100,98918,100
2019-06-28 09:49:50.000000000,100290,382,100197,382,100294,100,100124,244,100319,100,100108,100,100527,100,100031,100,100639,100,99953,100,100901,100,99952,100,100929,100,99936,100,101033,100,99814,100,101222,100,99049,100,,,98918,100
2019-06-28 09:49:50.685304765,100290,382,100197,382,100294,100,100124,244,100319,100,100108,100,100527,100,100031,100,100586,100,99953,100,100639,100,99952,100,100901,100,99936,100,100929,100,99814,100,101033,100,99049,100,101222,100,98918,100
2019-06-28 09:49:56.538550503,100290,382,100197,382,100294,100,100124,244,100319,100,100108,100,100527,100,100031,100,100543,100,99953,100,100639,100,99952,100,100901,100,99936,100,100929,100,99814,100,101033,100,99049,100,101222,100,98918,100
2019-06-28 09:50:00.000000000,100290,170,100197,170,100294,170,100124,314,100319,170,100108,170,100527,170,100031,170,100543,100,99953,100,100639,100,99952,100,100901,100,99936,100,100929,100,99814,100,101033,100,99049,100,101222,100,98918,100
2019-06-28 09:50:01.340905917,100290,170,100197,170,100294,170,100125,100,100319,170,100124,314,100527,170,100108,170,100543,100,100031,170,100639,100,99953,100,100901,100,99952,100,100929,100,99936,100,101033,100,99814,100,101222,100,99049,100
2019-06-28 09:50:10.000000000,100290,196,100197,196,100294,193,100125,193,100319,193,100124,337,100527,100,100108,100,100543,100,100031,100,100639,100,99953,100,100901,100,99952,100,100929,100,99936,100,101033,100,99814,100,101222,100,99049,100
2019-06-28 09:50:16.783877079,100290,196,100197,196,100294,193,100125,193,100319,193,100124,337,100484,100,100108,100,100527,100,100031,100,100543,100,99953,100,100639,100,99952,100,100901,100,99936,100,100929,100,99814,100,101033,100,99049,100
2019-06-28 09:50:20.000000000,100290,241,100197,241,100294,241,100125,241,100319,100,100124,244,100484,100,100108,100,100527,100,100031,100,100543,100,99953,100,100639,100,99952,100,100901,100,99936,100,100929,100,99814,100,101033,100,99049,100
2019-06-28 09:50:30.000000000,100290,196,100197,196,100294,193,100125,193,100319,193,100124,337,100484,100,100108,100,100527,100,100031,100,100543,100,99953,100,100639,100,99952,100,100901,100,99936,100,100929,100,99814,100,101033,100,99049,100
2019-06-28 09:50:40.000000000,100290,196,100197,196,100294,193,100125,193,100319,193,100124,337,100484,100,100108,100,100527,100,100031,100,100543,100,99953,100,100639,100,99952,100,100901,100,99936,100,100929,100,99814,100,101033,100,99049,100
2019-06-28 09:50:50.000000000,100290,170,100197,170,100294,170,100125,170,100319,170,100124,314,100484,170,100108,170,100527,100,100031,100,100543,100,99953,100,100639,100,99952,100,100901,100,99936,100,100929,100,99814,100,101033,100,99049,100
2019-06-28 09:51:00.000000000,100290,241,100197,241,100294,241,100125,241,100319,100,100124,244,100484,100,100108,100,100527,100,100031,100,100543,100,99953,100,100639,100,99952,100,100901,100,99936,100,100929,100,99814,100,101033,100,99049,100
2019-06-28 09:51:01.606379495,100290,241,100197,241,100294,241,100125,341,100319,100,100124,244,100484,100,100108,100,100527,100,100031,100,100543,100,99953,100,100639,100,99952,100,100901,100,99936,100,100929,100,99814,100,101033,100,99049,100
2019-06-28 09:51:06.827033142,100290,241,100258,100,100294,241,100197,241,100319,100,100125,341,100484,100,100124,244,100527,100,100108,100,100543,100,100031,100,100639,100,99953,100,100901,100,99952,100,100929,100,99936,100,101033,100,99814,100
2019-06-28 09:51:10.000000000,100290,241,100258,241,100294,241,100197,241,100319,100,100125,200,100484,100,100124,244,100527,100,100108,100,100543,100,100031,100,100639,100,99953,100,100901,100,99952,100,100929,100,99936,100,101033,100,99814,100
2019-06-28 09:51:20.000000000,100290,196,100258,196,100294,193,100197,193,100319,193,100125,293,100484,100,100124,244,100527,100,100108,100,100543,100,100031,100,100639,100,99953,100,100901,100,99952,100,100929,100,99936,100,101033,100,99814,100
2019-06-28 09:51:30.000000000,100290,241,100258,241,100294,241,100197,241,100319,100,100125,200,100484,100,100124,244,100527,100,100108,100,100543,100,100031,100,100639,100,99953,100,100901,100,99952,100,100929,100,99936,100,101033,100,99814,100
2019-06-28 09:51:40.000000000,100290,241,100258,241,100294,241,100197,241,100319,100,100125,200,100484,100,100124,244,100527,100,100108,100,100543,100,100031,100,100639,100,99953,100,100901,100,99952,100,100929,100,99936,100,101033,100,99814,100
2019-06-28 09:51:45.034716749,100290,241,100258,141,100294,241,100197,241,100319,100,100125,200,100484,100,100124,144,100527,100,100108,100,100543,100,100031,100,100639,100,99953,100,100901,100,99952,100,100929,100,99936,100,101033,100,99814,100
2019-06-28 09:51:50.000000000,100290,196,100197,196,100294,193,100125,293,100319,193,100124,237,100484,100,100108,100,100527,100,100031,100,100543,100,99953,100,100639,100,99952,100,100901,100,99936,100,100929,100,99814,100,101033,100,99049,100
2019-06-28 09:52:00.000000000,100290,156,100197,156,100294,156,100125,256,100319,156,100124,200,100484,156,100108,156,100527,156,100031,156,100543,100,99953,100,100639,100,99952,100,100901,100,99936,100,100929,100,99814,100,101033,100,99049,100
2019-06-28 09:52:10.000000000,100290,382,100197,382,100294,100,100125,200,100319,100,100124,144,100484,100,100108,100,100527,100,100031,100,100543,100,99953,100,100639,100,99952,100,100901,100,99936,100,100929,100,99814,100,101033,100,99049,100
2019-06-28 09:52:15.451573129,100290,382,100197,382,100294,100,100125,200,100319,100,100124,144,100357,100,100108,100,100484,100,100031,100,100527,100,99953,100,100543,100,99952,100,100639,100,99936,100,100901,100,99814,100,100929,100,98918,100
2019-06-28 09:52:19.935465363,100290,282,100197,382,100294,100,100125,200,100319,100,100124,144,100357,100,100108,100,100484,100,100031,100,100527,100,99953,100,100543,100,99952,100,100639,100,99936,100,100901,100,99814,100,100929,100,98918,100
2019-06-28 09:52:20.000000000,100294,382,100197,382,100319,100,100125,200,100357,100,100124,144,100484,100,100108,100,100527,100,100031,100,100543,100,99953,100,100639,100,99952,100,100901,100,99936,100,100929,100,99814,100,101033,100,98918,100
2019-06-28 09:52:28.338959536,100294,382,100197,282,100319,100,100125,200,100357,100,100124,144,100484,100,100108,100,100527,100,100031,100,100543,100,99953,100,100639,100,99952,100,100901,100,99936,100,100929,100,99814,100,101033,100,98918,100
2019-06-28 09:52:30.000000000,100294,382,100125,482,100319,100,100124,144,100357,100,100108,100,100484,100,100031,100,100527,100,99953,100,100543,100,99952,100,100639,100,99936,100,100901,100,99814,100,100929,100,98918,100,101033,100,98830,100
2019-06-28 09:52:40.000000000,100294,241,100125,341,100319,241,100124,285,100357,100,100108,100,100484,100,100031,100,100527,100,99953,100,100543,100,99952,100,100639,100,99936,100,100901,100,99814,100,100929,100,98918,100,101033,100,98830,100
2019-06-28 09:52:41.001803101,100294,241,100237,100,100319,241,100125,341,100357,100,100124,285,100484,100,100108,100,100527,100,100031,100,100543,100,99953,100,100639,100,99952,100,100901,100,99936,100,100929,100,99814,100,101033,100,98918,100
2019-06-28 09:52:50.000000000,100294,382,100237,382,100319,100,100125,200,100357,100,100124,144,100484,100,100108,100,100527,100,100031,100,100543,100,99953,100,100639,100,99952,100,100901,100,99936,100,100929,100,99814,100,101033,100,98918,100
2019-06-28 09:53:00.000000000,100294,170,100237,170,100319,170,100125,270,100357,170,100124,214,100484,170,100108,170,100527,100,100031,100,100543,100,99953,100,100639,100,99952,100,100901,100,99936,100,100929,100,99814,100,101033,100,98918,100
2019-06-28 09:53:09.937924503,100294,70,100237,170,100319,170,100125,270,100357,170,100124,214,100484,170,100108,170,100527,100,100031,100,100543,100,99953,100,100639,100,99952,100,100901,100,99936,100,100929,100,99814,100,101033,100,98918,100
2019-06-28 09:53:10.000000000,100319,170,100237,170,100357,170,100125,270,100484,170,100124,214,100527,170,100108,170,100543,100,100031,100,100639,100,99953,100,100901,100,99952,100,100929,100,99936,100,101033,100,99814,100,101222,100,98918,100
2019-06-28 09:53:20.000000000,100319,241,100237,241,100357,241,100125,341,100484,100,100124,144,100527,100,100108,100,100543,100,100031,100,100639,100,99953,100,100901,100,99952,100,100929,100,99936,100,101033,100,99814,100,101222,100,98918,100
2019-06-28 09:53:29.151243612,100319,241,100237,241,100357,241,100125,341,100484,100,100124,144,100527,100,100108,100,100543,100,100031,100,100639,100,99953,100,100901,100,99952,100,100911,100,99936,100,100929,100,99814,100,101033,100,98918,100
2019-06-28 09:53:29.896482336,100319,241,100237,241,100357,241,100125,341,100484,100,100124,144,100543,100,100108,100,100639,100,100031,100,100901,100,99953,100,100911,100,99952,100,100922,100,99936,100,100929,100,99814,100,101033,100,98918,100
2019-06-28 09:53:30.000000000,100319,196,100237,196,100357,193,100125,293,100484,193,100124,237,100543,100,100108,100,100639,100,100031,100,100901,100,99953,100,100911,100,99952,100,100922,100,99936,100,100929,100,99814,100,101033,100,98918,100
2019-06-28 09:53:40.000000000,100319,241,100237,241,100357,241,100125,341,100484,100,100124,144,100543,100,100108,100,100639,100,100031,100,100901,100,99953,100,100911,100,99952,100,100922,100,99936,100,100929,100,99814,100,101033,100,98918,100
2019-06-28 09:53:47.923947348,100319,241,100238,100,100357,241,100237,241,100484,100,100125,341,100543,100,100124,144,100639,100,100108,100,100901,100,100031,100,100911,100,99953,100,100922,100,99952,100,100929,100,99936,100,101033,100,99814,100
2019-06-28 09:53:50.000000000,100319,241,100238,241,100357,241,100237,241,100484,100,100125,200,100543,100,100124,144,100639,100,100108,100,100901,100,100031,100,100911,100,99953,100,100922,100,99952,100,100929,100,99936,100,101033,100,99814,100
2019-06-28 09:53:50.046701965,100319,241,100238,341,100357,241,100237,241,100484,100,100125,200,100543,100,100124,144,100639,100,100108,100,100901,100,100031,100,100911,100,99953,100,100922,100,99952,100,100929,100,99936,100,101033,100,99814,100
2019-06-28 09:54:00.000000000,100319,156,100238,256,100357,156,100237,156,100484,156,100125,256,100543,156,100124,200,100639,156,100108,156,100901,100,100031,100,100911,100,99953,100,100922,100,99952,100,100929,100,99936,100,101033,100,99814,100
2019-06-28 09:54:10.000000000,100319,241,100238,341,100357,241,100237,241,100484,100,100125,200,100543,100,100124,144,100639,100,100108,100,100901,100,100031,100,100911,100,99953,100,100922,100,99952,100,100929,100,99936,100,101033,100,99814,100
2019-06-28 09:54:20.000000000,100319,196,100238,296,100357,193,100237,193,100484,193,100125,293,100543,100,100124,144,100639,100,100108,100,100901,100,100031,100,100911,100,99953,100,100922,100,99952,100,100929,100,99936,100,101033,100,99814,100
2019-06-28 09:54:20.620302685,100319,96,100238,296,100357,193,100237,193,100484,193,100125,293,100543,100,100124,144,100639,100,100108,100,100901,100,100031,100,100911,100,99953,100,100922,100,99952,100,100929,100,99936,100,101033,100,99814,100
2019-06-28 09:54:25.739026180,100357,193,100319,4,100484,193,100238,296,100543,100,100237,193,100639,100,100125,293,100901,100,100124,144,100911,100,100108,100,100922,100,100031,100,100929,100,99953,100,101033,100,99952,100,101222,100,99936,100
2019-06-28 09:54:25.966901273,100357,93,100319,4,100484,193,100238,296,100543,100,100237,193,100639,100,100125,293,100901,100,100124,144,100911,100,100108,100,100922,100,100031,100,100929,100,99953,100,101033,100,99952,100,101222,100,99936,100
2019-06-28 09:54:30.000000000,100484,382,100319,286,100543,100,100238,200,100639,100,100237,100,100901,100,100125,200,100911,100,100124,144,100922,100,100108,100,100929,100,100031,100,101033,100,99953,100,101222,100,99952,100,,,99936,100
2019-06-28 09:54:37.648904581,100484,282,100319,286,100543,100,100238,200,100639,100,100237,100,100901,100,100125,200,100911,100,100124,144,100922,100,100108,100,100929,100,100031,100,101222,100,99953,100,,,99952,100,,,99936,100
2019-06-28 09:54:40.000000000,100543,156,100319,60,100639,156,100238,256,100901,156,100237,156,100911,156,100125,256,100922,156,100124,200,100929,100,100108,100,101222,100,100031,100,,,99953,100,,,99952,100,,,99936,100
2019-06-28 09:54:50.000000000,100543,156,100319,60,100639,156,100238,256,100901,156,100237,156,100911,156,100125,256,100922,156,100124,200,100929,100,100108,100,101222,100,100031,100,,,99953,100,,,99952,100,,,99936,100
2019-06-28 09:55:00.000000000,100543,170,100319,74,100639,170,100238,270,100901,170,100237,170,100911,170,100125,270,100922,100,100124,144,100929,100,100108,100,101222,100,100031,100,,,99953,100,,,99952,100,,,99936,100
2019-06-28 09:55:04.322759250,100543,170,100319,74,100639,170,100238,270,100863,100,100237,170,100901,170,100125,270,100911,170,100124,144,100922,100,100108,100,100929,100,100031,100,101222,100,99953,100,,,99952,100,,,99936,100
2019-06-28 09:55:10.000000000,100543,241,100319,145,100639,241,100238,341,100863,100,100237,100,100901,100,100125,200,100911,100,100124,144,100922,100,100108,100,100929,100,100031,100,101222,100,99953,100,,,99952,100,,,99936,100
2019-06-28 09:55:17.638739759,100543,141,100319,145,100639,241,100238,341,100863,100,100237,100,100901,100,100125,200,100911,100,100124,144,100922,100,100108,100,100929,100,100031,100,101222,100,99953,100,,,99952,100,,,99936,100
2019-06-28 09:55:20.000000000,100639,241,100319,145,100863,241,100238,341,100901,100,100237,100,100911,100,100125,200,100922,100,100124,144,100929,100,100108,100,101222,100,100031,100,,,99953,100,,,99952,100,,,99936,100
2019-06-28 09:55:30.000000000,100639,196,100319,100,100863,193,100238,293,100901,193,100237,193,100911,100,100125,200,100922,100,100124,144,100929,100,100108,100,101222,100,100031,100,,,99953,100,,,99952,100,,,99936,100
2019-06-28 09:55:31.394580679,100639,96,100319,100,100863,193,100238,293,100901,193,100237,193,100911,100,100125,200,100922,100,100124,144,100929,100,100108,100,101222,100,100031,100,,,99953,100,,,99952,100,,,99936,100
2019-06-28 09:55:32.277533007,100863,193,100639,4,100901,193,100319,100,100911,100,100238,293,100922,100,100237,193,100929,100,100125,200,101222,100,100124,144,,,100108,100,,,100031,100,,,99953,100,,,99952,100
2019-06-28 09:55:40.000000000,100863,156,100639,60,100901,156,100319,60,100911,156,100238,256,100922,156,100237,156,100929,156,100125,256,101222,100,100124,144,,,100108,100,,,100031,100,,,99953,100,,,99952,100
2019-06-28 09:55:43.322107440,100801,100,100639,60,100863,156,100319,60,100901,156,100238,256,100911,156,100237,156,100922,156,100125,256,100929,156,100124,144,101222,100,100108,100,,,100031,100,,,99953,100,,,99952,100
2019-06-28 09:55:50.000000000,100801,382,100639,286,100863,100,100319,4,100901,100,100238,200,100911,100,100237,100,100922,100,100125,200,100929,100,100124,144,101222,100,100108,100,,,100031,100,,,99953,100,,,99952,100
2019-06-28 09:56:00.000000000,100801,382,100639,286,100863,100,100319,4,100901,100,100238,200,100911,100,100237,100,100922,100,100125,200,100929,100,100124,144,101222,100,100108,100,,,100031,100,,,99953,100,,,99952,100
2019-06-28 09:56:00.790598489,100801,382,100639,286,100863,100,100625,100,100901,100,100319,4,100911,100,100238,200,100922,100,100237,100,100929,100,100125,200,101222,100,100124,144,,,100108,100,,,100031,100,,,99953,100
2019-06-28 09:56:01.400817019,100801,382,100639,286,100863,100,100625,100,100901,100,100469,100,100911,100,100319,4,100922,100,100238,200,100929,100,100237,100,101222,100,100125,200,,,100124,144,,,100108,100,,,100031,100
2019-06-28 09:56:03.658139105,100801,382,100639,286,100863,100,100625,100,100901,100,100618,100,100911,100,100469,100,100922,100,100319,4,100929,100,100238,200,101222,100,100237,100,,,100125,200,,,100124,144,,,100108,100
2019-06-28 09:56:10.000000000,100801,170,100639,74,100863,170,100625,170,100901,170,100618,170,100911,170,100469,170,100922,100,100319,4,100929,100,100238,200,101222,100,100237,100,,,100125,200,,,100124,144,,,100108,100
2019-06-28 09:56:11.622943108,100639,26,100625,170,100801,170,100618,170,100863,170,100469,170,100901,170,100319,4,100911,170,100238,200,100922,100,100237,100,100929,100,100125,200,101222,100,100124,144,,,100108,100,,,100031,100
2019-06-28 09:56:20.000000000,100639,82,100625,156,100801,156,100618,156,100863,156,100469,156,100901,156,100319,60,100911,156,100238,256,100922,100,100237,100,100929,100,100125,200,101222,100,100124,144,,,100108,100,,,100031,100
2019-06-28 09:56:26.524651441,100639,82,100625,56,100801,156,100618,156,100863,156,100469,156,100901,156,100319,60,100911,156,100238,256,100922,100,100237,100,100929,100,100125,200,101222,100,100124,144,,,100108,100,,,100031,100
2019-06-28 09:56:30.000000000,100639,82,100618,156,100801,156,100469,156,100863,156,100319,60,100901,156,100238,256,100911,156,100237,156,100922,100,100125,200,100929,100,100124,144,101222,100,100108,100,,,100031,100,,,99953,100
2019-06-28 09:56:40.000000000,100639,167,100618,241,100801,241,100469,241,100863,100,100319,4,100901,100,100238,200,100911,100,100237,100,100922,100,100125,200,100929,100,100124,144,101222,100,100108,100,,,100031,100,,,99953,100
2019-06-28 09:56:50.000000000,100639,308,100618,382,100801,100,100469,100,100863,100,100319,4,100901,100,100238,200,100911,100,100237,100,100922,100,100125,200,100929,100,100124,144,101222,100,100108,100,,,100031,100,,,99953,100
2019-06-28 09:57:00.000000000,100639,96,100618,170,100801,170,100469,170,100863,170,100319,74,100901,170,100238,270,100911,100,100237,100,100922,100,100125,200,100929,100,100124,144,101222,100,100108,100,,,100031,100,,,99953,100
2019-06-28 09:57:10.000000000,100639,82,100618,156,100801,156,100469,156,100863,156,100319,60,100901,156,100238,256,100911,156,100237,156,100922,100,100125,200,100929,100,100124,144,101222,100,100108,100,,,100031,100,,,99953,100
2019-06-28 09:57:20.000000000,100639,82,100618,156,100801,156,100469,156,100863,156,100319,60,100901,156,100238,256,100911,156,100237,156,100922,100,100125,200,100929,100,100124,144,101222,100,100108,100,,,100031,100,,,99953,100
2019-06-28 09:57:25.798634812,100639,82,100618,156,100801,156,100469,156,100863,156,100319,60,100901,156,100238,256,100911,156,100237,156,100922,100,100125,200,100929,100,100124,144,102345,100,100108,100,,,100031,100,,,99953,100
2019-06-28 09:57:30.000000000,100639,122,100618,196,100801,193,100469,193,100863,193,100319,97,100901,100,100238,200,100911,100,100237,100,100922,100,100125,200,100929,100,100124,144,102345,100,100108,100,,,100031,100,,,99953,100
2019-06-28 09:57:40.000000000,100639,122,100618,196,100801,193,100469,193,100863,193,100319,97,100901,100,100238,200,100911,100,100237,100,100922,100,100125,200,100929,100,100124,144,102345,100,100108,100,,,100031,100,,,99953,100
2019-06-28 09:57:50.000000000,100639,96,100618,170,100801,170,100469,170,100863,170,100319,74,100901,170,100238,270,100911,100,100237,100,100922,100,100125,200,100929,100,100124,144,102345,100,100108,100,,,100031,100,,,99953,100
2019-06-28 09:58:00.000000000,100639,82,100618,156,100801,156,100469,156,100863,156,100319,60,100901,156,100238,256,100911,156,100237,156,100922,100,100125,200,100929,100,100124,144,102345,100,100108,100,,,100031,100,,,99953,100
2019-06-28 09:58:04.170729436,100639,82,100618,156,100801,156,100469,156,100863,156,100319,60,100901,156,100238,256,100911,156,100237,156,100922,100,100125,200,100929,100,100124,44,102345,100,100108,100,,,100031,100,,,99953,100
2019-06-28 09:58:10.000000000,100639,82,100618,156,100801,156,100469,156,100863,156,100319,60,100901,156,100238,256,100911,156,100237,156,100922,100,100125,200,100929,100,100124,44,102345,100,100108,100,,,100031,100,,,99953,100
2019-06-28 09:58:20.000000000,100639,167,100618,241,100801,241,100469,241,100863,100,100319,4,100901,100,100238,200,100911,100,100237,100,100922,100,100125,200,100929,100,100124,44,102345,100,100108,100,,,100031,100,,,99953,100
2019-06-28 09:58:28.154244427,100639,167,100618,241,100801,241,100469,241,100863,100,100319,4,100901,100,100238,200,100911,100,100237,100,100922,100,100125,200,100929,100,100124,44,102032,100,100108,100,102345,100,100031,100,,,99953,100
2019-06-28 09:58:30.000000000,100639,308,100618,382,100801,100,100469,100,100863,100,100319,4,100901,100,100238,200,100911,100,100237,100,100922,100,100125,200,100929,100,100124,44,102032,100,100108,100,102345,100,100031,100,,,99953,100
2019-06-28 09:58:38.769673381,100639,208,100618,382,100801,100,100469,100,100863,100,100319,4,100901,100,100238,200,100911,100,100237,100,100922,100,100125,200,100929,100,100124,44,102032,100,100108,100,102345,100,100031,100,,,99953,100
2019-06-28 09:58:40.000000000,100801,156,100618,156,100863,156,100469,156,100901,156,100319,60,100911,156,100238,256,100922,156,100237,156,100929,100,100125,200,102032,100,100124,44,102345,100,100108,100,,,100031,100,,,99953,100
2019-06-28 09:58:50.000000000,100801,241,100618,241,100863,241,100469,241,100901,100,100319,4,100911,100,100238,200,100922,100,100237,100,100929,100,100125,200,102032,100,100124,44,102345,100,100108,100,,,100031,100,,,99953,100
2019-06-28 09:59:00.000000000,100801,382,100618,382,100863,100,100469,100,100901,100,100319,4,100911,100,100238,200,100922,100,100237,100,100929,100,100125,200,102032,100,100124,44,102345,100,100108,100,,,100031,100,,,99953,100
2019-06-28 09:59:10.000000000,100801,156,100618,156,100863,156,100469,156,100901,156,100319,60,100911,156,100238,256,100922,156,100237,156,100929,100,100125,200,102032,100,100124,44,102345,100,100108,100,,,100031,100,,,99953,100
2019-06-28 09:59:17.570746496,100801,156,100626,100,100863,156,100618,156,100901,156,100469,156,100911,156,100319,60,100922,156,100238,256,100929,100,100237,156,102032,100,100125,200,102345,100,100124,44,,,100108,100,,,100031,100
2019-06-28 09:59:20.000000000,100801,156,100626,156,100863,156,100618,156,100901,156,100469,156,100911,156,100319,60,100922,156,100238,256,100929,100,100237,100,102032,100,100125,200,102345,100,100124,44,,,100108,100,,,100031,100
2019-06-28 09:59:29.218230820,100801,156,100626,156,100863,156,100618,156,100901,156,100469,156,100911,156,100319,60,100922,156,100238,256,100929,100,100237,100,102032,100,100125,200,102266,100,100124,44,102345,100,100108,100,,,100031,100
2019-06-28 09:59:30.000000000,100801,241,100626,241,100863,241,100618,241,100901,100,100469,100,100911,100,100319,4,100922,100,100238,200,100929,100,100237,100,102032,100,100125,200,102266,100,100124,44,102345,100,100108,100,,,100031,100
2019-06-28 09:59:33.895847461,100801,141,100626,241,100863,241,100618,241,100901,100,100469,100,100911,100,100319,4,100922,100,100238,200,100929,100,100237,100,102032,100,100125,200,102266,100,100124,44,102345,100,100108,100,,,100031,100
2019-06-28 09:59:36.016516017,100801,41,100626,241,100863,241,100618,241,100901,100,100469,100,100911,100,100319,4,100922,100,100238,200,100929,100,100237,100,102032,100,100125,200,102266,100,100124,44,102345,100,100108,100,,,100031,100
2019-06-28 09:59:40.000000000,100863,156,100626,156,100901,156,100618,156,100911,156,100469,156,100922,156,100319,60,100929,156,100238,256,102032,100,100237,100,102266,100,100125,200,102345,100,100124,44,,,100108,100,,,100031,100
2019-06-28 09:59:42.165770188,100863,156,100626,156,100901,156,100618,156,100911,156,100469,156,100922,156,100319,60,100929,156,100238,256,102032,100,100237,100,102108,100,100125,200,102266,100,100124,44,102345,100,100108,100,,,100031,100
2019-06-28 09:59:50.000000000,100863,170,100626,170,100901,170,100618,170,100911,170,100469,170,100922,170,100319,74,100929,100,100238,200,102032,100,100237,100,102108,100,100125,200,102266,100,100124,44,102345,100,100108,100,,,100031,100
2019-06-28 09:59:51.944175242,100863,170,100801,100,100901,170,100626,170,100911,170,100618,170,100922,170,100469,170,100929,100,100319,74,102032,100,100238,200,102108,100,100237,100,102266,100,100125,200,102345,100,100124,44,,,100108,100
2019-06-28 10:00:00.000000000,100863,170,100801,170,100901,170,100626,170,100911,170,100618,170,100922,170,100469,170,100929,100,100319,4,102032,100,100238,200,102108,100,100237,100,102266,100,100125,200,102345,100,100124,44,,,100108,100
2019-06-28 10:00:03.793083874,100863,70,100801,170,100901,170,100626,170,100911,170,100618,170,100922,170,100469,170,100929,100,100319,4,102032,100,100238,200,102108,100,100237,100,102266,100,100125,200,102345,100,100124,44,,,100108,100
2019-06-28 10:00:10.000000000,100901,170,100801,170,100911,170,100626,170,100922,170,100618,170,100929,170,100469,170,102032,100,100319,4,102108,100,100238,200,102266,100,100237,100,102345,100,100125,200,,,100124,44,,,100108,100
2019-06-28 10:00:12.828752597,100901,170,100801,170,100911,170,100626,170,100922,170,100618,170,100929,170,100469,170,102032,100,100319,4,102108,100,100238,200,102180,100,100237,100,102266,100,100125,200,102345,100,100124,44,,,100108,100
2019-06-28 10:00:20.000000000,100901,382,100801,382,100911,100,100626,100,100922,100,100618,100,100929,100,100469,100,102032,100,100319,4,102108,100,100238,200,102180,100,100237,100,102266,100,100125,200,102345,100,100124,44,,,100108,100
2019-06-28 10:00:30.000000000,100901,382,100801,382,100911,100,100626,100,100922,100,100618,100,100929,100,100469,100,102032,100,100319,4,102108,100,100238,200,102180,100,100237,100,102266,100,100125,200,102345,100,100124,44,,,100108,100
2019-06-28 10:00:40.000000000,100901,156,100801,156,100911,156,100626,156,100922,156,100618,156,100929,156,100469,156,102032,156,100319,60,102108,100,100238,200,102180,100,100237,100,102266,100,100125,200,102345,100,100124,44,,,100108,100
2019-06-28 10:00:50.000000000,100901,196,100801,196,100911,193,100626,193,100922,193,100618,193,100929,100,100469,100,102032,100,100319,4,102108,100,100238,200,102180,100,100237,100,102266,100,100125,200,102345,100,100124,44,,,100108,100
2019-06-28 10:00:51.046527200,100901,196,100801,196,100911,193,100626,193,100922,193,100618,193,100929,100,100469,100,101793,100,100319,4,102032,100,100238,200,102108,100,100237,100,102180,100,100125,200,102266,100,100124,44,102345,100,100108,100
2019-06-28 10:01:00.000000000,100901,170,100801,170,100911,170,100626,170,100922,170,100618,170,100929,170,100469,170,101793,100,100319,4,102032,100,100238,200,102108,100,100237,100,102180,100,100125,200,102266,100,100124,44,102345,100,100108,100
2019-06-28 10:01:03.926387835,100901,170,100801,170,100911,170,100626,170,100922,170,100618,170,100929,170,100469,170,101793,100,100319,4,101967,100,100238,200,102032,100,100237,100,102108,100,100125,200,102180,100,100124,44,102266,100,100108,100
2019-06-28 10:01:09.369052894,100901,70,100801,170,100911,170,100626,170,100922,170,100618,170,100929,170,100469,170,101793,100,100319,4,101967,100,100238,200,102032,100,100237,100,102180,100,100125,200,102266,100,100124,44,102345,100,100108,100
2019-06-28 10:01:10.000000000,100911,382,100801,382,100922,100,100626,100,100929,100,100618,100,101793,100,100469,100,101967,100,100319,4,102032,100,100238,200,102180,100,100237,100,102266,100,100125,200,102345,100,100124,44,,,100108,100
2019-06-28 10:01:20.000000000,100911,382,100801,382,100922,100,100626,100,100929,100,100618,100,101793,100,100469,100,101967,100,100319,4,102032,100,100238,200,102180,100,100237,100,102266,100,100125,200,102345,100,100124,44,,,100108,100
2019-06-28 10:01:26.171038661,100911,382,100863,100,100922,100,100801,382,100929,100,100626,100,101793,100,100618,100,101967,100,100469,100,102032,100,100319,4,102180,100,100238,100,102266,100,100237,100,102345,100,100125,200,,,100124,44
2019-06-28 10:01:30.000000000,100911,241,100863,241,100922,241,100801,241,100929,100,100626,100,101793,100,100618,100,101967,100,100469,100,102032,100,100319,4,102180,100,100238,100,102266,100,100237,100,102345,100,100125,200,,,100124,44
2019-06-28 10:01:37.937099222,100911,241,100863,241,100922,241,100801,241,100929,100,100626,100,101570,100,100618,100,101793,100,100469,100,101967,100,100319,4,102032,100,100238,100,102180,100,100237,100,102266,100,100125,200,102345,100,100124,44
2019-06-28 10:01:40.000000000,100911,241,100863,241,100922,241,100801,241,100929,100,100626,100,101570,100,100618,100,101793,100,100469,100,101967,100,100319,4,102032,100,100238,100,102180,100,100237,100,102266,100,100125,200,102345,100,100124,44
2019-06-28 10:01:50.000000000,100911,170,100863,170,100922,170,100801,170,100929,170,100626,170,101570,170,100618,170,101793,100,100469,100,101967,100,100319,4,102032,100,100238,100,102180,100,100237,100,102266,100,100125,200,102345,100,100124,44
2019-06-28 10:01:51.040696460,100911,70,100863,170,100922,170,100801,170,100929,170,100626,170,101570,170,100618,170,101793,100,100469,100,101967,100,100319,4,102032,100,100238,100,102180,100,100237,100,102266,100,100125,200,102345,100,100124,44
2019-06-28 10:02:00.000000000,100922,170,100863,170,100929,170,100801,170,101570,170,100626,170,101793,170,100618,170,101967,100,100469,100,102032,100,100319,4,102180,100,100238,100,102266,100,100237,100,102345,100,100125,200,,,100124,44
2019-06-28 10:02:10.000000000,100922,241,100863,241,100929,241,100801,241,101570,100,100626,100,101793,100,100618,100,101967,100,100469,100,102032,100,100319,4,102180,100,100238,100,102266,100,100237,100,102345,100,100125,200,,,100124,44
2019-06-28 10:02:20.000000000,100922,170,100863,170,100929,170,100801,170,101570,170,100626,170,101793,170,100618,170,101967,100,100469,100,102032,100,100319,4,102180,100,100238,100,102266,100,100237,100,102345,100,100125,200,,,100124,44
2019-06-28 10:02:20.234569777,100922,170,100863,170,100929,170,100801,170,101570,170,100626,170,101679,100,100618,170,101793,170,100469,100,101967,100,100319,4,102032,100,100238,100,102180,100,100237,100,102266,100,100125,200,102345,100,100124,44
2019-06-28 10:02:24.861104159,100922,170,100863,170,100929,170,100801,170,101570,170,100626,170,101679,100,100618,170,101793,170,100319,4,101920,100,100238,100,101967,100,100237,100,102032,100,100125,200,102180,100,100124,44,102266,100,100108,100
2019-06-28 10:02:30.000000000,100922,156,100863,156,100929,156,100801,156,101570,156,100626,156,101679,156,100618,156,101793,156,100319,60,101920,100,100238,100,101967,100,100237,100,102032,100,100125,200,102180,100,100124,44,102266,100,100108,100
2019-06-28 10:02:40.000000000,100922,170,100863,170,100929,170,100801,170,101570,170,100626,170,101679,170,100618,170,101793,100,100319,4,101920,100,100238,100,101967,100,100237,100,102032,100,100125,200,102180,100,100124,44,102266,100,100108,100
2019-06-28 10:02:50.000000000,100922,156,100863,156,100929,156,100801,156,101570,156,100626,156,101679,156,100618,156,101793,156,100319,60,101920,100,100238,100,101967,100,100237,100,102032,100,100125,200,102180,100,100124,44,102266,100,100108,100
2019-06-28 10:03:00.000000000,100922,170,100863,170,100929,170,100801,170,101570,170,100626,170,101679,170,100618,170,101793,100,100319,4,101920,100,100238,100,101967,100,100237,100,102032,100,100125,200,102180,100,100124,44,102266,100,100108,100
2019-06-28 10:03:01.135281822,100922,170,100863,170,100929,170,100801,170,101532,100,100626,170,101570,170,100618,170,101679,170,100319,4,101793,100,100238,100,101920,100,100237,100,101967,100,100125,200,102032,100,100124,44,102180,100,100108,100
2019-06-28 10:03:08.144020622,100922,170,100863,170,100929,170,100801,170,101532,100,100626,170,101570,170,100618,170,101679,170,100319,4,101787,100,100238,100,101793,100,100237,100,101920,100,100125,200,101967,100,100124,44,102032,100,100108,100
2019-06-28 10:03:10.000000000,100922,241,100863,241,100929,241,100801,241,101532,100,100626,100,101570,100,100618,100,101679,100,100319,4,101787,100,100238,100,101793,100,100237,100,101920,100,100125,200,101967,100,100124,44,102032,100,100108,100
2019-06-28 10:03:11.908916890,100922,141,100863,241,100929,241,100801,241,101532,100,100626,100,101570,100,100618,100,101679,100,100319,4,101787,100,100238,100,101793,100,100237,100,101920,100,100125,200,101967,100,100124,44,102032,100,100108,100
2019-06-28 10:03:20.000000000,100929,170,100863,170,101532,170,100801,170,101570,170,100626,170,101679,170,100618,170,101787,100,100319,4,101793,100,100238,100,101920,100,100237,100,101967,100,100125,200,102032,100,100124,44,102180,100,100108,100
2019-06-28 10:03:30.000000000,100929,196,100863,196,101532,193,100801,193,101570,193,100626,193,101679,100,100618,100,101787,100,100319,4,101793,100,100238,100,101920,100,100237,100,101967,100,100125,200,102032,100,100124,44,102180,100,100108,100
2019-06-28 10:03:40.000000000,100929,156,100863,156,101532,156,100801,156,101570,156,100626,156,101679,156,100618,156,101787,156,100319,60,101793,100,100238,100,101920,100,100237,100,101967,100,100125,200,102032,100,100124,44,102180,100,100108,100
2019-06-28 10:03:48.210571797,100929,56,100863,156,101532,156,100801,156,101570,156,100626,156,101679,156,100618,156,101787,156,100319,60,101793,100,100238,100,101920,100,100237,100,101967,100,100125,200,102032,100,100124,44,102180,100,100108,100
2019-06-28 10:03:50.000000000,101532,382,100863,382,101570,100,100801,100,101679,100,100626,100,101787,100,100618,100,101793,100,100319,4,101920,100,100238,100,101967,100,100237,100,102032,100,100125,200,102180,100,100124,44,102266,100,100108,100
2019-06-28 10:04:00.000000000,101532,170,100863,170,101570,170,100801,170,101679,170,100626,170,101787,170,100618,170,101793,100,100319,4,101920,100,100238,100,101967,100,100237,100,102032,100,100125,200,102180,100,100124,44,102266,100,100108,100
2019-06-28 10:04:10.000000000,101532,156,100863,156,101570,156,100801,156,101679,156,100626,156,101787,156,100618,156,101793,156,100319,60,101920,100,100238,100,101967,100,100237,100,102032,100,100125,200,102180,100,100124,44,102266,100,100108,100
2019-06-28 10:04:10.798032731,101532,56,100863,156,101570,156,100801,156,101679,156,100626,156,101787,156,100618,156,101793,156,100319,60,101920,100,100238,100,101967,100,100237,100,102032,100,100125,200,102180,100,100124,44,102266,100,100108,100
2019-06-28 10:04:12.164726766,101532,56,100863,156,101570,156,100801,156,101679,156,100626,156,101787,156,100618,156,101793,156,100319,60,101920,100,100238,100,101967,100,100237,100,102032,100,100125,100,102180,100,100124,44,102266,100,100108,100
2019-06-28 10:04:15.574291551,101570,156,101532,44,101679,156,100863,156,101787,156,100801,156,101793,156,100626,156,101920,100,100618,156,101967,100,100319,60,102032,100,100238,100,102180,100,100237,100,102266,100,100125,100,102345,100,100124,44
2019-06-28 10:04:17.647213885,101570,156,101532,44,101679,156,100863,156,101787,156,100801,156,101793,156,100626,156,101920,100,100618,156,101967,100,100319,60,102032,100,100238,100,102180,100,100237,100,102266,100,100125,100,102345,100,100124,44
2019-06-28 10:04:20.000000000,101570,170,101532,114,101679,170,100863,170,101787,170,100801,170,101793,170,100626,170,101920,100,100618,100,101967,100,100319,4,102032,100,100238,100,102180,100,100237,100,102266,100,100125,100,102345,100,100124,44
2019-06-28 10:04:20.314126214,101570,170,101532,214,101679,170,100863,170,101787,170,100801,170,101793,170,100626,170,101920,100,100618,100,101967,100,100319,4,102032,100,100238,100,102180,100,100237,100,102266,100,100124,44,102345,100,100108,100
2019-06-28 10:04:30.000000000,101570,382,101532,426,101679,100,100863,100,101787,100,100801,100,101793,100,100626,100,101920,100,100618,100,101967,100,100319,4,102032,100,100238,100,102180,100,100237,100,102266,100,100124,44,102345,100,100108,100
2019-06-28 10:04:40.000000000,101570,156,101532,200,101679,156,100863,156,101787,156,100801,156,101793,156,100626,156,101920,156,100618,156,101967,100,100319,4,102032,100,100238,100,102180,100,100237,100,102266,100,100124,44,102345,100,100108,100
2019-06-28 10:04:46.083297224,101570,56,101532,200,101679,156,100863,156,101787,156,100801,156,101793,156,100626,156,101920,156,100618,156,101967,100,100319,4,102032,100,100238,100,102180,100,100237,100,102266,100,100124,44,102345,100,100108,100
2019-06-28 10:04:48.779160442,101679,156,101570,44,101787,156,101532,200,101793,156,100863,156,101920,156,100801,156,101967,100,100626,156,102032,100,100618,156,102180,100,100319,4,102266,100,100238,100,102345,100,100237,100,102667,100,100124,44
2019-06-28 10:04:50.000000000,101679,156,101570,100,101787,156,101532,200,101793,156,100863,156,101920,156,100801,156,101967,156,100626,156,102032,100,100618,100,102180,100,100319,4,102266,100,100238,100,102345,100,100237,100,102667,100,100124,44
2019-06-28 10:04:50.015603595,101679,156,101570,100,101787,156,101532,200,101793,156,100863,156,101920,156,100801,156,101967,156,100626,156,102032,100,100618,100,102180,100,100319,4,102266,100,100238,100,102345,100,100237,100,102540,100,100124,44
2019-06-28 10:04:50.052866483,101679,156,101570,100,101787,156,101532,200,101793,156,100863,156,101920,156,100801,156,101967,156,100626,156,102032,100,100319,4,102180,100,100238,100,102266,100,100237,100,102345,100,100124,44,102540,100,100108,100
2019-06-28 10:05:00.000000000,101679,382,101570,326,101787,100,101532,144,101793,100,100863,100,101920,100,100801,100,101967,100,100626,100,102032,100,100319,4,102180,100,100238,100,102266,100,100237,100,102345,100,100124,44,102540,100,100108,100
2019-06-28 10:05:09.199790541,101679,382,101570,326,101787,100,101532,144,101793,100,100863,100,101920,100,100801,100,101967,100,100626,100,102032,100,100319,4,102180,100,100238,100,102266,100,100237,100,102345,100,100124,44,102540,100,100108,100
2019-06-28 10:05:10.000000000,101679,382,101570,326,101787,100,101532,144,101793,100,100863,100,101920,100,100801,100,101967,100,100626,100,102032,100,100319,4,102180,100,100238,100,102266,100,100237,100,102345,100,100124,44,102540,100,100108,100
2019-06-28 10:05:20.000000000,101679,382,101570,326,101787,100,101532,144,101793,100,100863,100,101920,100,100801,100,101967,100,100626,100,102032,100,100319,4,102180,100,100238,100,102266,100,100237,100,102345,100,100124,44,102540,100,100108,100
2019-06-28 10:05:21.598535274,101679,382,101570,326,101787,100,101532,144,101793,100,100863,100,101920,100,100801,100,101967,100,100626,100,102032,100,100319,4,102180,100,100238,100,102266,100,100237,100,102325,100,100124,44,102345,100,100108,100
2019-06-28 10:05:25.772009727,101679,282,101570,326,101787,100,101532,144,101793,100,100863,100,101920,100,100801,100,101967,100,100626,100,102032,100,100319,4,102180,100,100238,100,102325,100,100237,100,102345,100,100124,44,102540,100,100108,100
2019-06-28 10:05:30.000000000,101787,196,101570,140,101793,193,101532,237,101920,193,100863,193,101967,100,100801,100,102032,100,100626,100,102180,100,100319,4,102325,100,100238,100,102345,100,100237,100,102540,100,100124,44,102636,100,100108,100
2019-06-28 10:05:40.000000000,101787,196,101570,140,101793,193,101532,237,101920,193,100863,193,101967,100,100801,100,102032,100,100626,100,102180,100,100319,4,102325,100,100238,100,102345,100,100237,100,102540,100,100124,44,102636,100,100108,100
2019-06-28 10:05:50.000000000,101787,170,101570,114,101793,170,101532,214,101920,170,100863,170,101967,170,100801,170,102032,100,100626,100,102180,100,100319,4,102325,100,100238,100,102345,100,100237,100,102540,100,100124,44,102636,100,100108,100
2019-06-28 10:06:00.000000000,101787,196,101570,140,101793,193,101532,237,101920,193,100863,193,101967,100,100801,100,102032,100,100626,100,102180,100,100319,4,102325,100,100238,100,102345,100,100237,100,102540,100,100124,44,102636,100,100108,100
2019-06-28 10:06:10.000000000,101787,156,101570,100,101793,156,101532,200,101920,156,100863,156,101967,156,100801,156,102032,156,100626,156,102180,100,100319,4,102325,100,100238,100,102345,100,100237,100,102540,100,100124,44,102636,100,100108,100
2019-06-28 10:06:20.000000000,101787,196,101570,140,101793,193,101532,237,101920,193,100863,193,101967,100,100801,100,102032,100,100626,100,102180,100,100319,4,102325,100,100238,100,102345,100,100237,100,102540,100,100124,44,102636,100,100108,100
2019-06-28 10:06:20.658007050,101787,196,101571,100,101793,193,101570,140,101920,193,101532,237,101967,100,100863,193,102032,100,100801,100,102180,100,100626,100,102325,100,100319,4,102345,100,100238,100,102540,100,100237,100,102636,100,100124,44
2019-06-28 10:06:21.063588538,101787,196,101571,200,101793,193,101570,140,101920,193,101532,237,101967,100,100863,193,102032,100,100801,100,102180,100,100626,100,102325,100,100319,4,102345,100,100238,100,102540,100,100237,100,102636,100,100124,44
2019-06-28 10:06:23.159141058,101787,96,101571,200,101793,193,101570,140,101920,193,101532,237,101967,100,100863,193,102032,100,100801,100,102180,100,100626,100,102325,100,100319,4,102345,100,100238,100,102540,100,100237,100,102636,100,100124,44
2019-06-28 10:06:30.000000000,101793,241,101571,341,101920,241,101570,185,101967,100,101532,144,102032,100,100863,100,102180,100,100801,100,102325,100,100626,100,102345,100,100319,4,102540,100,100238,100,102636,100,100237,100,102667,100,100124,44
2019-06-28 10:06:38.460735513,101793,141,101571,341,101920,241,101570,185,101967,100,101532,144,102032,100,100863,100,102180,100,100801,100,102325,100,100626,100,102345,100,100319,4,102540,100,100238,100,102636,100,100237,100,102667,100,100124,44
2019-06-28 10:06:40.000000000,101920,170,101571,270,101967,170,101570,114,102032,170,101532,214,102180,170,100863,170,102325,100,100801,100,102345,100,100626,100,102540,100,100319,4,102636,100,100238,100,102667,100,100237,100,,,100124,44
2019-06-28 10:06:47.229730277,101920,170,101571,270,101967,170,101570,114,102032,170,101532,214,102180,170,100863,170,102295,100,100801,100,102325,100,100626,100,102345,100,100319,4,102540,100,100238,100,102636,100,100237,100,102667,100,100124,44
2019-06-28 10:06:50.000000000,101920,241,101571,341,101967,241,101570,185,102032,100,101532,144,102180,100,100863,100,102295,100,100801,100,102325,100,100626,100,102345,100,100319,4,102540,100,100238,100,102636,100,100237,100,102667,100,100124,44
