,ask_price_1,ask_size_1,bid_price_1,bid_size_1,ask_price_2,ask_size_2,bid_price_2,bid_size_2,ask_price_3,ask_size_3,bid_price_3,bid_size_3,ask_price_4,ask_size_4,bid_price_4,bid_size_4,ask_price_5,ask_size_5,bid_price_5,bid_size_5,ask_price_6,ask_size_6,bid_price_6,bid_size_6,ask_price_7,ask_size_7,bid_price_7,bid_size_7,ask_price_8,ask_size_8,bid_price_8,bid_size_8,ask_price_9,ask_size_9,bid_price_9,bid_size_9,ask_price_10,ask_size_10,bid_price_10,bid_size_10
2019-06-28 09:30:00.000000001,,,99970,100,,,,,,,,,,,,,,,,,,,,,,,,,,,,,,,,,,,,
2019-06-28 09:30:00.000000003,,,99970,100,,,99865,100,,,99860,100,,,,,,,,,,,,,,,,,,,,,,,,,,,,
2019-06-28 09:30:00.000000004,,,99970,100,,,99957,100,,,99865,100,,,99860,100,,,,,,,,,,,,,,,,,,,,,,,,
2019-06-28 09:30:00.000000005,100066,100,99970,100,,,99957,100,,,99865,100,,,99860,100,,,,,,,,,,,,,,,,,,,,,,,,
2019-06-28 09:30:00.000000007,100066,100,99970,100,100095,100,99957,100,,,99865,100,,,99860,100,,,,,,,,,,,,,,,,,,,,,,,,
2019-06-28 09:30:00.000000010,100066,100,99970,100,100095,100,99957,200,,,99865,100,,,99860,100,,,,,,,,,,,,,,,,,,,,,,,,
2019-06-28 09:30:00.000000011,100066,100,99990,100,100095,100,99970,100,,,99957,200,,,99865,100,,,99860,100,,,,,,,,,,,,,,,,,,,,
2019-06-28 09:30:00.000000013,100066,100,99990,100,100095,100,99980,100,,,99970,100,,,99957,200,,,99865,100,,,99860,100,,,,,,,,,,,,,,,,
2019-06-28 09:30:00.000000016,100066,100,99990,100,100095,100,99980,100,100129,100,99970,100,,,99957,200,,,99865,100,,,99860,100,,,,,,,,,,,,,,,,
2019-06-28 09:30:00.000000017,100066,100,99990,100,100095,100,99980,100,100129,100,99979,100,,,99970,100,,,99957,200,,,99865,100,,,99860,100,,,,,,,,,,,,
2019-06-28 09:30:00.000000018,100016,100,99990,100,100066,100,99980,100,100095,100,99979,100,100129,100,99970,100,,,99957,200,,,99865,100,,,99860,100,,,,,,,,,,,,
2019-06-28 09:30:00.000000022,100016,100,99990,100,100066,100,99980,100,100095,100,99979,100,100129,100,99970,100,,,99957,200,,,99938,100,,,99865,100,,,99860,100,,,,,,,,
2019-06-28 09:30:00.000000023,100016,100,99990,100,100066,100,99980,100,100073,100,99979,100,100095,100,99970,100,100129,100,99957,200,,,99938,100,,,99865,100,,,99860,100,,,,,,,,
2019-06-28 09:30:00.000000025,100016,100,99990,100,100066,100,99980,100,100073,100,99979,100,100087,100,99970,100,100095,100,99957,200,100129,100,99938,100,,,99865,100,,,99860,100,,,,,,,,
2019-06-28 09:30:00.000000027,100016,100,99990,100,100038,100,99980,100,100066,100,99979,100,100073,100,99970,100,100087,100,99957,200,100095,100,99938,100,100129,100,99865,100,,,99860,100,,,99848,100,,,,
2019-06-28 09:30:00.000000028,100016,100,99990,100,100038,100,99980,100,100066,100,99979,100,100073,100,99970,100,100087,100,99957,200,100095,100,99938,100,100129,100,99865,100,100138,100,99860,100,,,99848,100,,,,
2019-06-28 09:30:00.000000030,99998,100,99990,100,100016,100,99980,100,100038,100,99979,100,100066,100,99970,100,100073,100,99957,200,100087,100,99938,100,100095,100,99865,100,100125,100,99860,100,100129,100,99848,100,100138,100,,
2019-06-28 09:30:00.000000031,99998,100,99980,100,100016,100,99979,100,100038,100,99970,100,100066,100,99957,200,100073,100,99938,100,100087,100,99865,100,100095,100,99860,100,100125,100,99848,100,100129,100,,,100138,100,,
2019-06-28 09:30:00.000000033,99998,100,99980,100,100016,100,99979,100,100038,100,99970,100,100066,100,99957,200,100073,100,99938,100,100087,100,99877,100,100095,100,99865,100,100125,100,99860,100,100129,100,99848,100,100138,100,,
2019-06-28 09:30:00.000000037,99998,100,99980,100,100016,100,99979,100,100038,100,99970,100,100066,100,99957,200,100073,100,99938,100,100087,100,99877,100,100095,100,99865,100,100121,100,99860,100,100125,100,99848,100,100129,100,,
2019-06-28 09:30:00.000000039,100016,100,99980,100,100038,100,99979,100,100066,100,99970,100,100073,100,99957,200,100087,200,99938,100,100095,100,99877,100,100121,100,99865,100,100125,100,99860,100,100129,100,99848,100,100138,100,99763,100
2019-06-28 09:30:00.000000043,100016,100,99980,100,100038,100,99979,100,100066,100,99970,100,100073,100,99957,200,100087,200,99938,100,100095,100,99902,100,100121,100,99877,100,100125,100,99865,100,100129,100,99860,100,100138,100,99848,100
2019-06-28 09:30:00.000000045,100016,100,99980,100,100038,100,99979,100,100066,100,99970,100,100073,100,99957,200,100087,200,99938,100,100095,100,99908,100,100121,100,99902,100,100125,100,99877,100,100129,100,99865,100,100138,100,99860,100
2019-06-28 09:30:00.000000047,100016,100,99990,100,100038,100,99980,100,100066,100,99979,100,100073,100,99970,100,100087,200,99957,200,100095,100,99938,100,100121,100,99908,100,100125,100,99902,100,100129,100,99877,100,100138,100,99865,100
2019-06-28 09:30:00.000000048,100016,100,99990,100,100038,100,99980,100,100051,100,99979,100,100066,100,99970,100,100073,100,99957,200,100087,200,99938,100,100095,100,99931,100,100121,100,99908,100,100125,100,99902,100,100129,100,99877,100
2019-06-28 09:30:00.000000049,100016,100,99990,100,100038,100,99980,100,100051,100,99979,100,100066,100,99974,100,100073,100,99970,100,100087,200,99957,200,100095,100,99938,100,100121,100,99931,100,100125,100,99908,100,100129,100,99902,100
2019-06-28 09:30:00.000000051,100013,100,99990,100,100016,100,99980,100,100038,100,99979,100,100051,100,99974,100,100066,100,99970,100,100073,100,99957,200,100087,200,99938,100,100095,100,99931,100,100121,100,99908,100,100125,100,99902,100
2019-06-28 09:30:00.000000052,99992,100,99990,100,99998,100,99980,100,100013,100,99979,100,100016,100,99974,100,100038,100,99970,100,100051,100,99957,200,100066,100,99938,100,100073,100,99931,100,100087,200,99908,100,100095,100,99902,100
2019-06-28 09:30:00.000000054,99992,100,99990,200,99998,100,99980,100,100013,100,99979,100,100016,100,99974,100,100038,100,99970,100,100051,100,99957,200,100066,100,99938,100,100073,100,99931,100,100087,200,99908,100,100095,100,99902,100
2019-06-28 09:30:00.000000057,99992,100,99990,300,99998,100,99980,100,100013,100,99979,100,100016,100,99974,100,100038,100,99970,100,100051,100,99957,200,100066,100,99938,100,100073,100,99931,100,100087,200,99908,100,100095,100,99902,100
2019-06-28 09:30:00.000000058,99992,100,99990,300,99998,100,99980,100,100013,100,99979,100,100016,100,99974,100,100038,100,99970,100,100051,100,99957,200,100066,100,99939,100,100073,100,99938,100,100087,200,99931,100,100095,100,99908,100
2019-06-28 09:30:00.000000060,99992,100,99990,300,99998,100,99980,100,100013,100,99979,100,100016,100,99974,100,100038,100,99970,100,100051,100,99957,200,100066,200,99939,100,100073,100,99938,100,100087,200,99931,100,100095,100,99908,100
2019-06-28 09:30:00.000000062,99992,100,99990,300,99998,100,99980,100,100013,100,99979,100,100016,100,99974,100,100038,100,99970,100,100051,100,99957,200,100066,200,99939,100,100073,100,99938,100,100087,200,99931,100,100095,100,99908,100
2019-06-28 09:30:00.000000063,99992,100,99990,400,99998,100,99980,100,100013,100,99979,100,100016,100,99974,100,100038,100,99970,100,100044,100,99957,200,100051,100,99939,100,100066,200,99938,100,100073,100,99931,100,100087,200,99908,100
2019-06-28 09:30:00.000000068,99992,100,99990,400,99998,100,99980,100,100013,100,99979,100,100016,100,99974,100,100038,100,99970,100,100044,100,99957,200,100051,100,99939,100,100066,200,99938,100,100073,100,99931,200,100087,200,99908,100
2019-06-28 09:30:00.000000071,99992,100,99990,400,99998,100,99980,100,100013,100,99979,100,100016,100,99974,100,100021,100,99970,100,100038,100,99957,200,100044,100,99939,100,100051,100,99938,100,100066,200,99931,200,100073,100,99908,100
2019-06-28 09:30:00.000000073,99992,100,99990,400,99998,100,99980,100,100013,100,99979,100,100016,100,99974,100,100021,100,99970,100,100038,100,99957,200,100044,100,99939,100,100051,100,99938,100,100066,200,99931,200,100073,100,99908,100
2019-06-28 09:30:00.000000075,99992,100,99990,400,99998,100,99980,100,100013,100,99979,100,100016,100,99974,100,100021,100,99970,100,100038,100,99957,200,100044,100,99939,100,100050,100,99938,100,100051,100,99931,200,100066,200,99908,100
2019-06-28 09:30:00.000000076,99998,100,99990,400,100013,100,99980,100,100016,100,99979,100,100021,100,99974,100,100038,100,99970,100,100044,100,99957,200,100050,100,99939,100,100051,100,99938,100,100066,200,99931,200,100073,100,99908,100
2019-06-28 09:30:00.000000077,100013,100,99990,400,100016,100,99987,100,100021,100,99980,100,100038,100,99979,100,100044,100,99974,100,100050,100,99970,100,100051,100,99957,200,100066,200,99939,100,100073,100,99938,100,100087,200,99931,200
2019-06-28 09:30:00.000000078,99998,100,99992,100,100013,100,99990,400,100016,100,99987,100,100021,100,99980,100,100038,100,99979,100,100044,100,99977,100,100050,100,99974,100,100051,100,99970,100,100066,200,99966,100,100073,100,99957,200
2019-06-28 09:30:00.000000082,99998,100,99992,100,100013,100,99990,400,100016,100,99987,100,100021,100,99980,100,100038,100,99979,100,100044,100,99977,100,100050,100,99974,100,100051,100,99970,100,100066,200,99966,100,100073,100,99963,100
2019-06-28 09:30:00.000000086,99998,100,99992,100,100013,100,99990,400,100016,100,99987,100,100021,100,99980,100,100038,100,99979,100,100044,100,99977,100,100050,100,99974,100,100051,100,99970,100,100062,100,99966,100,100066,200,99963,100
2019-06-28 09:30:00.000000089,99998,100,99992,100,100013,100,99990,400,100016,100,99987,100,100021,100,99980,100,100038,100,99979,100,100044,100,99977,100,100050,100,99974,100,100051,100,99970,100,100062,100,99966,100,100066,200,99963,100
2019-06-28 09:30:00.000000090,99998,100,99992,200,100013,100,99990,400,100016,100,99987,100,100021,100,99980,100,100038,100,99979,100,100044,100,99977,100,100050,100,99974,100,100051,100,99970,100,100062,100,99966,100,100066,200,99963,100
2019-06-28 09:30:00.000000095,99998,100,99992,200,100013,100,99990,400,100016,100,99987,100,100021,100,99980,100,100038,100,99979,100,100044,100,99977,100,100050,100,99974,100,100051,100,99970,100,100062,100,99966,100,100066,200,99963,100
2019-06-28 09:30:00.000000097,99998,100,99992,100,100013,100,99990,400,100016,100,99987,100,100021,100,99980,100,100038,100,99979,100,100044,100,99977,100,100050,100,99974,100,100051,100,99970,100,100062,100,99966,100,100066,200,99963,100
2019-06-28 09:30:06.509145874,99998,100,99992,100,100013,100,99990,400,100016,100,99987,100,100021,100,99980,100,100038,100,99979,100,100044,100,99974,100,100050,100,99970,100,100051,100,99966,100,100062,100,99963,100,100066,200,99957,200
2019-06-28 09:30:06.912958462,99998,100,99992,100,100013,100,99990,400,100016,100,99987,100,100021,100,99980,100,100038,100,99979,100,100044,100,99974,100,100050,100,99970,100,100051,100,99966,100,100062,100,99963,100,100066,200,99957,200
2019-06-28 09:30:09.561607420,99998,100,99992,100,100013,100,99990,400,100016,100,99987,100,100021,100,99980,100,100038,100,99979,100,100044,100,99974,100,100050,100,99970,100,100051,100,99966,100,100062,100,99963,100,100066,200,99957,100
2019-06-28 09:30:10.000000000,99998,426,99992,426,100013,100,99990,400,100016,100,99987,100,100021,100,99980,100,100038,100,99979,100,100044,100,99974,100,100050,100,99970,100,100051,100,99966,100,100062,100,99963,100,100066,200,99957,100
2019-06-28 09:30:10.317980128,99997,100,99992,426,99998,426,99990,400,100013,100,99987,100,100016,100,99980,100,100021,100,99979,100,100038,100,99974,100,100044,100,99970,100,100050,100,99966,100,100051,100,99963,100,100062,100,99957,100
2019-06-28 09:30:20.000000000,99997,182,99992,182,99998,182,99990,482,100013,182,99987,182,100016,182,99980,182,100021,100,99979,100,100038,100,99974,100,100044,100,99970,100,100050,100,99966,100,100051,100,99963,100,100062,100,99957,100
2019-06-28 09:30:20.732326906,99997,182,99992,182,99998,182,99990,482,100013,182,99987,182,100016,182,99980,182,100021,100,99979,100,100038,100,99974,100,100044,100,99970,100,100050,100,99966,100,100051,100,99963,100,100062,100,99957,100
2019-06-28 09:30:30.000000000,99997,165,99992,165,99998,165,99990,465,100013,165,99987,165,100016,165,99980,165,100021,165,99979,165,100038,100,99974,100,100044,100,99970,100,100050,100,99966,100,100051,100,99963,100,100062,100,99957,100
2019-06-28 09:30:34.490041782,99997,165,99992,165,99998,165,99990,465,100013,165,99987,165,100016,165,99980,165,100021,165,99979,165,100044,100,99974,100,100050,100,99970,100,100051,100,99966,100,100062,100,99963,100,100066,200,99957,100
2019-06-28 09:30:40.000000000,99997,211,99992,211,99998,208,99990,508,100013,208,99987,208,100016,100,99980,100,100021,100,99979,100,100044,100,99974,100,100050,100,99970,100,100051,100,99966,100,100062,100,99963,100,100066,200,99957,100
2019-06-28 09:30:40.938630384,99997,211,99992,211,99998,208,99990,508,100013,208,99987,208,100016,100,99980,100,100021,100,99979,100,100044,100,99974,100,100050,100,99966,100,100051,100,99963,100,100062,100,99957,100,100066,200,99948,100
2019-06-28 09:30:45.601539426,99997,211,99992,211,99998,208,99990,508,100013,208,99987,208,100016,100,99980,100,100021,100,99974,100,100044,100,99966,100,100050,100,99963,100,100051,100,99957,100,100062,100,99948,100,100066,200,99939,100
2019-06-28 09:30:50.000000000,99997,211,99992,211,99998,208,99990,508,100013,208,99987,208,100016,100,99980,100,100021,100,99974,100,100044,100,99966,100,100050,100,99963,100,100051,100,99957,100,100062,100,99948,100,100066,200,99939,100
2019-06-28 09:30:51.757763552,99997,111,99992,211,99998,208,99990,508,100013,208,99987,208,100016,100,99980,100,100021,100,99974,100,100044,100,99966,100,100050,100,99963,100,100051,100,99957,100,100062,100,99948,100,100066,200,99939,100
2019-06-28 09:31:00.000000000,99998,165,99992,165,100013,165,99990,465,100016,165,99987,165,100021,165,99980,165,100044,165,99974,165,100050,100,99966,100,100051,100,99963,100,100062,100,99957,100,100066,200,99948,100,100087,100,99939,100
2019-06-28 09:31:10.000000000,99998,426,99992,426,100013,100,99990,400,100016,100,99987,100,100021,100,99980,100,100044,100,99974,100,100050,100,99966,100,100051,100,99963,100,100062,100,99957,100,100066,200,99948,100,100087,100,99939,100
2019-06-28 09:31:16.452832603,99998,326,99992,426,100013,100,99990,400,100016,100,99987,100,100021,100,99980,100,100044,100,99974,100,100050,100,99966,100,100051,100,99963,100,100062,100,99957,100,100066,200,99948,100,100087,100,99939,100
2019-06-28 09:31:20.000000000,100013,165,99992,165,100016,165,99990,465,100021,165,99987,165,100044,165,99980,165,100050,165,99974,165,100051,100,99966,100,100062,100,99963,100,100066,200,99957,100,100087,100,99948,100,100095,100,99939,100
2019-06-28 09:31:30.000000000,100013,263,99992,263,100016,263,99990,563,100021,100,99987,100,100044,100,99980,100,100050,100,99974,100,100051,100,99966,100,100062,100,99963,100,100066,200,99957,100,100087,100,99948,100,100095,100,99939,100
2019-06-28 09:31:40.000000000,100013,426,99992,426,100016,100,99990,400,100021,100,99987,100,100044,100,99980,100,100050,100,99974,100,100051,100,99966,100,100062,100,99963,100,100066,200,99957,100,100087,100,99948,100,100095,100,99939,100
2019-06-28 09:31:48.188694655,100013,426,99997,100,100016,100,99992,426,100021,100,99990,400,100044,100,99987,100,100050,100,99980,100,100051,100,99974,100,100062,100,99966,100,100066,200,99963,100,100087,100,99957,100,100095,100,99948,100
2019-06-28 09:31:50.000000000,100013,165,99997,165,100016,165,99992,165,100021,165,99990,465,100044,165,99987,165,100050,165,99980,165,100051,100,99974,100,100062,100,99966,100,100066,200,99963,100,100087,100,99957,100,100095,100,99948,100
2019-06-28 09:31:55.944540807,100013,165,99997,165,100016,165,99992,165,100021,165,99990,465,100044,165,99987,165,100050,165,99980,165,100051,100,99974,100,100062,100,99966,100,100066,200,99963,100,100087,100,99957,100,100095,100,99948,100
2019-06-28 09:32:00.000000000,100013,211,99997,211,100016,208,99992,208,100021,208,99990,508,100044,100,99987,100,100050,100,99980,100,100051,100,99974,100,100062,100,99966,100,100066,200,99963,100,100087,100,99957,100,100095,100,99948,100
2019-06-28 09:32:10.000000000,100013,165,99997,165,100016,165,99992,165,100021,165,99990,465,100044,165,99987,165,100050,165,99980,165,100051,100,99974,100,100062,100,99966,100,100066,200,99963,100,100087,100,99957,100,100095,100,99948,100
2019-06-28 09:32:20.000000000,100013,263,99997,263,100016,263,99992,263,100021,100,99990,400,100044,100,99987,100,100050,100,99980,100,100051,100,99974,100,100062,100,99966,100,100066,200,99963,100,100087,100,99957,100,100095,100,99948,100
2019-06-28 09:32:21.698115458,100013,163,99997,263,100016,263,99992,263,100021,100,99990,400,100044,100,99987,100,100050,100,99980,100,100051,100,99974,100,100062,100,99966,100,100066,200,99963,100,100095,100,99957,100,100110,100,99948,100
2019-06-28 09:32:30.000000000,100016,182,99997,182,100021,182,99992,182,100044,182,99990,482,100050,182,99987,182,100051,100,99980,100,100062,100,99974,100,100066,200,99966,100,100095,100,99963,100,100110,100,99957,100,100119,100,99948,100
2019-06-28 09:32:40.000000000,100016,263,99997,263,100021,263,99992,263,100044,100,99990,400,100050,100,99987,100,100051,100,99980,100,100062,100,99974,100,100066,200,99966,100,100095,100,99963,100,100110,100,99957,100,100119,100,99948,100
2019-06-28 09:32:49.233228672,100016,163,99997,263,100021,263,99992,263,100044,100,99990,400,100050,100,99987,100,100051,100,99980,100,100062,100,99974,100,100066,200,99966,100,100095,100,99963,100,100110,100,99957,100,100119,100,99948,100
2019-06-28 09:32:50.000000000,100021,263,99997,263,100044,263,99992,263,100050,100,99990,400,100051,100,99987,100,100062,100,99980,100,100066,200,99974,100,100095,100,99966,100,100110,100,99963,100,100119,100,99957,100,100121,100,99948,100
2019-06-28 09:32:52.382297553,100021,163,99997,263,100044,263,99992,263,100050,100,99990,400,100051,100,99987,100,100062,100,99980,100,100066,200,99974,100,100095,100,99966,100,100110,100,99963,100,100119,100,99957,100,100121,100,99948,100
2019-06-28 09:32:59.973698287,100021,163,100016,100,100044,263,99997,263,100050,100,99992,263,100051,100,99990,400,100062,100,99987,100,100066,200,99980,100,100095,100,99974,100,100110,100,99966,100,100119,100,99963,100,100121,100,99957,100
2019-06-28 09:33:00.000000000,100044,182,100016,182,100050,182,99997,182,100051,182,99992,182,100062,182,99990,482,100066,200,99987,100,100095,100,99980,100,100110,100,99974,100,100119,100,99966,100,100121,100,99963,100,100125,100,99957,100
2019-06-28 09:33:10.000000000,100044,211,100016,211,100050,208,99997,208,100051,208,99992,208,100062,100,99990,400,100066,200,99987,100,100095,100,99980,100,100110,100,99974,100,100119,100,99966,100,100121,100,99963,100,100125,100,99957,100
2019-06-28 09:33:16.950440406,100044,211,100016,111,100050,208,99997,208,100051,208,99992,208,100062,100,99990,400,100066,200,99987,100,100095,100,99980,100,100110,100,99974,100,100119,100,99966,100,100121,100,99963,100,100125,100,99957,100
2019-06-28 09:33:20.000000000,100044,426,99997,426,100050,100,99992,100,100051,100,99990,400,100062,100,99987,100,100066,200,99980,100,100095,100,99974,100,100110,100,99966,100,100119,100,99963,100,100121,100,99957,100,100125,100,99948,100
2019-06-28 09:33:29.926513490,100044,326,99997,426,100050,100,99992,100,100051,100,99990,400,100062,100,99987,100,100066,200,99980,100,100095,100,99974,100,100110,100,99966,100,100119,100,99963,100,100121,100,99957,100,100125,100,99948,100
2019-06-28 09:33:30.000000000,100050,182,99997,182,100051,182,99992,182,100062,182,99990,482,100066,282,99987,182,100095,100,99980,100,100110,100,99974,100,100119,100,99966,100,100121,100,99963,100,100125,100,99957,100,100129,100,99948,100
2019-06-28 09:33:37.022973030,100050,182,99997,182,100051,182,99992,182,100062,182,99990,482,100066,282,99987,182,100095,100,99980,100,100110,100,99974,100,100119,100,99966,100,100121,100,99963,100,100125,100,99957,100,100129,100,99948,100
2019-06-28 09:33:40.000000000,100050,165,99997,165,100051,165,99992,165,100062,165,99990,465,100066,265,99987,165,100095,165,99980,165,100110,100,99974,100,100119,100,99966,100,100121,100,99963,100,100125,100,99957,100,100129,100,99948,100
2019-06-28 09:33:48.731182168,100050,65,99997,165,100051,165,99992,165,100062,165,99990,465,100066,265,99987,165,100095,165,99980,165,100110,100,99974,100,100119,100,99966,100,100121,100,99963,100,100125,100,99957,100,100129,100,99939,100
2019-06-28 09:33:50.000000000,100051,165,99997,165,100062,165,99992,165,100066,265,99990,465,100095,165,99987,165,100110,165,99980,165,100119,100,99974,100,100121,100,99966,100,100125,100,99963,100,100129,100,99957,100,100131,100,99939,100
2019-06-28 09:33:52.108848972,100051,165,100044,100,100062,165,99997,165,100066,265,99992,165,100095,165,99990,465,100110,165,99987,165,100119,100,99980,165,100121,100,99974,100,100125,100,99966,100,100129,100,99963,100,100131,100,99957,100
2019-06-28 09:33:53.960569637,100051,65,100044,100,100062,165,99997,165,100066,265,99992,165,100095,165,99990,465,100110,165,99987,165,100119,100,99980,165,100121,100,99974,100,100125,100,99966,100,100129,100,99963,100,100131,100,99957,100
2019-06-28 09:34:00.000000000,100062,165,100044,165,100066,265,99997,165,100095,165,99992,165,100110,165,99990,465,100119,165,99987,165,100121,100,99980,100,100125,100,99974,100,100129,100,99966,100,100131,100,99963,100,100138,100,99957,100
2019-06-28 09:34:07.301508522,100062,65,100044,165,100066,265,99997,165,100095,165,99992,165,100110,165,99990,465,100119,165,99987,165,100121,100,99980,100,100125,100,99974,100,100129,100,99966,100,100131,100,99963,100,100138,100,99957,100
2019-06-28 09:34:10.000000000,100066,265,100044,165,100095,165,99997,165,100110,165,99992,165,100119,165,99990,465,100121,165,99987,165,100125,100,99980,100,100129,100,99974,100,100131,100,99966,100,100138,100,99963,100,100139,100,99957,100
2019-06-28 09:34:18.035176689,100066,265,100051,100,100095,165,100044,165,100110,165,99997,165,100119,165,99992,165,100121,165,99990,365,100125,100,99987,165,100129,100,99980,100,100131,100,99974,100,100138,100,99966,100,100139,100,99963,100
2019-06-28 09:34:20.000000000,100066,265,100051,165,100095,165,100044,165,100110,165,99997,165,100119,165,99992,165,100121,165,99990,365,100125,100,99987,100,100129,100,99980,100,100131,100,99974,100,100138,100,99966,100,100139,100,99963,100
2019-06-28 09:34:30.000000000,100066,311,100051,211,100095,208,100044,208,100110,208,99997,208,100119,100,99992,100,100121,100,99990,300,100125,100,99987,100,100129,100,99980,100,100131,100,99974,100,100138,100,99966,100,100139,100,99963,100
2019-06-28 09:34:34.820468732,100066,211,100051,211,100095,208,100044,208,100110,208,99997,208,100119,100,99992,100,100121,100,99990,300,100125,100,99987,100,100129,100,99980,100,100131,100,99974,100,100138,100,99966,100,100139,100,99963,100
2019-06-28 09:34:40.000000000,100066,165,100051,165,100095,165,100044,165,100110,165,99997,165,100119,165,99992,165,100121,165,99990,365,100125,100,99987,100,100129,100,99980,100,100131,100,99974,100,100138,100,99966,100,100139,100,99963,100
2019-06-28 09:34:41.484483713,100066,65,100051,165,100095,165,100044,165,100110,165,99997,165,100119,165,99992,165,100121,165,99990,365,100125,100,99987,100,100129,100,99980,100,100131,100,99966,100,100138,100,99963,100,100139,100,99957,100
2019-06-28 09:34:50.000000000,100095,263,100051,263,100110,263,100044,263,100119,100,99997,100,100121,100,99992,100,100125,100,99990,300,100129,100,99987,100,100131,100,99980,100,100138,100,99966,100,100139,100,99963,100,100147,100,99957,100
2019-06-28 09:34:59.785914783,100095,263,100051,263,100110,263,100044,263,100119,100,99997,100,100121,100,99992,100,100125,100,99990,300,100129,100,99987,100,100131,100,99980,100,100138,100,99966,100,100139,100,99963,100,100147,100,99957,100
2019-06-28 09:35:00.000000000,100095,263,100051,263,100110,263,100044,263,100119,100,99997,100,100121,100,99992,100,100125,100,99990,300,100129,100,99987,100,100131,100,99980,100,100138,100,99966,100,100139,100,99963,100,100147,100,99957,100
2019-06-28 09:35:01.569533014,100095,263,100051,263,100110,263,100044,263,100119,100,99997,100,100121,100,99992,100,100125,100,99990,300,100129,100,99987,100,100131,100,99980,100,100138,100,99963,100,100139,100,99957,100,100147,100,99939,100
2019-06-28 09:35:09.136389054,100095,263,100066,100,100110,263,100051,263,100119,100,100044,163,100121,100,99997,100,100125,100,99992,100,100129,100,99990,300,100131,100,99987,100,100138,100,99980,100,100139,100,99963,100,100147,100,99957,100
2019-06-28 09:35:10.000000000,100095,263,100066,263,100110,263,100051,263,100119,100,99997,100,100121,100,99992,100,100125,100,99990,300,100129,100,99987,100,100131,100,99980,100,100138,100,99963,100,100139,100,99957,100,100147,100,99939,100
2019-06-28 09:35:20.000000000,100095,211,100066,211,100110,208,100051,208,100119,208,99997,208,100121,100,99992,100,100125,100,99990,300,100129,100,99987,100,100131,100,99980,100,100138,100,99963,100,100139,100,99957,100,100147,100,99939,100
2019-06-28 09:35:27.330871293,100095,211,100066,311,100110,208,100051,208,100119,208,99997,208,100121,100,99992,100,100125,100,99990,300,100129,100,99987,100,100131,100,99980,100,100138,100,99963,100,100139,100,99957,100,100147,100,99939,100
2019-06-28 09:35:30.000000000,100095,263,100066,363,100110,263,100051,263,100119,100,99997,100,100121,100,99992,100,100125,100,99990,300,100129,100,99987,100,100131,100,99980,100,100138,100,99963,100,100139,100,99957,100,100147,100,99939,100
2019-06-28 09:35:38.391878492,100095,263,100066,363,100110,263,100051,263,100119,100,99997,100,100121,100,99992,100,100125,100,99990,300,100129,100,99987,100,100131,100,99980,100,100138,100,99963,100,100139,100,99957,100,100147,100,99939,100
2019-06-28 09:35:40.000000000,100095,426,100066,526,100110,100,100051,100,100119,100,99997,100,100121,100,99992,100,100125,100,99990,300,100129,100,99987,100,100131,100,99980,100,100138,100,99963,100,100139,100,99957,100,100147,100,99939,100
2019-06-28 09:35:50.000000000,100095,182,100066,282,100110,182,100051,182,100119,182,99997,182,100121,182,99992,182,100125,100,99990,300,100129,100,99987,100,100131,100,99980,100,100138,100,99963,100,100139,100,99957,100,100147,100,99939,100
2019-06-28 09:35:52.113729386,100095,182,100066,282,100110,182,100051,182,100119,182,99997,182,100121,182,99992,182,100125,100,99990,300,100129,100,99987,100,100131,100,99980,100,100138,100,99963,100,100139,100,99957,100,100147,100,99939,100
2019-06-28 09:36:00.000000000,100095,263,100066,363,100110,263,100051,263,100119,100,99997,100,100121,100,99992,100,100125,100,99990,300,100129,100,99987,100,100131,100,99980,100,100138,100,99963,100,100139,100,99957,100,100147,100,99939,100
2019-06-28 09:36:10.000000000,100095,211,100066,311,100110,208,100051,208,100119,208,99997,208,100121,100,99992,100,100125,100,99990,300,100129,100,99987,100,100131,100,99980,100,100138,100,99963,100,100139,100,99957,100,100147,100,99939,100
2019-06-28 09:36:20.000000000,100095,165,100066,265,100110,165,100051,165,100119,165,99997,165,100121,165,99992,165,100125,165,99990,365,100129,100,99987,100,100131,100,99980,100,100138,100,99963,100,100139,100,99957,100,100147,100,99939,100
2019-06-28 09:36:30.000000000,100095,211,100066,311,100110,208,100051,208,100119,208,99997,208,100121,100,99992,100,100125,100,99990,300,100129,100,99987,100,100131,100,99980,100,100138,100,99963,100,100139,100,99957,100,100147,100,99939,100
2019-06-28 09:36:40.000000000,100095,182,100066,282,100110,182,100051,182,100119,182,99997,182,100121,182,99992,182,100125,100,99990,300,100129,100,99987,100,100131,100,99980,100,100138,100,99963,100,100139,100,99957,100,100147,100,99939,100
2019-06-28 09:36:50.000000000,100095,182,100066,282,100110,182,100051,182,100119,182,99997,182,100121,182,99992,182,100125,100,99990,300,100129,100,99987,100,100131,100,99980,100,100138,100,99963,100,100139,100,99957,100,100147,100,99939,100
2019-06-28 09:37:00.000000000,100095,165,100066,265,100110,165,100051,165,100119,165,99997,165,100121,165,99992,165,100125,165,99990,365,100129,100,99987,100,100131,100,99980,100,100138,100,99963,100,100139,100,99957,100,100147,100,99939,100
2019-06-28 09:37:02.707089566,100095,165,100066,365,100110,165,100051,165,100119,165,99997,65,100121,165,99992,165,100125,165,99990,365,100129,100,99987,100,100131,100,99980,100,100138,100,99963,100,100139,100,99957,100,100147,100,99939,100
2019-06-28 09:37:10.000000000,100095,211,100066,411,100110,208,100051,208,100119,208,99992,208,100121,100,99990,300,100125,100,99987,100,100129,100,99980,100,100131,100,99963,100,100138,100,99957,100,100139,100,99939,100,100147,100,99938,100
2019-06-28 09:37:20.000000000,100095,211,100066,411,100110,208,100051,208,100119,208,99992,208,100121,100,99990,300,100125,100,99987,100,100129,100,99980,100,100131,100,99963,100,100138,100,99957,100,100139,100,99939,100,100147,100,99938,100
2019-06-28 09:37:30.000000000,100095,211,100066,411,100110,208,100051,208,100119,208,99992,208,100121,100,99990,300,100125,100,99987,100,100129,100,99980,100,100131,100,99963,100,100138,100,99957,100,100139,100,99939,100,100147,100,99938,100
2019-06-28 09:37:38.829344607,100095,211,100066,511,100110,208,100051,208,100119,208,99992,208,100121,100,99990,300,100125,100,99987,100,100129,100,99980,100,100131,100,99963,100,100138,100,99957,100,100139,100,99939,100,100147,100,99938,100
2019-06-28 09:37:40.000000000,100095,182,100066,482,100110,182,100051,182,100119,182,99992,182,100121,182,99990,382,100125,100,99987,100,100129,100,99980,100,100131,100,99963,100,100138,100,99957,100,100139,100,99939,100,100147,100,99938,100
2019-06-28 09:37:50.000000000,100095,426,100066,726,100110,100,100051,100,100119,100,99992,100,100121,100,99990,300,100125,100,99987,100,100129,100,99980,100,100131,100,99963,100,100138,100,99957,100,100139,100,99939,100,100147,100,99938,100
2019-06-28 09:38:00.000000000,100095,426,100066,726,100110,100,100051,100,100119,100,99992,100,100121,100,99990,300,100125,100,99987,100,100129,100,99980,100,100131,100,99963,100,100138,100,99957,100,100139,100,99939,100,100147,100,99938,100
2019-06-28 09:38:10.000000000,100095,263,100066,563,100110,263,100051,263,100119,100,99992,100,100121,100,99990,300,100125,100,99987,100,100129,100,99980,100,100131,100,99963,100,100138,100,99957,100,100139,100,99939,100,100147,100,99938,100
2019-06-28 09:38:16.084892787,100095,163,100066,563,100110,263,100051,263,100119,100,99992,100,100121,100,99990,300,100125,100,99987,100,100129,100,99980,100,100131,100,99963,100,100138,100,99957,100,100139,100,99939,100,100147,100,99938,100
2019-06-28 09:38:20.000000000,100110,165,100066,465,100119,165,100051,165,100121,165,99992,165,100125,165,99990,365,100129,165,99987,165,100131,100,99980,100,100138,100,99963,100,100139,100,99957,100,100147,100,99939,100,100155,100,99938,100
2019-06-28 09:38:25.916995510,100110,165,100067,100,100119,165,100066,465,100121,165,100051,165,100125,165,99992,165,100129,165,99990,365,100131,100,99987,165,100138,100,99980,100,100139,100,99963,100,100147,100,99957,100,100155,100,99939,100
2019-06-28 09:38:30.000000000,100110,426,100067,426,100119,100,100066,400,100121,100,100051,100,100125,100,99992,100,100129,100,99990,300,100131,100,99987,100,100138,100,99980,100,100139,100,99963,100,100147,100,99957,100,100155,100,99939,100
2019-06-28 09:38:32.407736242,100110,326,100067,426,100121,100,100066,400,100125,100,100051,100,100129,100,99992,100,100131,100,99990,300,100138,100,99987,100,100139,100,99980,100,100147,100,99963,100,100155,100,99957,100,100160,100,99939,100
2019-06-28 09:38:40.000000000,100121,426,100067,426,100125,100,100066,400,100129,100,100051,100,100131,100,99992,100,100138,100,99990,300,100139,100,99987,100,100147,100,99980,100,100155,100,99963,100,100160,100,99957,100,100192,100,99939,100
2019-06-28 09:38:50.000000000,100121,182,100067,182,100125,182,100066,482,100129,182,100051,182,100131,182,99992,182,100138,100,99990,300,100139,100,99987,100,100147,100,99980,100,100155,100,99963,100,100160,100,99957,100,100192,100,99939,100
2019-06-28 09:38:57.059148708,100121,182,100095,100,100125,182,100067,182,100129,182,100066,382,100131,182,100051,182,100138,100,99992,182,100139,100,99990,300,100147,100,99987,100,100155,100,99980,100,100160,100,99963,100,100192,100,99957,100
2019-06-28 09:39:00.000000000,100121,182,100095,182,100125,182,100067,182,100129,182,100066,382,100131,182,100051,182,100138,100,99992,100,100139,100,99990,300,100147,100,99987,100,100155,100,99980,100,100160,100,99963,100,100192,100,99957,100
2019-06-28 09:39:00.190394925,100121,82,100095,182,100125,182,100067,182,100129,182,100066,382,100131,182,100051,182,100138,100,99992,100,100139,100,99990,300,100147,100,99987,100,100155,100,99980,100,100160,100,99963,100,100192,100,99957,100
2019-06-28 09:39:02.552286385,100125,182,100121,18,100129,182,100095,182,100131,182,100067,182,100138,100,100066,382,100139,100,100051,182,100147,100,99992,100,100155,100,99990,300,100160,100,99987,100,100192,100,99980,100,100208,100,99963,100
2019-06-28 09:39:05.226223970,100125,82,100121,18,100129,182,100095,182,100131,182,100067,182,100138,100,100066,382,100139,100,100051,182,100147,100,99992,100,100155,100,99990,300,100160,100,99987,100,100192,100,99980,100,100208,100,99963,100
2019-06-28 09:39:05.573928902,100129,182,100125,18,100131,182,100121,18,100138,100,100095,182,100139,100,100067,182,100147,100,100066,382,100155,100,100051,182,100160,100,99992,100,100192,100,99990,300,100208,100,99987,100,100322,100,99980,100
2019-06-28 09:39:10.000000000,100129,263,100125,181,100131,263,100121,181,100138,100,100095,100,100139,100,100067,100,100147,100,100066,300,100155,100,100051,100,100160,100,99992,100,100192,100,99990,300,100208,100,99987,100,100322,100,99980,100
2019-06-28 09:39:16.591699263,100129,263,100125,181,100131,263,100121,181,100138,100,100095,100,100139,100,100067,100,100147,100,100066,300,100155,100,100051,100,100160,100,99992,100,100192,100,99990,200,100208,100,99987,100,100322,100,99980,100
2019-06-28 09:39:20.000000000,100129,426,100125,344,100131,100,100121,18,100138,100,100095,100,100139,100,100067,100,100147,100,100066,300,100155,100,100051,100,100160,100,99992,100,100192,100,99990,200,100208,100,99987,100,100322,100,99980,100
2019-06-28 09:39:30.000000000,100129,426,100125,344,100131,100,100121,18,100138,100,100095,100,100139,100,100067,100,100147,100,100066,300,100155,100,100051,100,100160,100,99992,100,100192,100,99990,200,100208,100,99987,100,100322,100,99980,100
2019-06-28 09:39:40.000000000,100129,165,100125,83,100131,165,100121,83,100138,165,100095,165,100139,165,100067,165,100147,165,100066,365,100155,100,100051,100,100160,100,99992,100,100192,100,99990,200,100208,100,99987,100,100322,100,99980,100
2019-06-28 09:39:49.838947135,100129,65,100125,83,100131,165,100121,83,100138,165,100095,165,100139,165,100067,165,100147,165,100066,365,100155,100,100051,100,100160,100,99992,100,100192,100,99990,200,100208,100,99987,100,100322,100,99980,100
2019-06-28 09:39:50.000000000,100131,211,100125,129,100138,208,100121,126,100139,208,100095,208,100147,100,100067,100,100155,100,100066,300,100160,100,100051,100,100192,100,99992,100,100208,100,99990,200,100322,100,99987,100,100403,100,99980,100
2019-06-28 09:39:51.551294307,100131,111,100125,129,100138,208,100121,126,100139,208,100095,208,100147,100,100067,100,100155,100,100066,300,100160,100,100051,100,100192,100,99992,100,100208,100,99990,200,100322,100,99987,100,100403,100,99980,100
2019-06-28 09:40:00.000000000,100138,165,100125,83,100139,165,100121,83,100147,165,100095,165,100155,165,100067,165,100160,165,100066,365,100192,100,100051,100,100208,100,99992,100,100322,100,99990,200,100403,100,99987,100,100601,100,99980,100
2019-06-28 09:40:10.000000000,100138,165,100125,83,100139,165,100121,83,100147,165,100095,165,100155,165,100067,165,100160,165,100066,365,100192,100,100051,100,100208,100,99992,100,100322,100,99990,200,100403,100,99987,100,100601,100,99980,100
2019-06-28 09:40:20.000000000,100138,165,100125,83,100139,165,100121,83,100147,165,100095,165,100155,165,100067,165,100160,165,100066,365,100192,100,100051,100,100208,100,99992,100,100322,100,99990,200,100403,100,99987,100,100601,100,99980,100
2019-06-28 09:40:30.000000000,100138,211,100125,129,100139,208,100121,126,100147,208,100095,208,100155,100,100067,100,100160,100,100066,300,100192,100,100051,100,100208,100,99992,100,100322,100,99990,200,100403,100,99987,100,100601,100,99980,100
2019-06-28 09:40:40.000000000,100138,165,100125,83,100139,165,100121,83,100147,165,100095,165,100155,165,100067,165,100160,165,100066,365,100192,100,100051,100,100208,100,99992,100,100322,100,99990,200,100403,100,99987,100,100601,100,99980,100
2019-06-28 09:40:40.070689852,100138,165,100125,83,100139,165,100121,83,100147,165,100095,165,100155,165,100067,165,100160,165,100066,365,100192,100,100051,100,100208,100,99992,100,100266,100,99990,200,100322,100,99987,100,100403,100,99980,100
2019-06-28 09:40:49.920338249,100138,65,100125,83,100139,165,100121,83,100147,165,100095,165,100155,165,100067,165,100160,165,100066,365,100192,100,100051,100,100208,100,99992,100,100266,100,99990,200,100322,100,99987,100,100601,100,99980,100
2019-06-28 09:40:50.000000000,100139,182,100125,100,100147,182,100121,100,100155,182,100095,182,100160,182,100067,182,100192,100,100066,300,100208,100,100051,100,100266,100,99992,100,100322,100,99990,200,100601,100,99987,100,100634,100,99980,100
2019-06-28 09:40:50.069733664,100139,182,100125,100,100147,182,100121,100,100155,182,100095,182,100160,182,100067,182,100192,100,100066,300,100208,100,100051,100,100266,100,99992,100,100322,100,99990,200,100407,100,99987,100,100601,100,99980,100
2019-06-28 09:41:00.000000000,100139,165,100125,83,100147,165,100121,83,100155,165,100095,165,100160,165,100067,165,100192,165,100066,365,100208,100,100051,100,100266,100,99992,100,100322,100,99990,200,100407,100,99987,100,100601,100,99980,100
2019-06-28 09:41:03.829883994,100139,65,100125,83,100147,165,100121,83,100155,165,100095,165,100160,165,100067,165,100192,165,100066,365,100208,100,100051,100,100266,100,99992,100,100322,100,99990,200,100407,100,99987,100,100601,100,99980,100
2019-06-28 09:41:04.041550295,100139,65,100125,83,100147,165,100121,83,100155,165,100095,165,100160,165,100067,165,100192,165,100066,365,100208,100,100051,100,100266,100,99992,100,100322,100,99990,200,100407,100,99987,100,100601,100,99963,100
2019-06-28 09:41:10.000000000,100147,426,100125,344,100155,100,100121,18,100160,100,100095,100,100192,100,100067,100,100208,100,100066,300,100266,100,100051,100,100322,100,99992,100,100407,100,99990,200,100601,100,99987,100,100634,100,99963,100
2019-06-28 09:41:11.124092489,100147,326,100125,344,100155,100,100121,18,100160,100,100095,100,100192,100,100067,100,100208,100,100066,300,100266,100,100051,100,100322,100,99992,100,100407,100,99990,200,100601,100,99987,100,100634,100,99963,100
2019-06-28 09:41:20.000000000,100155,182,100125,100,100160,182,100121,100,100192,182,100095,182,100208,182,100067,182,100266,100,100066,300,100322,100,100051,100,100407,100,99992,100,100601,100,99990,200,100634,100,99987,100,100771,100,99963,100
2019-06-28 09:41:30.000000000,100155,182,100125,100,100160,182,100121,100,100192,182,100095,182,100208,182,100067,182,100266,100,100066,300,100322,100,100051,100,100407,100,99992,100,100601,100,99990,200,100634,100,99987,100,100771,100,99963,100
2019-06-28 09:41:32.302007308,100155,82,100125,100,100160,182,100121,100,100192,182,100095,182,100208,182,100067,182,100266,100,100066,300,100322,100,100051,100,100407,100,99992,100,100601,100,99990,200,100634,100,99987,100,100771,100,99963,100
2019-06-28 09:41:40.000000000,100160,263,100125,181,100192,263,100121,181,100208,100,100095,100,100266,100,100067,100,100322,100,100066,300,100407,100,100051,100,100601,100,99992,100,100634,100,99990,200,100771,100,99987,100,100773,100,99963,100
2019-06-28 09:41:43.100792933,100160,263,100147,100,100192,263,100125,181,100208,100,100121,181,100266,100,100095,100,100322,100,100067,100,100407,100,100066,300,100601,100,100051,100,100634,100,99992,100,100771,100,99990,200,100773,100,99987,100
2019-06-28 09:41:45.397118446,100160,263,100150,100,100192,263,100147,100,100208,100,100125,181,100266,100,100121,181,100322,100,100095,100,100407,100,100067,100,100601,100,100066,300,100634,100,100051,100,100771,100,99992,100,100773,100,99990,200
2019-06-28 09:41:50.000000000,100160,165,100150,165,100192,165,100147,165,100208,165,100125,83,100266,165,100121,83,100322,165,100095,165,100407,100,100067,100,100601,100,100066,300,100634,100,100051,100,100771,100,99992,100,100773,100,99990,200
2019-06-28 09:42:00.000000000,100160,211,100150,211,100192,208,100147,208,100208,208,100125,126,100266,100,100121,18,100322,100,100095,100,100407,100,100067,100,100601,100,100066,300,100634,100,100051,100,100771,100,99992,100,100773,100,99990,200
2019-06-28 09:42:10.000000000,100160,211,100150,211,100192,208,100147,208,100208,208,100125,126,100266,100,100121,18,100322,100,100095,100,100407,100,100067,100,100601,100,100066,300,100634,100,100051,100,100771,100,99992,100,100773,100,99990,200
2019-06-28 09:42:20.000000000,100160,211,100150,211,100192,208,100147,208,100208,208,100125,126,100266,100,100121,18,100322,100,100095,100,100407,100,100067,100,100601,100,100066,300,100634,100,100051,100,100771,100,99992,100,100773,100,99990,200
2019-06-28 09:42:30.000000000,100160,211,100150,211,100192,208,100147,208,100208,208,100125,126,100266,100,100121,18,100322,100,100095,100,100407,100,100067,100,100601,100,100066,300,100634,100,100051,100,100771,100,99992,100,100773,100,99990,200
2019-06-28 09:42:33.975307654,100160,211,100150,211,100192,208,100147,308,100208,208,100125,126,100266,100,100121,18,100322,100,100095,100,100407,100,100067,100,100601,100,100066,300,100634,100,100051,100,100771,100,99992,100,100773,100,99990,200
2019-06-28 09:42:37.178523548,100160,211,100150,211,100192,208,100147,408,100208,208,100125,126,100266,100,100121,18,100322,100,100095,100,100407,100,100067,100,100601,100,100066,300,100634,100,100051,100,100771,100,99992,100,100773,100,99990,200
2019-06-28 09:42:40.000000000,100160,165,100150,165,100192,165,100147,365,100208,165,100125,83,100266,165,100121,83,100322,165,100095,165,100407,100,100067,100,100601,100,100066,300,100634,100,100051,100,100771,100,99992,100,100773,100,99990,200
2019-06-28 09:42:50.000000000,100160,182,100150,182,100192,182,100147,382,100208,182,100125,100,100266,182,100121,100,100322,100,100095,100,100407,100,100067,100,100601,100,100066,300,100634,100,100051,100,100771,100,99992,100,100773,100,99990,200
2019-06-28 09:43:00.000000000,100160,426,100150,426,100192,100,100147,300,100208,100,100125,18,100266,100,100121,18,100322,100,100095,100,100407,100,100067,100,100601,100,100066,300,100634,100,100051,100,100771,100,99992,100,100773,100,99990,200
2019-06-28 09:43:03.690877940,100160,426,100150,426,100192,100,100147,400,100208,100,100125,18,100266,100,100121,18,100322,100,100095,100,100407,100,100067,100,100601,100,100066,300,100634,100,100051,100,100771,100,99992,100,100773,100,99990,100
2019-06-28 09:43:10.000000000,100160,426,100150,426,100192,100,100147,400,100208,100,100125,18,100266,100,100121,18,100322,100,100095,100,100407,100,100067,100,100601,100,100066,300,100634,100,100051,100,100771,100,99992,100,100773,100,99990,100
2019-06-28 09:43:17.743246803,100160,326,100150,426,100192,100,100147,400,100208,100,100125,18,100266,100,100121,18,100322,100,100095,100,100407,100,100067,100,100601,100,100066,300,100634,100,100051,100,100771,100,99992,100,100773,100,99990,100
2019-06-28 09:43:20.000000000,100192,263,100150,263,100208,263,100147,563,100266,100,100125,18,100322,100,100121,18,100407,100,100095,100,100601,100,100067,100,100634,100,100066,300,100771,100,100051,100,100773,100,99992,100,100836,100,99990,100
2019-06-28 09:43:20.094304600,100192,263,100150,263,100208,163,100147,563,100266,100,100125,18,100322,100,100121,18,100407,100,100095,100,100481,100,100067,100,100601,100,100066,300,100634,100,100051,100,100771,100,99992,100,100773,100,99990,100
2019-06-28 09:43:23.392820402,100192,163,100150,263,100208,163,100147,563,100266,100,100125,18,100322,100,100121,18,100407,100,100095,100,100481,100,100067,100,100601,100,100066,300,100634,100,100051,100,100771,100,99992,100,100773,100,99990,100
2019-06-28 09:43:28.730372232,100192,163,100150,263,100208,163,100147,563,100266,100,100125,18,100322,100,100121,18,100407,100,100095,100,100481,100,100067,100,100593,100,100066,300,100601,100,100051,100,100634,100,99992,100,100771,100,99990,100
2019-06-28 09:43:30.000000000,100266,263,100150,263,100322,263,100147,563,100407,100,100125,18,100481,100,100121,18,100593,100,100095,100,100601,100,100067,100,100634,100,100066,300,100771,100,100051,100,100773,100,99992,100,100836,100,99990,100
2019-06-28 09:43:35.558148457,100266,263,100160,100,100322,263,100150,263,100407,100,100147,563,100481,100,100125,18,100593,100,100121,18,100601,100,100095,100,100634,100,100067,100,100771,100,100066,300,100773,100,100051,100,100836,100,99992,100
2019-06-28 09:43:40.000000000,100266,426,100160,426,100322,100,100150,100,100407,100,100147,400,100481,100,100125,18,100593,100,100121,18,100601,100,100095,100,100634,100,100067,100,100771,100,100066,300,100773,100,100051,100,100836,100,99992,100
2019-06-28 09:43:41.732158909,100266,426,100160,426,100322,100,100150,100,100407,100,100147,400,100481,100,100125,18,100568,100,100121,18,100593,100,100095,100,100601,100,100067,100,100634,100,100066,300,100771,100,100051,100,100773,100,99992,100
2019-06-28 09:43:50.000000000,100266,182,100160,182,100322,182,100150,182,100407,182,100147,482,100481,182,100125,100,100568,100,100121,18,100593,100,100095,100,100601,100,100067,100,100634,100,100066,300,100771,100,100051,100,100773,100,99992,100
2019-06-28 09:44:00.000000000,100266,263,100160,263,100322,263,100150,263,100407,100,100147,400,100481,100,100125,18,100568,100,100121,18,100593,100,100095,100,100601,100,100067,100,100634,100,100066,300,100771,100,100051,100,100773,100,99992,100
2019-06-28 09:44:10.000000000,100266,426,100160,426,100322,100,100150,100,100407,100,100147,400,100481,100,100125,18,100568,100,100121,18,100593,100,100095,100,100601,100,100067,100,100634,100,100066,300,100771,100,100051,100,100773,100,99992,100
2019-06-28 09:44:13.862131974,100266,426,100160,526,100322,100,100150,100,100407,100,100147,400,100481,100,100125,18,100568,100,100121,18,100593,100,100095,100,100601,100,100067,100,100634,100,100066,300,100771,100,100051,100,100773,100,99992,100
2019-06-28 09:44:20.000000000,100266,182,100160,282,100322,182,100150,182,100407,182,100147,482,100481,182,100125,100,100568,100,100121,18,100593,100,100095,100,100601,100,100067,100,100634,100,100066,300,100771,100,100051,100,100773,100,99992,100
2019-06-28 09:44:30.000000000,100266,211,100160,311,100322,208,100150,208,100407,208,100147,508,100481,100,100125,18,100568,100,100121,18,100593,100,100095,100,100601,100,100067,100,100634,100,100066,300,100771,100,100051,100,100773,100,99992,100
2019-06-28 09:44:40.000000000,100266,426,100160,526,100322,100,100150,100,100407,100,100147,400,100481,100,100125,18,100568,100,100121,18,100593,100,100095,100,100601,100,100067,100,100634,100,100066,300,100771,100,100051,100,100773,100,99992,100
2019-06-28 09:44:41.900137255,100266,426,100160,526,100322,100,100150,100,100407,100,100147,400,100481,100,100125,18,100568,100,100121,18,100593,100,100095,100,100601,100,100075,100,100634,100,100067,100,100771,100,100066,300,100773,100,100051,100
2019-06-28 09:44:50.000000000,100266,182,100160,282,100322,182,100150,182,100407,182,100147,482,100481,182,100125,100,100568,100,100121,18,100593,100,100095,100,100601,100,100075,100,100634,100,100067,100,100771,100,100066,300,100773,100,100051,100
2019-06-28 09:45:00.000000000,100266,263,100160,363,100322,263,100150,263,100407,100,100147,400,100481,100,100125,18,100568,100,100121,18,100593,100,100095,100,100601,100,100075,100,100634,100,100067,100,100771,100,100066,300,100773,100,100051,100
2019-06-28 09:45:01.172942051,100266,263,100160,363,100322,263,100150,263,100407,100,100147,400,100481,100,100132,100,100568,100,100125,18,100593,100,100121,18,100601,100,100095,100,100634,100,100075,100,100771,100,100067,100,100773,100,100066,300
2019-06-28 09:45:10.000000000,100266,211,100160,311,100322,208,100150,208,100407,208,100147,508,100481,100,100132,100,100568,100,100125,18,100593,100,100121,18,100601,100,100095,100,100634,100,100075,100,100771,100,100067,100,100773,100,100066,300
2019-06-28 09:45:20.000000000,100266,263,100160,363,100322,263,100150,263,100407,100,100147,400,100481,100,100132,100,100568,100,100125,18,100593,100,100121,18,100601,100,100095,100,100634,100,100075,100,100771,100,100067,100,100773,100,100066,300
2019-06-28 09:45:30.000000000,100266,165,100160,265,100322,165,100150,165,100407,165,100147,465,100481,165,100132,165,100568,165,100125,83,100593,100,100121,18,100601,100,100095,100,100634,100,100075,100,100771,100,100067,100,100773,100,100066,300
2019-06-28 09:45:38.837271759,100266,165,100160,265,100322,165,100150,165,100407,65,100147,465,100481,165,100132,165,100568,165,100125,83,100593,100,100121,18,100601,100,100095,100,100634,100,100075,100,100771,100,100067,100,100773,100,100066,300
2019-06-28 09:45:40.000000000,100266,426,100160,526,100322,100,100150,100,100481,100,100147,400,100568,100,100132,100,100593,100,100125,18,100601,100,100121,18,100634,100,100095,100,100771,100,100075,100,100773,100,100067,100,100836,100,100066,300
2019-06-28 09:45:50.000000000,100266,426,100160,526,100322,100,100150,100,100481,100,100147,400,100568,100,100132,100,100593,100,100125,18,100601,100,100121,18,100634,100,100095,100,100771,100,100075,100,100773,100,100067,100,100836,100,100066,300
2019-06-28 09:46:00.000000000,100266,211,100160,311,100322,208,100150,208,100481,208,100147,508,100568,100,100132,100,100593,100,100125,18,100601,100,100121,18,100634,100,100095,100,100771,100,100075,100,100773,100,100067,100,100836,100,100066,300
2019-06-28 09:46:04.556257894,100266,211,100160,311,100322,108,100150,208,100481,208,100147,508,100568,100,100132,100,100593,100,100125,18,100601,100,100121,18,100634,100,100095,100,100771,100,100075,100,100773,100,100067,100,100836,100,100066,300
2019-06-28 09:46:10.000000000,100266,211,100160,311,100481,208,100150,208,100568,208,100147,508,100593,100,100132,100,100601,100,100125,18,100634,100,100121,18,100771,100,100095,100,100773,100,100075,100,100836,100,100067,100,100867,100,100066,300
2019-06-28 09:46:20.000000000,100266,263,100160,363,100481,263,100150,263,100568,100,100147,400,100593,100,100132,100,100601,100,100125,18,100634,100,100121,18,100771,100,100095,100,100773,100,100075,100,100836,100,100067,100,100867,100,100066,300
2019-06-28 09:46:26.573034558,100266,263,100160,363,100481,263,100150,263,100568,100,100147,400,100593,100,100132,100,100601,100,100125,18,100634,100,100095,100,100771,100,100075,100,100773,100,100067,100,100836,100,100066,300,100867,100,100051,100
2019-06-28 09:46:30.000000000,100266,165,100160,265,100481,165,100150,165,100568,165,100147,465,100593,165,100132,165,100601,165,100125,83,100634,100,100095,100,100771,100,100075,100,100773,100,100067,100,100836,100,100066,300,100867,100,100051,100
2019-06-28 09:46:40.000000000,100266,182,100160,282,100481,182,100150,182,100568,182,100147,482,100593,182,100132,182,100601,100,100125,18,100634,100,100095,100,100771,100,100075,100,100773,100,100067,100,100836,100,100066,300,100867,100,100051,100
2019-06-28 09:46:47.470324412,100266,182,100160,182,100481,182,100150,182,100568,182,100147,482,100593,182,100132,182,100601,100,100125,18,100634,100,100095,100,100771,100,100075,100,100773,100,100067,100,100867,100,100066,300,,,100051,100
2019-06-28 09:46:50.000000000,100266,211,100160,211,100481,208,100150,208,100568,208,100147,508,100593,100,100132,100,100601,100,100125,18,100634,100,100095,100,100771,100,100075,100,100773,100,100067,100,100867,100,100066,300,,,100051,100
2019-06-28 09:46:55.153394021,100191,100,100160,211,100266,211,100150,208,100481,208,100147,508,100568,208,100132,100,100593,100,100125,18,100601,100,100095,100,100634,100,100075,100,100771,100,100067,100,100773,100,100066,300,100867,100,100051,100
2019-06-28 09:47:00.000000000,100191,426,100160,426,100266,100,100150,100,100481,100,100147,400,100568,100,100132,100,100593,100,100125,18,100601,100,100095,100,100634,100,100075,100,100771,100,100067,100,100773,100,100066,300,100867,100,100051,100
2019-06-28 09:47:08.056905558,100191,426,100160,326,100266,100,100150,100,100481,100,100147,400,100568,100,100132,100,100593,100,100125,18,100601,100,100095,100,100634,100,100075,100,100771,100,100067,100,100773,100,100066,300,100867,100,100051,100
2019-06-28 09:47:10.000000000,100191,211,100150,211,100266,208,100147,508,100481,208,100132,208,100568,100,100125,18,100593,100,100095,100,100601,100,100075,100,100634,100,100067,100,100771,100,100066,300,100773,100,100051,100,100867,100,99963,100
2019-06-28 09:47:20.000000000,100191,211,100150,211,100266,208,100147,508,100481,208,100132,208,100568,100,100125,18,100593,100,100095,100,100601,100,100075,100,100634,100,100067,100,100771,100,100066,300,100773,100,100051,100,100867,100,99963,100
2019-06-28 09:47:24.177452231,100160,100,100150,211,100191,211,100147,508,100266,208,100132,208,100481,208,100125,18,100568,100,100095,100,100593,100,100075,100,100601,100,100067,100,100634,100,100066,300,100771,100,100051,100,100773,100,99963,100
2019-06-28 09:47:30.000000000,100160,263,100150,263,100191,263,100147,563,100266,100,100132,100,100481,100,100125,18,100568,100,100095,100,100593,100,100075,100,100601,100,100067,100,100634,100,100066,300,100771,100,100051,100,100773,100,99963,100
2019-06-28 09:47:40.000000000,100160,263,100150,263,100191,263,100147,563,100266,100,100132,100,100481,100,100125,18,100568,100,100095,100,100593,100,100075,100,100601,100,100067,100,100634,100,100066,300,100771,100,100051,100,100773,100,99963,100
2019-06-28 09:47:49.894780465,100160,363,100150,263,100191,263,100147,563,100266,100,100132,100,100481,100,100125,18,100568,100,100095,100,100593,100,100075,100,100601,100,100067,100,100634,100,100066,300,100771,100,100051,100,100773,100,99963,100
2019-06-28 09:47:50.000000000,100160,526,100150,426,100191,100,100147,400,100266,100,100132,100,100481,100,100125,18,100568,100,100095,100,100593,100,100075,100,100601,100,100067,100,100634,100,100066,300,100771,100,100051,100,100773,100,99963,100
2019-06-28 09:47:59.011054588,100160,526,100150,426,100191,100,100147,400,100266,100,100132,100,100481,100,100125,18,100568,100,100095,100,100593,100,100075,100,100601,100,100067,100,100634,100,100066,300,100771,100,100051,100,100773,100,99963,100
2019-06-28 09:48:00.000000000,100160,526,100150,426,100191,100,100147,400,100266,100,100132,100,100481,100,100125,18,100568,100,100095,100,100593,100,100075,100,100601,100,100067,100,100634,100,100066,300,100771,100,100051,100,100773,100,99963,100
2019-06-28 09:48:08.857685433,100160,526,100150,426,100191,100,100147,400,100266,100,100132,100,100481,100,100125,18,100568,100,100095,100,100593,100,100075,100,100601,100,100067,100,100634,100,100066,300,100771,100,100051,100,100773,100,99963,100
2019-06-28 09:48:10.000000000,100160,282,100150,182,100191,182,100147,482,100266,182,100132,182,100481,182,100125,100,100568,100,100095,100,100593,100,100075,100,100601,100,100067,100,100634,100,100066,300,100771,100,100051,100,100773,100,99963,100
2019-06-28 09:48:19.645467905,100160,282,100150,82,100191,182,100147,482,100266,182,100132,182,100481,182,100125,100,100568,100,100095,100,100593,100,100075,100,100601,100,100067,100,100634,100,100066,300,100771,100,100051,100,100773,100,99963,100
2019-06-28 09:48:20.000000000,100160,265,100147,465,100191,165,100132,165,100266,165,100125,83,100481,165,100095,165,100568,165,100075,165,100593,100,100067,100,100601,100,100066,300,100634,100,100051,100,100771,100,99963,100,100773,100,99957,100
2019-06-28 09:48:30.000000000,100160,526,100147,726,100191,100,100132,100,100266,100,100125,18,100481,100,100095,100,100568,100,100075,100,100593,100,100067,100,100601,100,100066,300,100634,100,100051,100,100771,100,99963,100,100773,100,99957,100
2019-06-28 09:48:34.060620835,100160,526,100147,726,100191,100,100132,100,100266,100,100125,18,100481,100,100095,100,100593,100,100075,100,100601,100,100067,100,100634,100,100066,300,100771,100,100051,100,100773,100,99963,100,100867,100,99957,100
2019-06-28 09:48:40.000000000,100160,265,100147,465,100191,165,100132,165,100266,165,100125,83,100481,165,100095,165,100593,165,100075,165,100601,100,100067,100,100634,100,100066,300,100771,100,100051,100,100773,100,99963,100,100867,100,99957,100
2019-06-28 09:48:48.063526034,100160,265,100147,465,100191,165,100132,165,100266,165,100125,83,100481,165,100095,165,100593,165,100075,165,100601,100,100067,100,100634,100,100066,300,100771,100,100051,100,100773,100,99963,100,100867,100,99957,100
2019-06-28 09:48:50.000000000,100160,526,100147,726,100191,100,100132,100,100266,100,100125,18,100481,100,100095,100,100593,100,100075,100,100601,100,100067,100,100634,100,100066,300,100771,100,100051,100,100773,100,99963,100,100867,100,99957,100
2019-06-28 09:48:50.627993679,100160,526,100147,726,100191,100,100132,100,100266,100,100125,18,100481,100,100095,100,100593,100,100075,100,100601,100,100067,100,100634,100,100066,300,100771,100,100051,100,100773,100,99963,100,100867,100,99957,100
2019-06-28 09:49:00.000000000,100160,526,100147,726,100191,100,100132,100,100266,100,100125,18,100481,100,100095,100,100593,100,100075,100,100601,100,100067,100,100634,100,100066,300,100771,100,100051,100,100773,100,99963,100,100867,100,99957,100
2019-06-28 09:49:00.726479947,100160,526,100147,726,100191,100,100132,100,100266,100,100125,18,100481,100,100095,100,100593,100,100075,100,100601,100,100067,100,100634,100,100066,300,100771,100,100051,100,100773,100,99963,100,100867,100,99957,100
2019-06-28 09:49:10.000000000,100160,526,100147,726,100191,100,100132,100,100266,100,100125,18,100481,100,100095,100,100593,100,100075,100,100601,100,100067,100,100634,100,100066,300,100771,100,100051,100,100773,100,99963,100,100867,100,99957,100
2019-06-28 09:49:14.769511316,100160,426,100147,726,100191,100,100132,100,100266,100,100125,18,100481,100,100095,100,100593,100,100075,100,100601,100,100067,100,100634,100,100066,300,100771,100,100051,100,100773,100,99963,100,100867,100,99957,100
2019-06-28 09:49:20.000000000,100160,263,100147,563,100191,263,100132,263,100266,100,100125,18,100481,100,100095,100,100593,100,100075,100,100601,100,100067,100,100634,100,100066,300,100771,100,100051,100,100773,100,99963,100,100867,100,99957,100
2019-06-28 09:49:30.000000000,100160,165,100147,465,100191,165,100132,165,100266,165,100125,83,100481,165,100095,165,100593,165,100075,165,100601,100,100067,100,100634,100,100066,300,100771,100,100051,100,100773,100,99963,100,100867,100,99957,100
2019-06-28 09:49:40.000000000,100160,182,100147,482,100191,182,100132,182,100266,182,100125,100,100481,182,100095,182,100593,100,100075,100,100601,100,100067,100,100634,100,100066,300,100771,100,100051,100,100773,100,99963,100,100867,100,99957,100
2019-06-28 09:49:43.676562386,100160,182,100147,482,100191,182,100132,182,100266,182,100125,100,100481,182,100095,182,100593,100,100075,100,100601,100,100067,100,100634,100,100066,300,100771,100,100051,100,100773,100,99963,100,100867,100,99957,100
2019-06-28 09:49:46.701908026,100160,182,100147,482,100191,182,100132,182,100266,182,100125,100,100481,182,100095,182,100593,100,100075,100,100601,100,100067,100,100634,100,100066,300,100771,100,100051,100,100773,100,99963,100,100867,100,99957,100
2019-06-28 09:49:48.427499978,100160,182,100147,482,100191,182,100132,182,100266,182,100125,100,100481,182,100095,182,100593,100,100075,100,100601,100,100067,100,100634,100,100066,300,100771,100,100051,100,100773,100,99963,100,100867,100,99957,100
2019-06-28 09:49:50.000000000,100160,263,100147,563,100191,263,100132,263,100266,100,100125,18,100481,100,100095,100,100593,100,100075,100,100601,100,100067,100,100634,100,100066,300,100771,100,100051,100,100773,100,99963,100,100867,100,99957,100
2019-06-28 09:49:54.331858715,100160,263,100147,563,100191,163,100132,263,100266,100,100125,18,100481,100,100095,100,100593,100,100075,100,100601,100,100067,100,100634,100,100066,300,100771,100,100051,100,100773,100,99963,100,100867,100,99957,100
2019-06-28 09:50:00.000000000,100160,211,100147,511,100266,208,100132,208,100481,208,100125,126,100593,100,100095,100,100601,100,100075,100,100634,100,100067,100,100771,100,100066,300,100773,100,100051,100,100867,100,99963,100,,,99957,100
2019-06-28 09:50:10.000000000,100160,211,100147,511,100266,208,100132,208,100481,208,100125,126,100593,100,100095,100,100601,100,100075,100,100634,100,100067,100,100771,100,100066,300,100773,100,100051,100,100867,100,99963,100,,,99957,100
2019-06-28 09:50:20.000000000,100160,182,100147,482,100266,182,100132,182,100481,182,100125,100,100593,182,100095,182,100601,100,100075,100,100634,100,100067,100,100771,100,100066,300,100773,100,100051,100,100867,100,99963,100,,,99957,100
2019-06-28 09:50:30.000000000,100160,426,100147,726,100266,100,100132,100,100481,100,100125,18,100593,100,100095,100,100601,100,100075,100,100634,100,100067,100,100771,100,100066,300,100773,100,100051,100,100867,100,99963,100,,,99957,100
2019-06-28 09:50:40.000000000,100160,426,100147,726,100266,100,100132,100,100481,100,100125,18,100593,100,100095,100,100601,100,100075,100,100634,100,100067,100,100771,100,100066,300,100773,100,100051,100,100867,100,99963,100,,,99957,100
2019-06-28 09:50:50.000000000,100160,426,100147,726,100266,100,100132,100,100481,100,100125,18,100593,100,100095,100,100601,100,100075,100,100634,100,100067,100,100771,100,100066,300,100773,100,100051,100,100867,100,99963,100,,,99957,100
2019-06-28 09:51:00.000000000,100160,182,100147,482,100266,182,100132,182,100481,182,100125,100,100593,182,100095,182,100601,100,100075,100,100634,100,100067,100,100771,100,100066,300,100773,100,100051,100,100867,100,99963,100,,,99957,100
2019-06-28 09:51:10.000000000,100160,426,100147,726,100266,100,100132,100,100481,100,100125,18,100593,100,100095,100,100601,100,100075,100,100634,100,100067,100,100771,100,100066,300,100773,100,100051,100,100867,100,99963,100,,,99957,100
2019-06-28 09:51:20.000000000,100160,426,100147,726,100266,100,100132,100,100481,100,100125,18,100593,100,100095,100,100601,100,100075,100,100634,100,100067,100,100771,100,100066,300,100773,100,100051,100,100867,100,99963,100,,,99957,100
2019-06-28 09:51:20.354983055,100160,426,100147,726,100266,100,100132,100,100481,100,100125,18,100593,100,100095,100,100601,100,100075,100,100634,100,100067,100,100771,100,100066,200,100773,100,100051,100,100867,100,99963,100,,,99957,100
2019-06-28 09:51:30.000000000,100160,211,100147,511,100266,208,100132,208,100481,208,100125,126,100593,100,100095,100,100601,100,100075,100,100634,100,100067,100,100771,100,100066,200,100773,100,100051,100,100867,100,99963,100,,,99957,100
2019-06-28 09:51:34.070700116,100160,211,100147,511,100266,208,100132,208,100481,208,100125,126,100593,100,100095,100,100601,100,100075,100,100634,100,100067,100,100771,100,100066,200,100773,100,100051,100,,,99963,100,,,99957,100
2019-06-28 09:51:36.405266933,100160,211,100147,411,100266,208,100132,208,100481,208,100125,126,100593,100,100095,100,100601,100,100075,100,100634,100,100067,100,100771,100,100066,200,100773,100,100051,100,,,99963,100,,,99957,100
2019-06-28 09:51:40.000000000,100160,211,100147,411,100266,208,100132,208,100481,208,100125,126,100593,100,100095,100,100601,100,100075,100,100634,100,100067,100,100771,100,100066,200,100773,100,100051,100,,,99963,100,,,99957,100
2019-06-28 09:51:42.587403213,100160,211,100147,411,100266,208,100132,208,100481,208,100125,126,100593,100,100095,100,100601,100,100075,100,100634,100,100067,100,100771,100,100066,200,100773,100,100051,100,,,99963,100,,,99957,100
2019-06-28 09:51:45.577132448,100160,211,100147,311,100266,208,100132,208,100481,208,100125,126,100593,100,100095,100,100601,100,100075,100,100634,100,100067,100,100771,100,100066,200,100773,100,100051,100,,,99963,100,,,99957,100
2019-06-28 09:51:45.979188891,100160,211,100147,311,100266,208,100132,208,100481,208,100125,126,100593,100,100095,100,100601,100,100075,100,100634,100,100067,100,100771,100,100066,200,100773,100,100051,100,,,99963,100,,,99957,100
2019-06-28 09:51:50.000000000,100160,211,100147,311,100266,208,100132,208,100481,208,100125,126,100593,100,100095,100,100601,100,100075,100,100634,100,100067,100,100771,100,100066,200,100773,100,100051,100,,,99963,100,,,99957,100
2019-06-28 09:51:51.907607511,100160,211,100147,211,100266,208,100132,208,100481,208,100125,126,100593,100,100095,100,100601,100,100075,100,100634,100,100067,100,100771,100,100066,200,100773,100,100051,100,,,99963,100,,,99957,100
2019-06-28 09:51:53.260601834,100160,211,100147,211,100266,208,100132,208,100481,208,100125,126,100593,100,100095,100,100601,100,100075,100,100634,100,100067,100,100771,100,100066,200,100773,100,100051,100,,,99963,100,,,99957,100
2019-06-28 09:51:53.761514999,100160,211,100147,11,100266,208,100132,208,100481,208,100125,126,100593,100,100095,100,100601,100,100075,100,100634,100,100067,100,100771,100,100066,200,100773,100,100051,100,,,99963,100,,,99957,100
2019-06-28 09:51:57.071461115,100147,89,100132,208,100160,211,100125,126,100266,208,100095,100,100481,208,100075,100,100593,100,100067,100,100601,100,100066,200,100634,100,100051,100,100771,100,99963,100,100773,100,99957,100,,,99931,100
2019-06-28 09:51:57.191845531,100147,89,100132,108,100160,211,100125,126,100266,208,100095,100,100481,208,100075,100,100593,100,100067,100,100601,100,100066,200,100634,100,100051,100,100771,100,99963,100,100773,100,99957,100,,,99931,100
2019-06-28 09:51:57.589613878,100147,189,100132,108,100160,211,100125,126,100266,208,100095,100,100481,208,100075,100,100593,100,100067,100,100601,100,100066,200,100634,100,100051,100,100771,100,99963,100,100773,100,99957,100,,,99931,100
2019-06-28 09:52:00.000000000,100147,300,100125,129,100160,208,100095,208,100266,208,100075,208,100481,100,100067,100,100593,100,100066,200,100601,100,100051,100,100634,100,99963,100,100771,100,99957,100,100773,100,99931,100,,,99877,100
2019-06-28 09:52:01.993079216,100147,300,100125,129,100160,208,100095,208,100266,208,100075,208,100481,100,100067,100,100593,100,100066,200,100601,100,100051,100,100634,100,99963,100,100771,100,99957,100,100773,100,99931,100,,,99877,100
2019-06-28 09:52:04.867727529,100147,300,100125,29,100160,208,100095,208,100266,208,100075,208,100481,100,100067,100,100593,100,100066,200,100601,100,100051,100,100634,100,99963,100,100771,100,99957,100,100773,100,99931,100,,,99877,100
2019-06-28 09:52:10.000000000,100147,352,100095,263,100160,263,100075,263,100266,100,100067,100,100481,100,100066,200,100593,100,100051,100,100601,100,99963,100,100634,100,99957,100,100771,100,99931,100,100773,100,99877,100,,,98673,100
2019-06-28 09:52:20.000000000,100147,271,100095,182,100160,182,100075,182,100266,182,100067,182,100481,182,100066,282,100593,100,100051,100,100601,100,99963,100,100634,100,99957,100,100771,100,99931,100,100773,100,99877,100,,,98673,100
2019-06-28 09:52:30.000000000,100147,271,100095,182,100160,182,100075,182,100266,182,100067,182,100481,182,100066,282,100593,100,100051,100,100601,100,99963,100,100634,100,99957,100,100771,100,99931,100,100773,100,99877,100,,,98673,100
2019-06-28 09:52:40.000000000,100147,300,100095,211,100160,208,100075,208,100266,208,100067,208,100481,100,100066,200,100593,100,100051,100,100601,100,99963,100,100634,100,99957,100,100771,100,99931,100,100773,100,99877,100,,,98673,100
2019-06-28 09:52:50.000000000,100147,352,100095,263,100160,263,100075,263,100266,100,100067,100,100481,100,100066,200,100593,100,100051,100,100601,100,99963,100,100634,100,99957,100,100771,100,99931,100,100773,100,99877,100,,,98673,100
2019-06-28 09:52:53.958690920,100147,352,100095,263,100160,263,100075,263,100266,100,100067,100,100481,100,100066,200,100593,100,100051,100,100601,100,99963,100,100634,100,99957,100,100771,100,99931,100,100773,100,99877,100,,,98673,100
2019-06-28 09:53:00.000000000,100147,300,100095,211,100160,208,100075,208,100266,208,100067,208,100481,100,100066,200,100593,100,100051,100,100601,100,99963,100,100634,100,99957,100,100771,100,99931,100,100773,100,99877,100,,,98673,100
2019-06-28 09:53:04.712280971,100132,100,100095,211,100147,200,100075,208,100160,208,100067,208,100266,208,100066,200,100481,100,100051,100,100593,100,99963,100,100601,100,99957,100,100634,100,99931,100,100771,100,99877,100,100773,100,98673,100
2019-06-28 09:53:10.000000000,100132,182,100095,182,100147,171,100075,182,100160,182,100067,182,100266,182,100066,282,100481,100,100051,100,100593,100,99963,100,100601,100,99957,100,100634,100,99931,100,100771,100,99877,100,100773,100,98673,100
2019-06-28 09:53:20.000000000,100132,165,100095,165,100147,154,100075,165,100160,165,100067,165,100266,165,100066,265,100481,165,100051,165,100593,100,99963,100,100601,100,99957,100,100634,100,99931,100,100771,100,99877,100,100773,100,98673,100
2019-06-28 09:53:23.593320620,100132,165,100095,65,100147,154,100075,165,100160,165,100067,165,100266,165,100066,265,100481,165,100051,165,100593,100,99963,100,100601,100,99957,100,100634,100,99931,100,100771,100,99877,100,100773,100,98560,100
2019-06-28 09:53:29.998087925,100132,165,100095,65,100147,154,100075,165,100160,165,100067,165,100266,165,100066,265,100481,165,100051,165,100593,100,99963,100,100601,100,99931,100,100634,100,99877,100,100771,100,98649,100,100773,100,98560,100
2019-06-28 09:53:30.000000000,100132,182,100075,182,100147,171,100067,182,100160,182,100066,282,100266,182,100051,182,100481,100,99963,100,100593,100,99931,100,100601,100,99877,100,100634,100,98649,100,100771,100,98560,100,100773,100,98253,100
2019-06-28 09:53:37.064589122,100132,182,100075,82,100147,171,100067,182,100160,182,100066,282,100266,182,100051,182,100481,100,99963,100,100593,100,99931,100,100601,100,99877,100,100634,100,98649,100,100771,100,98560,100,100773,100,98253,100
2019-06-28 09:53:37.652452393,100095,100,100075,82,100132,182,100067,182,100147,171,100066,282,100160,182,100051,182,100266,182,99963,100,100481,100,99931,100,100593,100,99877,100,100601,100,98649,100,100634,100,98560,100,100771,100,98253,100
2019-06-28 09:53:38.400126663,100095,100,100075,82,100132,182,100067,182,100147,171,100066,282,100160,182,100051,182,100266,182,99963,100,100481,100,99931,100,100593,100,99877,100,100601,100,98649,100,100634,100,98560,100,100771,100,98434,100
2019-06-28 09:53:40.000000000,100095,165,100067,165,100132,165,100066,265,100147,154,100051,165,100160,165,99963,165,100266,165,99931,165,100481,100,99877,100,100593,100,98649,100,100601,100,98560,100,100634,100,98434,100,100771,100,98253,100
2019-06-28 09:53:40.877987115,100095,165,100067,165,100132,165,100066,265,100147,154,100051,165,100160,165,99963,165,100266,165,99931,65,100481,100,99877,100,100593,100,98649,100,100601,100,98560,100,100634,100,98434,100,100771,100,98262,100
2019-06-28 09:53:42.921634248,100095,165,100067,165,100132,165,100066,265,100147,154,100051,165,100160,165,99963,165,100266,165,99931,65,100481,100,99877,100,100593,100,98649,100,100601,100,98637,100,100634,100,98560,100,100771,100,98434,100
2019-06-28 09:53:45.920111458,100095,165,100067,65,100132,165,100066,265,100147,154,100051,165,100160,165,99963,165,100266,165,99931,65,100481,100,99877,100,100593,100,98649,100,100601,100,98637,100,100634,100,98560,100,100771,100,98434,100
2019-06-28 09:53:50.000000000,100095,263,100066,363,100132,263,100051,263,100147,89,99963,100,100160,100,99877,100,100266,100,98649,100,100481,100,98637,100,100593,100,98560,100,100601,100,98434,100,100634,100,98253,100,100771,100,98013,100
2019-06-28 09:54:00.000000000,100095,182,100066,282,100132,182,100051,182,100147,171,99963,182,100160,182,99877,182,100266,100,98649,100,100481,100,98637,100,100593,100,98560,100,100601,100,98434,100,100634,100,98253,100,100771,100,98013,100
2019-06-28 09:54:01.671175955,100095,182,100066,282,100132,182,100051,182,100147,171,99963,182,100160,182,99877,182,100266,100,98649,100,100481,100,98560,100,100593,100,98501,100,100601,100,98434,100,100634,100,98253,100,100771,100,98013,100
2019-06-28 09:54:09.119438767,100095,182,100066,282,100132,182,100051,182,100147,171,99963,182,100160,182,99877,182,100266,100,98649,100,100481,100,98589,100,100593,100,98560,100,100601,100,98501,100,100634,100,98434,100,100771,100,98253,100
2019-06-28 09:54:10.000000000,100095,165,100066,265,100132,165,100051,165,100147,154,99963,165,100160,165,99877,165,100266,165,98649,165,100481,100,98589,100,100593,100,98560,100,100601,100,98501,100,100634,100,98434,100,100771,100,98253,100
2019-06-28 09:54:20.000000000,100095,426,100066,526,100132,100,100051,100,100147,89,99963,100,100160,100,99877,100,100266,100,98649,100,100481,100,98589,100,100593,100,98560,100,100601,100,98501,100,100634,100,98434,100,100771,100,98253,100
2019-06-28 09:54:30.000000000,100095,165,100066,265,100132,165,100051,165,100147,154,99963,165,100160,165,99877,165,100266,165,98649,165,100481,100,98589,100,100593,100,98560,100,100601,100,98501,100,100634,100,98434,100,100771,100,98253,100
2019-06-28 09:54:30.278669654,100095,165,100066,165,100132,165,100051,165,100147,154,99963,165,100160,165,99877,165,100266,165,98649,165,100481,100,98589,100,100593,100,98560,100,100601,100,98501,100,100634,100,98434,100,100771,100,98253,100
2019-06-28 09:54:40.000000000,100095,263,100066,263,100132,263,100051,263,100147,89,99963,100,100160,100,99877,100,100266,100,98649,100,100481,100,98589,100,100593,100,98560,100,100601,100,98501,100,100634,100,98434,100,100771,100,98253,100
2019-06-28 09:54:48.930437415,100095,263,100066,163,100132,263,100051,263,100147,89,99963,100,100160,100,99877,100,100266,100,98649,100,100481,100,98560,100,100593,100,98501,100,100601,100,98434,100,100634,100,98253,100,100771,100,98013,100
2019-06-28 09:54:50.000000000,100095,211,100051,211,100132,208,99963,208,100147,197,99877,208,100160,100,98649,100,100266,100,98560,100,100481,100,98501,100,100593,100,98434,100,100601,100,98253,100,100634,100,98013,100,100771,100,98002,100
2019-06-28 09:55:00.000000000,100095,211,100051,211,100132,208,99963,208,100147,197,99877,208,100160,100,98649,100,100266,100,98560,100,100481,100,98501,100,100593,100,98434,100,100601,100,98253,100,100634,100,98013,100,100771,100,98002,100
2019-06-28 09:55:08.760748842,100095,211,100051,211,100132,208,99963,208,100147,197,99877,208,100160,100,98649,100,100266,100,98560,100,100481,100,98501,100,100593,100,98478,100,100601,100,98434,100,100634,100,98253,100,100771,100,98013,100
2019-06-28 09:55:10.000000000,100095,426,100051,426,100132,100,99963,100,100147,89,99877,100,100160,100,98649,100,100266,100,98560,100,100481,100,98501,100,100593,100,98478,100,100601,100,98434,100,100634,100,98253,100,100771,100,98013,100
2019-06-28 09:55:12.983203214,100066,100,100051,426,100095,426,99963,100,100132,100,99877,100,100147,89,98649,100,100160,100,98560,100,100266,100,98501,100,100481,100,98478,100,100593,100,98434,100,100601,100,98253,100,100634,100,98013,100
2019-06-28 09:55:20.000000000,100066,426,100051,426,100095,100,99963,100,100132,100,99877,100,100147,89,98649,100,100160,100,98560,100,100266,100,98501,100,100481,100,98478,100,100593,100,98434,100,100601,100,98253,100,100634,100,98013,100
2019-06-28 09:55:26.940986055,100066,426,100051,326,100095,100,99963,100,100132,100,99877,100,100147,89,98649,100,100160,100,98560,100,100266,100,98501,100,100481,100,98478,100,100593,100,98434,100,100601,100,98253,100,100634,100,98013,100
2019-06-28 09:55:30.000000000,100066,263,99963,263,100095,263,99877,263,100132,100,98649,100,100147,89,98560,100,100160,100,98501,100,100266,100,98478,100,100481,100,98434,100,100593,100,98253,100,100601,100,98013,100,100634,100,97797,100
2019-06-28 09:55:40.000000000,100066,426,99963,426,100095,100,99877,100,100132,100,98649,100,100147,89,98560,100,100160,100,98501,100,100266,100,98478,100,100481,100,98434,100,100593,100,98253,100,100601,100,98013,100,100634,100,97797,100
2019-06-28 09:55:50.000000000,100066,426,99963,426,100095,100,99877,100,100132,100,98649,100,100147,89,98560,100,100160,100,98501,100,100266,100,98478,100,100481,100,98434,100,100593,100,98253,100,100601,100,98013,100,100634,100,97797,100
2019-06-28 09:55:55.699482744,100066,426,99963,326,100095,100,99877,100,100132,100,98649,100,100147,89,98560,100,100160,100,98501,100,100266,100,98478,100,100481,100,98434,100,100593,100,98253,100,100601,100,98013,100,100771,100,97797,100
2019-06-28 09:56:00.000000000,100066,426,99877,426,100095,100,98649,100,100132,100,98560,100,100147,89,98501,100,100160,100,98478,100,100266,100,98434,100,100481,100,98253,100,100593,100,98013,100,100601,100,97797,100,100771,100,97774,100
2019-06-28 09:56:01.294861965,100066,426,99877,326,100095,100,98649,100,100132,100,98560,100,100147,89,98501,100,100160,100,98478,100,100266,100,98434,100,100481,100,98253,100,100593,100,98013,100,100601,100,97797,100,100771,100,97774,100
2019-06-28 09:56:10.000000000,100066,426,98649,426,100095,100,98560,100,100132,100,98501,100,100147,89,98478,100,100160,100,98434,100,100266,100,98253,100,100481,100,98013,100,100593,100,97797,100,100601,100,97774,100,100771,100,97764,100
2019-06-28 09:56:20.000000000,100066,182,98649,182,100095,182,98560,182,100132,182,98501,182,100147,171,98478,182,100160,100,98434,100,100266,100,98253,100,100481,100,98013,100,100593,100,97797,100,100601,100,97774,100,100771,100,97764,100
2019-06-28 09:56:24.234465310,99735,100,98649,182,100066,182,98560,182,100095,182,98501,182,100132,182,98478,82,100147,171,98434,100,100160,100,98253,100,100266,100,98013,100,100481,100,97797,100,100593,100,97774,100,100601,100,97764,100
2019-06-28 09:56:30.000000000,99735,263,98649,263,100066,263,98560,263,100095,100,98501,100,100132,100,98434,100,100147,89,98253,100,100160,100,98013,100,100266,100,97797,100,100481,100,97774,100,100593,100,97764,100,100601,100,97730,100
2019-06-28 09:56:37.812491485,99573,100,98649,263,99735,263,98560,263,100066,263,98501,100,100095,100,98434,100,100132,100,98253,100,100147,89,98013,100,100160,100,97797,100,100266,100,97774,100,100481,100,97764,100,100593,100,97730,100
2019-06-28 09:56:40.000000000,99573,182,98649,182,99735,182,98560,182,100066,182,98501,182,100095,182,98434,182,100132,100,98253,100,100147,89,98013,100,100160,100,97797,100,100266,100,97774,100,100481,100,97764,100,100593,100,97730,100
2019-06-28 09:56:44.078184971,99368,100,98649,182,99573,182,98560,182,99735,182,98501,182,100066,182,98434,182,100095,182,98253,100,100132,100,98013,100,100147,89,97797,100,100160,100,97774,100,100266,100,97764,100,100481,100,97730,100
2019-06-28 09:56:50.000000000,99368,211,98649,211,99573,208,98560,208,99735,208,98501,208,100066,100,98434,100,100095,100,98253,100,100132,100,98013,100,100147,89,97797,100,100160,100,97774,100,100266,100,97764,100,100481,100,97730,100
2019-06-28 09:56:58.037541898,99368,211,98649,211,99401,100,98560,208,99573,208,98501,208,99735,208,98434,100,100066,100,98253,100,100095,100,98013,100,100132,100,97797,100,100147,89,97774,100,100160,100,97764,100,100266,100,97730,100
2019-06-28 09:57:00.000000000,99368,263,98649,263,99401,263,98560,263,99573,100,98501,100,99735,100,98434,100,100066,100,98253,100,100095,100,98013,100,100132,100,97797,100,100147,89,97774,100,100160,100,97764,100,100266,100,97730,100
2019-06-28 09:57:00.215229053,99368,263,98649,263,99401,263,98560,263,99573,100,98501,100,99735,100,98434,100,99963,100,98253,100,100066,100,98013,100,100095,100,97797,100,100132,100,97774,100,100147,89,97764,100,100160,100,97730,100
2019-06-28 09:57:10.000000000,99368,263,98649,263,99401,263,98560,263,99573,100,98501,100,99735,100,98434,100,99963,100,98253,100,100066,100,98013,100,100095,100,97797,100,100132,100,97774,100,100147,89,97764,100,100160,100,97730,100
2019-06-28 09:57:14.570680498,99368,263,98649,263,99401,263,98560,263,99573,100,98501,100,99735,100,98434,100,99963,200,98253,100,100066,100,98013,100,100095,100,97797,100,100132,100,97774,100,100147,89,97764,100,100160,100,97730,100
2019-06-28 09:57:20.000000000,99368,426,98649,426,99401,100,98560,100,99573,100,98501,100,99735,100,98434,100,99963,200,98253,100,100066,100,98013,100,100095,100,97797,100,100132,100,97774,100,100147,89,97764,100,100160,100,97730,100
2019-06-28 09:57:30.000000000,99368,211,98649,211,99401,208,98560,208,99573,208,98501,208,99735,100,98434,100,99963,200,98253,100,100066,100,98013,100,100095,100,97797,100,100132,100,97774,100,100147,89,97764,100,100160,100,97730,100
2019-06-28 09:57:30.580444826,99368,211,98649,211,99401,208,98560,208,99573,208,98501,208,99735,100,98434,100,99806,100,98253,100,99963,200,98013,100,100066,100,97797,100,100095,100,97774,100,100132,100,97764,100,100147,89,97730,100
2019-06-28 09:57:33.139036809,99368,211,98649,211,99401,208,98560,208,99573,208,98501,208,99726,100,98434,100,99735,100,98253,100,99806,100,98013,100,99963,200,97797,100,100066,100,97774,100,100095,100,97730,100,100132,100,97587,100
2019-06-28 09:57:34.482847941,99368,211,98649,211,99401,208,98560,208,99540,100,98501,208,99573,208,98434,100,99726,100,98253,100,99735,100,98013,100,99806,100,97797,100,99963,200,97774,100,100066,100,97730,100,100095,100,97587,100
2019-06-28 09:57:40.000000000,99368,165,98649,165,99401,165,98560,165,99540,165,98501,165,99573,165,98434,165,99726,165,98253,165,99735,100,98013,100,99806,100,97797,100,99963,200,97774,100,100066,100,97730,100,100095,100,97587,100
2019-06-28 09:57:44.962790288,99368,65,98649,165,99401,165,98560,165,99540,165,98501,165,99573,165,98434,165,99726,165,98253,165,99735,100,98013,100,99806,100,97797,100,99963,200,97774,100,100066,100,97730,100,100095,100,97587,100
2019-06-28 09:57:50.000000000,99401,263,98649,263,99540,263,98560,263,99573,100,98501,100,99726,100,98434,100,99735,100,98253,100,99806,100,98013,100,99963,200,97797,100,100066,100,97774,100,100095,100,97730,100,100132,100,97587,100
2019-06-28 09:58:00.000000000,99401,263,98649,263,99540,263,98560,263,99573,100,98501,100,99726,100,98434,100,99735,100,98253,100,99806,100,98013,100,99963,200,97797,100,100066,100,97774,100,100095,100,97730,100,100132,100,97587,100
2019-06-28 09:58:10.000000000,99401,211,98649,211,99540,208,98560,208,99573,208,98501,208,99726,100,98434,100,99735,100,98253,100,99806,100,98013,100,99963,200,97797,100,100066,100,97774,100,100095,100,97730,100,100132,100,97587,100
2019-06-28 09:58:10.810411877,99401,211,98649,111,99540,208,98560,208,99545,100,98501,208,99573,208,98434,100,99726,100,98253,100,99735,100,98013,100,99806,100,97797,100,99963,200,97774,100,100066,100,97730,100,100095,100,97587,100
2019-06-28 09:58:20.000000000,99401,211,98560,211,99540,208,98501,208,99545,208,98434,208,99573,100,98253,100,99726,100,98013,100,99735,100,97797,100,99806,100,97774,100,99963,200,97730,100,100066,100,97587,100,100095,100,,
2019-06-28 09:58:20.400099547,99401,211,99399,100,99540,208,98560,211,99545,208,98501,208,99573,100,98434,208,99726,100,98253,100,99735,100,98013,100,99806,100,97797,100,99963,200,97774,100,100066,100,97730,100,100095,100,97587,100
2019-06-28 09:58:21.837117463,99401,211,98560,211,99540,208,98501,208,99545,208,98434,208,99562,100,98253,100,99573,100,98013,100,99726,100,97797,100,99735,100,97774,100,99806,100,97730,100,99963,200,97587,100,100066,100,,
2019-06-28 09:58:30.000000000,99401,263,98560,263,99540,263,98501,263,99545,100,98434,100,99562,100,98253,100,99573,100,98013,100,99726,100,97797,100,99735,100,97774,100,99806,100,97730,100,99963,200,97587,100,100066,100,,
2019-06-28 09:58:36.152484056,99401,263,98560,263,99497,100,98501,263,99540,263,98434,100,99545,100,98253,100,99562,100,98013,100,99573,100,97797,100,99726,100,97774,100,99735,100,97730,100,99806,100,97587,100,99963,200,,
2019-06-28 09:58:40.000000000,99401,182,98560,182,99497,182,98501,182,99540,182,98434,182,99545,182,98253,182,99562,100,98013,100,99573,100,97797,100,99726,100,97774,100,99735,100,97730,100,99806,100,97587,100,99963,200,,
2019-06-28 09:58:42.154458350,99401,82,98560,182,99497,182,98501,182,99540,182,98434,182,99545,182,98253,182,99562,100,98013,100,99573,100,97797,100,99726,100,97774,100,99735,100,97730,100,99806,100,97587,100,99963,200,,
2019-06-28 09:58:50.000000000,99497,182,98560,182,99540,182,98501,182,99545,182,98434,182,99562,182,98253,182,99573,100,98013,100,99726,100,97797,100,99735,100,97774,100,99806,100,97730,100,99963,200,97587,100,100066,100,,
2019-06-28 09:58:50.958620370,99497,82,98560,182,99540,182,98501,182,99545,82,98434,182,99562,182,98253,182,99573,100,98013,100,99726,100,97797,100,99735,100,97774,100,99806,100,97730,100,99963,200,97587,100,100066,100,,
2019-06-28 09:59:00.000000000,99540,263,98560,263,99562,263,98501,263,99573,100,98434,100,99726,100,98253,100,99735,100,98013,100,99806,100,97797,100,99963,200,97774,100,100066,100,97730,100,100095,100,97587,100,100132,100,,
2019-06-28 09:59:10.000000000,99540,182,98560,182,99562,182,98501,182,99573,182,98434,182,99726,182,98253,182,99735,100,98013,100,99806,100,97797,100,99963,200,97774,100,100066,100,97730,100,100095,100,97587,100,100132,100,,
2019-06-28 09:59:19.813634947,99540,182,99347,100,99562,182,98560,182,99573,182,98501,182,99726,182,98434,182,99735,100,98253,182,99806,100,98013,100,99963,200,97797,100,100066,100,97774,100,100095,100,97730,100,100132,100,97587,100
2019-06-28 09:59:20.000000000,99540,165,99347,165,99562,165,98560,165,99573,165,98501,165,99726,165,98434,165,99735,165,98253,165,99806,100,98013,100,99963,200,97797,100,100066,100,97774,100,100095,100,97730,100,100132,100,97587,100
2019-06-28 09:59:30.000000000,99540,426,99347,426,99562,100,98560,100,99573,100,98501,100,99726,100,98434,100,99735,100,98253,100,99806,100,98013,100,99963,200,97797,100,100066,100,97774,100,100095,100,97730,100,100132,100,97587,100
2019-06-28 09:59:36.643149029,99400,100,99347,426,99540,426,98560,100,99562,100,98501,100,99573,100,98434,100,99726,100,98253,100,99735,100,98013,100,99806,100,97797,100,99963,200,97774,100,100066,100,97730,100,100095,100,97587,100
2019-06-28 09:59:37.001089358,99540,426,99347,426,99562,100,98560,100,99573,100,98501,100,99726,100,98434,100,99735,100,98253,100,99806,100,98013,100,99963,200,97797,100,100066,100,97774,100,100095,100,97730,100,100132,100,97587,100
2019-06-28 09:59:40.000000000,99540,165,99347,165,99562,165,98560,165,99573,165,98501,165,99726,165,98434,165,99735,165,98253,165,99806,100,98013,100,99963,200,97797,100,100066,100,97774,100,100095,100,97730,100,100132,100,97587,100
2019-06-28 09:59:50.000000000,99540,165,99347,165,99562,165,98560,165,99573,165,98501,165,99726,165,98434,165,99735,165,98253,165,99806,100,98013,100,99963,200,97797,100,100066,100,97774,100,100095,100,97730,100,100132,100,97587,100
2019-06-28 09:59:59.952305487,99540,165,99400,100,99562,165,99347,165,99573,165,98560,165,99726,165,98501,165,99735,165,98434,165,99806,100,98253,165,99963,200,98013,100,100066,100,97797,100,100095,100,97774,100,100132,100,97730,100
2019-06-28 10:00:00.000000000,99540,211,99400,211,99562,208,99347,208,99573,208,98560,208,99726,100,98501,100,99735,100,98434,100,99806,100,98253,100,99963,200,98013,100,100066,100,97797,100,100095,100,97774,100,100132,100,97730,100
2019-06-28 10:00:10.000000000,99540,263,99400,263,99562,263,99347,263,99573,100,98560,100,99726,100,98501,100,99735,100,98434,100,99806,100,98253,100,99963,200,98013,100,100066,100,97797,100,100095,100,97774,100,100132,100,97730,100
2019-06-28 10:00:20.000000000,99540,211,99400,211,99562,208,99347,208,99573,208,98560,208,99726,100,98501,100,99735,100,98434,100,99806,100,98253,100,99963,200,98013,100,100066,100,97797,100,100095,100,97774,100,100132,100,97730,100
2019-06-28 10:00:23.988193404,99540,211,99400,211,99562,208,99347,208,99573,208,98560,208,99726,100,98501,100,99735,100,98434,100,99806,100,98253,100,99963,200,98013,100,99973,100,97797,100,100066,100,97774,100,100095,100,97730,100
2019-06-28 10:00:30.000000000,99540,263,99400,263,99562,263,99347,263,99573,100,98560,100,99726,100,98501,100,99735,100,98434,100,99806,100,98253,100,99963,200,98013,100,99973,100,97797,100,100066,100,97774,100,100095,100,97730,100
2019-06-28 10:00:40.000000000,99540,426,99400,426,99562,100,99347,100,99573,100,98560,100,99726,100,98501,100,99735,100,98434,100,99806,100,98253,100,99963,200,98013,100,99973,100,97797,100,100066,100,97774,100,100095,100,97730,100
2019-06-28 10:00:47.202188561,99540,426,99400,326,99562,100,99347,100,99573,100,98560,100,99726,100,98501,100,99735,100,98434,100,99806,100,98253,100,99963,200,98013,100,99973,100,97797,100,100066,100,97774,100,100095,100,97730,100
2019-06-28 10:00:50.000000000,99540,211,99347,211,99562,208,98560,208,99573,208,98501,208,99726,100,98434,100,99735,100,98253,100,99806,100,98013,100,99963,200,97797,100,99973,100,97774,100,100066,100,97730,100,100095,100,97587,100
2019-06-28 10:00:54.425843585,99540,211,99347,211,99562,208,99332,100,99573,208,98560,208,99726,100,98501,108,99735,100,98434,100,99806,100,98253,100,99963,200,98013,100,99973,100,97797,100,100066,100,97774,100,100095,100,97730,100
2019-06-28 10:01:00.000000000,99540,165,99347,165,99562,165,99332,165,99573,165,98560,165,99726,165,98434,165,99735,165,98253,165,99806,100,98013,100,99963,200,97797,100,99973,100,97774,100,100066,100,97730,100,100095,100,97587,100
2019-06-28 10:01:10.000000000,99540,211,99347,211,99562,208,99332,208,99573,208,98560,208,99726,100,98434,100,99735,100,98253,100,99806,100,98013,100,99963,200,97797,100,99973,100,97774,100,100066,100,97730,100,100095,100,97587,100
2019-06-28 10:01:10.278451954,99540,211,99347,211,99562,208,99332,208,99573,208,99316,100,99726,100,98560,208,99735,100,98434,100,99806,100,98253,100,99963,200,98013,100,99973,100,97797,100,100066,100,97774,100,100095,100,97730,100
2019-06-28 10:01:20.000000000,99540,182,99347,182,99562,182,99332,182,99573,182,99316,182,99726,182,98560,182,99735,100,98434,100,99806,100,98253,100,99963,200,98013,100,99973,100,97797,100,100066,100,97774,100,100095,100,97730,100
2019-06-28 10:01:24.000557952,99540,182,99347,82,99562,182,99332,182,99573,182,99316,182,99726,182,98560,182,99735,100,98434,100,99806,100,98253,100,99963,200,98013,100,99973,100,97797,100,100066,100,97774,100,100095,100,97730,100
2019-06-28 10:01:26.859212091,99400,100,99347,82,99540,182,99332,182,99562,182,99316,182,99573,182,98560,182,99726,182,98434,100,99735,100,98253,100,99806,100,98013,100,99963,200,97797,100,99973,100,97774,100,100095,100,97730,100
2019-06-28 10:01:27.951757718,99400,100,99347,82,99540,182,99332,182,99562,182,99316,182,99573,182,99190,100,99726,182,98560,182,99735,100,98434,100,99806,100,98253,100,99963,200,98013,100,99973,100,97797,100,100095,100,97774,100
2019-06-28 10:01:30.000000000,99400,211,99332,211,99540,208,99316,208,99562,208,99190,208,99573,100,98560,100,99726,100,98434,100,99735,100,98253,100,99806,100,98013,100,99963,200,97797,100,99973,100,97774,100,100095,100,97730,100
2019-06-28 10:01:40.000000000,99400,426,99332,426,99540,100,99316,100,99562,100,99190,100,99573,100,98560,100,99726,100,98434,100,99735,100,98253,100,99806,100,98013,100,99963,200,97797,100,99973,100,97774,100,100095,100,97730,100
2019-06-28 10:01:50.000000000,99400,165,99332,165,99540,165,99316,165,99562,165,99190,165,99573,165,98560,165,99726,165,98434,165,99735,100,98253,100,99806,100,98013,100,99963,200,97797,100,99973,100,97774,100,100095,100,97730,100
2019-06-28 10:01:57.813263358,99400,165,99332,165,99504,100,99316,165,99540,165,99190,165,99562,165,98560,165,99573,165,98434,165,99726,165,98253,100,99735,100,98013,100,99806,100,97797,100,99963,200,97774,100,99973,100,97730,100
2019-06-28 10:02:00.000000000,99400,211,99332,211,99504,208,99316,208,99540,208,99190,208,99562,100,98560,100,99573,100,98434,100,99726,100,98253,100,99735,100,98013,100,99806,100,97797,100,99963,200,97774,100,99973,100,97730,100
2019-06-28 10:02:05.824950603,99400,111,99332,211,99504,208,99316,208,99540,208,99190,208,99562,100,98560,100,99573,100,98434,100,99726,100,98253,100,99735,100,98013,100,99806,100,97797,100,99963,200,97774,100,99973,100,97730,100
2019-06-28 10:02:08.567988292,99400,111,99332,211,99504,208,99316,208,99540,208,99312,100,99562,100,99190,208,99573,100,98560,100,99726,100,98434,100,99735,100,98253,100,99806,100,98013,100,99963,200,97774,100,99973,100,97730,100
2019-06-28 10:02:10.000000000,99504,165,99332,165,99540,165,99316,165,99562,165,99312,165,99573,165,99190,165,99726,165,98560,165,99735,100,98434,100,99806,100,98253,100,99963,200,98013,100,99973,100,97774,100,100095,100,97730,100
2019-06-28 10:02:11.467465691,99504,165,99332,165,99540,165,99316,165,99562,165,99312,165,99573,165,99264,100,99726,165,99190,165,99735,100,98560,165,99806,100,98434,100,99963,200,98253,100,99973,100,98013,100,100095,100,97774,100
2019-06-28 10:02:13.141801216,99504,165,99332,165,99540,165,99316,165,99562,165,99312,165,99573,165,99264,100,99726,165,99190,165,99735,100,98560,165,99806,100,98434,100,99963,200,98253,100,99973,100,98013,100,100132,100,97774,100
2019-06-28 10:02:19.753553185,99504,165,99375,100,99540,165,99332,165,99562,165,99316,165,99573,165,99312,165,99726,165,99264,100,99735,100,99190,165,99806,100,98560,165,99963,200,98434,100,99973,100,98253,100,100132,100,98013,100
2019-06-28 10:02:20.000000000,99504,211,99375,211,99540,208,99332,208,99562,208,99316,208,99573,100,99312,100,99726,100,99264,100,99735,100,99190,100,99806,100,98560,100,99963,200,98434,100,99973,100,98253,100,100132,100,98013,100
2019-06-28 10:02:22.598753946,99504,211,99414,100,99540,208,99375,211,99562,208,99332,208,99573,100,99316,208,99726,100,99312,100,99735,100,99264,100,99806,100,99190,100,99963,200,98560,100,100132,100,98434,100,100481,100,98253,100
2019-06-28 10:02:30.000000000,99504,182,99414,182,99540,182,99375,182,99562,182,99332,182,99573,182,99316,182,99726,100,99312,100,99735,100,99264,100,99806,100,99190,100,99963,200,98560,100,100132,100,98434,100,100481,100,98253,100
2019-06-28 10:02:40.000000000,99504,182,99414,182,99540,182,99375,182,99562,182,99332,182,99573,182,99316,182,99726,100,99312,100,99735,100,99264,100,99806,100,99190,100,99963,200,98560,100,100132,100,98434,100,100481,100,98253,100
2019-06-28 10:02:50.000000000,99504,211,99414,211,99540,208,99375,208,99562,208,99332,208,99573,100,99316,100,99726,100,99312,100,99735,100,99264,100,99806,100,99190,100,99963,200,98560,100,100132,100,98434,100,100481,100,98253,100
2019-06-28 10:02:59.298898185,99504,211,99414,111,99540,208,99375,208,99562,208,99332,208,99573,100,99316,100,99726,100,99312,100,99735,100,99264,100,99806,100,99190,100,99963,200,98560,100,100132,100,98434,100,100481,100,98253,100
2019-06-28 10:03:00.000000000,99504,182,99375,182,99540,182,99332,182,99562,182,99316,182,99573,182,99312,182,99726,100,99264,100,99735,100,99190,100,99806,100,98560,100,99963,200,98434,100,100132,100,98253,100,100481,100,98013,100
2019-06-28 10:03:10.000000000,99504,182,99375,182,99540,182,99332,182,99562,182,99316,182,99573,182,99312,182,99726,100,99264,100,99735,100,99190,100,99806,100,98560,100,99963,200,98434,100,100132,100,98253,100,100481,100,98013,100
2019-06-28 10:03:20.000000000,99504,165,99375,165,99540,165,99332,165,99562,165,99316,165,99573,165,99312,165,99726,165,99264,165,99735,100,99190,100,99806,100,98560,100,99963,200,98434,100,100132,100,98253,100,100481,100,98013,100
2019-06-28 10:03:26.968746720,99504,165,99375,165,99540,165,99332,165,99562,165,99316,165,99573,165,99312,165,99726,165,99264,165,99735,100,99190,100,99806,100,99104,100,99963,200,98560,100,100132,100,98434,100,100481,100,98253,100
2019-06-28 10:03:28.952936888,99504,165,99375,165,99540,165,99332,165,99562,165,99316,165,99573,165,99312,65,99726,165,99264,165,99735,100,99190,100,99806,100,99104,100,99963,200,99068,100,100132,100,98560,100,100481,100,98434,100
2019-06-28 10:03:30.000000000,99504,165,99375,165,99540,165,99332,165,99562,165,99316,165,99573,165,99264,165,99726,165,99190,165,99735,100,99104,100,99806,100,99068,100,99963,200,98560,100,100132,100,98434,100,100481,100,98253,100
2019-06-28 10:03:40.000000000,99504,165,99375,165,99540,165,99332,165,99562,165,99316,165,99573,165,99264,165,99726,165,99190,165,99735,100,99104,100,99806,100,99068,100,99963,200,98560,100,100132,100,98434,100,100481,100,98253,100
2019-06-28 10:03:50.000000000,99504,426,99375,426,99540,100,99332,100,99562,100,99316,100,99573,100,99264,100,99726,100,99190,100,99735,100,99104,100,99806,100,99068,100,99963,200,98560,100,100132,100,98434,100,100481,100,98253,100
2019-06-28 10:04:00.000000000,99504,426,99375,426,99540,100,99332,100,99562,100,99316,100,99573,100,99264,100,99726,100,99190,100,99735,100,99104,100,99806,100,99068,100,99963,200,98560,100,100132,100,98434,100,100481,100,98253,100
2019-06-28 10:04:10.000000000,99504,211,99375,211,99540,208,99332,208,99562,208,99316,208,99573,100,99264,100,99726,100,99190,100,99735,100,99104,100,99806,100,99068,100,99963,200,98560,100,100132,100,98434,100,100481,100,98253,100
2019-06-28 10:04:20.000000000,99504,426,99375,426,99540,100,99332,100,99562,100,99316,100,99573,100,99264,100,99726,100,99190,100,99735,100,99104,100,99806,100,99068,100,99963,200,98560,100,100132,100,98434,100,100481,100,98253,100
2019-06-28 10:04:24.870149563,99504,426,99375,426,99505,100,99332,100,99540,100,99316,100,99562,100,99264,100,99573,100,99190,100,99726,100,99104,100,99735,100,99068,100,99806,100,98560,100,99963,200,98434,100,100132,100,98253,100
2019-06-28 10:04:30.000000000,99504,263,99375,263,99505,263,99332,263,99540,100,99316,100,99562,100,99264,100,99573,100,99190,100,99726,100,99104,100,99735,100,99068,100,99806,100,98560,100,99963,200,98434,100,100132,100,98253,100
2019-06-28 10:04:33.062617969,99504,263,99375,263,99505,263,99332,263,99540,100,99264,100,99562,100,99190,100,99573,100,99104,100,99726,100,99068,100,99735,100,98560,100,99761,100,98434,100,99806,100,98253,100,99963,200,98013,100
2019-06-28 10:04:37.629277712,99504,63,99375,263,99505,263,99332,263,99540,100,99264,100,99562,100,99190,100,99573,100,99104,100,99726,100,99068,100,99735,100,98560,100,99761,100,98434,100,99806,100,98253,100,99963,200,98013,100
2019-06-28 10:04:40.000000000,99505,263,99375,263,99540,263,99332,263,99562,100,99264,100,99573,100,99190,100,99726,100,99104,100,99735,100,99068,100,99761,100,98560,100,99806,100,98434,100,99963,200,98253,100,100132,100,98013,100
2019-06-28 10:04:43.415095002,99418,100,99375,263,99505,263,99332,263,99540,263,99264,100,99562,100,99190,100,99573,100,99104,100,99726,100,99068,100,99735,100,98560,100,99761,100,98434,100,99806,100,98253,100,99963,200,98013,100
2019-06-28 10:04:50.000000000,99418,263,99375,263,99505,263,99332,263,99540,100,99264,100,99562,100,99190,100,99573,100,99104,100,99726,100,99068,100,99735,100,98560,100,99761,100,98434,100,99806,100,98253,100,99963,200,98013,100
2019-06-28 10:05:00.000000000,99418,211,99375,211,99505,208,99332,208,99540,208,99264,208,99562,100,99190,100,99573,100,99104,100,99726,100,99068,100,99735,100,98560,100,99761,100,98434,100,99806,100,98253,100,99963,200,98013,100
2019-06-28 10:05:05.182072614,99418,111,99375,211,99505,208,99332,208,99540,208,99264,208,99562,100,99190,100,99573,100,99104,100,99726,100,99068,100,99735,100,98434,100,99761,100,98253,100,99806,100,98013,100,99963,200,97774,100
2019-06-28 10:05:10.000000000,99505,426,99375,426,99540,100,99332,100,99562,100,99264,100,99573,100,99190,100,99726,100,99104,100,99735,100,99068,100,99761,100,98434,100,99806,100,98253,100,99963,200,98013,100,100132,100,97774,100
2019-06-28 10:05:20.000000000,99505,426,99375,426,99540,100,99332,100,99562,100,99264,100,99573,100,99190,100,99726,100,99104,100,99735,100,99068,100,99761,100,98434,100,99806,100,98253,100,99963,200,98013,100,100132,100,97774,100
2019-06-28 10:05:28.147381902,99505,326,99375,426,99540,100,99332,100,99562,100,99264,100,99573,100,99190,100,99726,100,99104,100,99735,100,99068,100,99761,100,98434,100,99806,100,98253,100,99963,200,98013,100,100132,100,97774,100
2019-06-28 10:05:30.000000000,99540,263,99375,263,99562,263,99332,263,99573,100,99264,100,99726,100,99190,100,99735,100,99104,100,99761,100,99068,100,99806,100,98434,100,99963,200,98253,100,100132,100,98013,100,100481,100,97774,100
