,ask_price_1,ask_size_1,bid_price_1,bid_size_1,ask_price_2,ask_size_2,bid_price_2,bid_size_2,ask_price_3,ask_size_3,bid_price_3,bid_size_3,ask_price_4,ask_size_4,bid_price_4,bid_size_4,ask_price_5,ask_size_5,bid_price_5,bid_size_5,ask_price_6,ask_size_6,bid_price_6,bid_size_6,ask_price_7,ask_size_7,bid_price_7,bid_size_7,ask_price_8,ask_size_8,bid_price_8,bid_size_8,ask_price_9,ask_size_9,bid_price_9,bid_size_9,ask_price_10,ask_size_10,bid_price_10,bid_size_10
2019-06-28 09:30:00.000000000,,,100112,100,,,,,,,,,,,,,,,,,,,,,,,,,,,,,,,,,,,,
2019-06-28 09:30:00.000000001,100130,100,100112,100,,,,,,,,,,,,,,,,,,,,,,,,,,,,,,,,,,,,
2019-06-28 09:30:00.000000005,100130,100,100112,100,,,100000,100,,,,,,,,,,,,,,,,,,,,,,,,,,,,,,,,
2019-06-28 09:30:00.000000007,100130,100,100000,100,,,,,,,,,,,,,,,,,,,,,,,,,,,,,,,,,,,,
2019-06-28 09:30:00.000000010,100088,100,100000,100,100130,100,,,,,,,,,,,,,,,,,,,,,,,,,,,,,,,,,,
2019-06-28 09:30:00.000000011,100088,100,100000,100,100090,100,,,100130,100,,,,,,,,,,,,,,,,,,,,,,,,,,,,,,
2019-06-28 09:30:00.000000012,100088,100,,,100090,100,,,100130,100,,,,,,,,,,,,,,,,,,,,,,,,,,,,,,
2019-06-28 09:30:00.000000016,100044,100,,,100088,100,,,100090,100,,,100110,100,,,100130,100,,,,,,,,,,,,,,,,,,,,,,
2019-06-28 09:30:00.000000017,100044,100,100006,100,100088,100,99912,100,100090,100,,,100110,100,,,100130,100,,,,,,,,,,,,,,,,,,,,,,
2019-06-28 09:30:00.000000019,100044,100,100006,100,100087,100,99912,100,100088,100,,,100090,100,,,100110,100,,,100130,100,,,,,,,,,,,,,,,,,,
2019-06-28 09:30:00.000000021,100044,100,100006,100,100087,100,99969,100,100088,100,99953,100,100090,100,99912,100,100110,100,,,100130,100,,,,,,,,,,,,,,,,,,
2019-06-28 09:30:00.000000023,100087,100,100006,100,100088,100,99969,100,100090,100,99953,200,100110,100,99912,100,100130,100,,,,,,,,,,,,,,,,,,,,,,
2019-06-28 09:30:00.000000024,100087,200,100006,100,100088,100,99969,100,100090,100,99953,200,100110,100,99912,100,100130,100,,,,,,,,,,,,,,,,,,,,,,
2019-06-28 09:30:00.000000026,100027,100,100006,100,100087,200,99969,100,100088,100,99953,200,100090,100,99912,100,100110,100,,,100130,100,,,,,,,,,,,,,,,,,,
2019-06-28 09:30:00.000000027,100027,100,100006,100,100087,200,99969,100,100088,100,99953,200,100090,100,99912,100,100110,100,99863,100,100130,100,,,,,,,,,,,,,,,,,,
2019-06-28 09:30:00.000000029,100027,100,100006,100,100087,200,99969,100,100088,100,99953,200,100090,100,99950,100,100110,100,99912,100,100130,100,99863,100,,,,,,,,,,,,,,,,
2019-06-28 09:30:00.000000031,100027,100,100006,100,100087,200,99969,100,100088,100,99953,200,100090,100,99950,100,100110,100,99912,100,100130,100,99871,100,,,99863,100,,,,,,,,,,,,
2019-06-28 09:30:00.000000032,100027,100,100006,100,100087,200,99969,100,100088,100,99953,200,100090,100,99950,100,100110,100,99930,100,100130,100,99912,100,,,99871,100,,,99863,100,,,,,,,,
2019-06-28 09:30:00.000000034,100027,100,99969,100,100087,200,99953,200,100088,100,99950,100,100090,100,99930,100,100110,100,99912,100,100130,100,99871,100,,,99863,100,,,,,,,,,,,,
2019-06-28 09:30:00.000000036,100027,100,99969,100,100058,100,99953,200,100087,200,99950,100,100088,100,99930,100,100090,100,99912,100,100110,100,99871,100,100130,100,99863,100,,,,,,,,,,,,
2019-06-28 09:30:00.000000040,100058,100,99969,100,100087,200,99953,200,100088,100,99950,100,100090,100,99930,100,100110,100,99912,100,100130,100,99871,100,,,99863,100,,,,,,,,,,,,
2019-06-28 09:30:00.000000041,100023,100,99969,100,100058,100,99953,200,100087,200,99950,100,100088,100,99930,100,100090,100,99912,100,100110,100,99871,100,100130,100,99863,100,,,,,,,,,,,,
2019-06-28 09:30:00.000000043,100023,100,99969,100,100058,100,99953,200,100087,200,99950,100,100088,100,99930,100,100090,100,99912,100,100110,100,99871,100,100130,100,99863,100,,,99828,100,,,,,,,,
2019-06-28 09:30:00.000000045,100023,100,99969,100,100058,100,99953,200,100065,100,99950,100,100087,200,99930,100,100088,100,99912,100,100090,100,99871,100,100110,100,99863,100,100130,100,99828,100,,,,,,,,
2019-06-28 09:30:00.000000048,100023,100,99969,100,100058,100,99953,200,100065,100,99950,100,100087,200,99936,100,100088,100,99930,100,100090,100,99912,100,100110,100,99871,100,100130,100,99863,100,,,99828,100,,,,
2019-06-28 09:30:00.000000049,100019,100,99969,100,100023,100,99953,200,100027,100,99950,100,100058,100,99936,100,100065,100,99930,100,100087,200,99928,100,100088,100,99917,100,100090,100,99912,100,100110,100,99871,100,100130,100,99863,100
2019-06-28 09:30:00.000000050,100019,100,99953,200,100023,100,99950,100,100027,100,99936,100,100058,100,99930,100,100065,100,99928,100,100087,200,99917,100,100088,100,99912,100,100090,100,99871,100,100110,100,99863,100,100130,100,99828,100
2019-06-28 09:30:00.000000052,100019,100,99953,200,100023,100,99950,100,100026,100,99936,100,100027,100,99930,100,100058,100,99928,100,100065,100,99917,100,100087,200,99912,100,100088,100,99871,100,100090,100,99863,100,100110,100,99841,100
2019-06-28 09:30:00.000000054,99996,100,99953,200,100019,100,99950,100,100023,100,99936,100,100026,100,99930,100,100027,100,99928,100,100058,100,99917,100,100065,100,99912,100,100087,200,99871,100,100088,100,99863,100,100090,100,99841,100
2019-06-28 09:30:00.000000056,99996,100,99953,200,100019,100,99950,100,100023,100,99936,100,100026,100,99930,100,100027,100,99928,100,100058,100,99917,100,100065,100,99912,100,100075,100,99871,100,100087,200,99863,100,100088,100,99841,100
2019-06-28 09:30:00.000000058,99996,100,99953,200,100019,100,99950,100,100023,100,99936,100,100026,100,99930,100,100027,100,99928,100,100058,100,99917,100,100065,100,99912,100,100075,100,99871,100,100087,200,99863,100,100088,100,99841,100
2019-06-28 09:30:00.000000060,99996,100,99953,200,100019,100,99950,100,100023,100,99936,100,100026,100,99930,100,100027,100,99928,100,100058,100,99917,100,100065,100,99912,100,100075,100,99904,100,100087,200,99871,100,100088,100,99863,100
2019-06-28 09:30:00.000000062,99996,100,99953,200,99998,100,99950,100,100019,100,99936,100,100023,100,99930,100,100026,100,99928,100,100027,100,99917,100,100058,100,99912,100,100065,100,99904,100,100075,100,99871,100,100087,200,99863,100
2019-06-28 09:30:00.000000067,99998,100,99953,200,100019,100,99950,100,100023,100,99936,100,100026,100,99930,100,100027,100,99928,100,100058,100,99917,100,100065,100,99912,100,100075,100,99904,100,100087,200,99873,100,100088,100,99871,100
2019-06-28 09:30:00.000000070,99962,100,99953,200,99998,100,99950,100,100019,100,99936,100,100023,100,99930,100,100026,100,99928,100,100027,100,99917,100,100058,100,99912,100,100065,100,99904,100,100075,100,99873,100,100087,200,99871,100
2019-06-28 09:30:00.000000071,99962,100,99953,200,99998,100,99950,100,100019,100,99936,100,100023,100,99930,100,100026,100,99928,100,100027,100,99917,100,100058,100,99912,100,100065,100,99904,100,100075,100,99903,100,100087,200,99873,100
2019-06-28 09:30:00.000000073,99962,100,99953,100,99998,100,99950,100,100019,100,99936,100,100023,100,99930,100,100026,100,99928,100,100027,100,99917,100,100058,100,99912,100,100065,100,99904,100,100075,100,99903,100,100087,200,99873,100
2019-06-28 09:30:00.000000075,99962,100,99953,100,99998,100,99950,100,100019,100,99936,100,100023,100,99930,100,100026,100,99928,100,100027,100,99917,100,100058,100,99912,100,100065,100,99908,100,100075,100,99904,100,100087,200,99903,100
2019-06-28 09:30:00.000000076,99962,100,99953,200,99998,100,99950,100,100019,100,99936,100,100023,100,99930,100,100026,100,99928,100,100027,100,99917,100,100058,100,99912,100,100065,100,99908,100,100075,100,99904,100,100087,200,99903,100
2019-06-28 09:30:00.000000078,99998,100,99953,200,100019,100,99950,100,100023,100,99936,100,100026,100,99930,100,100027,100,99928,100,100058,100,99917,100,100065,100,99912,100,100075,100,99908,100,100087,200,99904,100,100088,200,99903,100
2019-06-28 09:30:00.000000081,99998,100,99953,200,100019,100,99950,100,100023,100,99936,100,100026,100,99930,100,100027,100,99928,100,100058,100,99917,100,100065,100,99912,100,100075,100,99908,100,100087,200,99904,100,100088,200,99903,100
2019-06-28 09:30:00.000000084,99998,100,99954,100,100019,100,99953,200,100023,100,99950,100,100026,100,99936,100,100027,100,99930,100,100058,100,99928,100,100065,100,99917,100,100075,100,99912,100,100087,200,99908,100,100088,200,99904,100
2019-06-28 09:30:00.000000087,99998,100,99961,100,100019,100,99954,100,100023,100,99953,200,100026,100,99950,100,100027,100,99936,100,100058,100,99930,100,100065,100,99928,100,100075,100,99917,100,100087,200,99912,100,100088,200,99908,100
2019-06-28 09:30:00.000000088,99998,100,99961,100,100019,100,99954,100,100023,100,99953,200,100026,100,99950,100,100027,100,99936,100,100058,100,99930,100,100065,100,99928,100,100075,100,99917,100,100087,200,99912,100,100088,200,99908,100
2019-06-28 09:30:00.000000089,99998,100,99961,100,100019,100,99954,200,100023,100,99953,200,100026,100,99950,100,100027,100,99936,100,100058,100,99930,100,100065,100,99928,100,100075,100,99917,100,100087,200,99912,100,100088,200,99908,100
2019-06-28 09:30:00.000000091,99998,100,99954,200,100019,100,99953,200,100023,100,99950,100,100026,100,99936,100,100027,100,99930,100,100058,100,99928,100,100065,100,99917,100,100075,100,99912,100,100087,200,99908,100,100088,200,99904,100
2019-06-28 09:30:00.000000092,99998,100,99961,100,100019,100,99954,200,100023,100,99953,200,100026,100,99950,100,100027,100,99936,100,100058,100,99930,100,100065,100,99928,100,100075,100,99917,100,100087,200,99912,100,100088,200,99908,100
2019-06-28 09:30:00.000000093,99998,100,99978,100,100019,100,99961,100,100023,100,99954,200,100026,100,99953,200,100027,100,99950,100,100058,100,99936,100,100065,100,99930,100,100075,100,99928,100,100087,200,99917,100,100088,200,99912,100
2019-06-28 09:30:10.000000000,99998,261,99978,261,100019,256,99961,256,100023,256,99954,356,100026,100,99953,200,100027,100,99950,100,100058,100,99936,100,100065,100,99930,100,100075,100,99928,100,100087,200,99917,100,100088,200,99912,100
2019-06-28 09:30:18.240319217,99998,261,99978,261,100019,256,99961,256,100023,256,99954,356,100026,100,99953,200,100058,100,99950,100,100065,100,99936,100,100075,100,99930,100,100087,200,99928,100,100088,200,99917,100,100090,100,99912,100
2019-06-28 09:30:20.000000000,99998,218,99978,218,100019,218,99961,218,100023,218,99954,318,100026,218,99953,318,100058,100,99950,100,100065,100,99936,100,100075,100,99930,100,100087,200,99928,100,100088,200,99917,100,100090,100,99912,100
2019-06-28 09:30:23.322058707,99998,218,99978,218,100019,218,99961,318,100023,218,99954,318,100026,218,99953,218,100058,100,99950,100,100065,100,99936,100,100075,100,99930,100,100087,200,99928,100,100088,200,99917,100,100090,100,99912,100
2019-06-28 09:30:26.398062908,99998,218,99978,118,100019,218,99961,318,100023,218,99954,318,100026,218,99953,218,100058,100,99950,100,100065,100,99936,100,100075,100,99930,100,100087,200,99928,100,100088,200,99917,100,100090,100,99912,100
2019-06-28 09:30:30.000000000,99998,261,99961,361,100019,256,99954,356,100023,256,99953,256,100026,100,99950,100,100058,100,99936,100,100065,100,99930,100,100075,100,99928,100,100087,200,99917,100,100088,200,99912,100,100090,100,99908,100
2019-06-28 09:30:30.349723528,99978,100,99961,361,99998,261,99954,356,100019,256,99953,256,100023,256,99950,100,100026,100,99936,100,100058,100,99930,100,100065,100,99928,100,100075,100,99917,100,100087,200,99912,100,100088,200,99908,100
2019-06-28 09:30:40.000000000,99978,573,99961,673,99998,100,99954,200,100019,100,99953,100,100023,100,99950,100,100026,100,99936,100,100058,100,99930,100,100065,100,99928,100,100075,100,99917,100,100087,200,99912,100,100088,200,99908,100
2019-06-28 09:30:40.200473654,99978,573,99961,673,99998,100,99954,200,100019,100,99953,100,100023,100,99950,100,100026,100,99936,100,100058,100,99930,100,100065,100,99928,100,100075,100,99917,100,100087,200,99912,100,100088,200,99908,100
2019-06-28 09:30:45.982183352,99978,673,99961,673,99998,100,99954,200,100019,100,99953,100,100023,100,99950,100,100026,100,99936,100,100058,100,99930,100,100065,100,99928,100,100075,100,99917,100,100087,100,99912,100,100088,200,99908,100
2019-06-28 09:30:50.000000000,99978,295,99961,295,99998,195,99954,295,100019,195,99953,195,100023,195,99950,195,100026,195,99936,195,100058,100,99930,100,100065,100,99928,100,100075,100,99917,100,100087,100,99912,100,100088,200,99908,100
2019-06-28 09:31:00.000000000,99978,361,99961,361,99998,256,99954,356,100019,256,99953,256,100023,100,99950,100,100026,100,99936,100,100058,100,99930,100,100065,100,99928,100,100075,100,99917,100,100087,100,99912,100,100088,200,99908,100
2019-06-28 09:31:10.000000000,99978,361,99961,361,99998,256,99954,356,100019,256,99953,256,100023,100,99950,100,100026,100,99936,100,100058,100,99930,100,100065,100,99928,100,100075,100,99917,100,100087,100,99912,100,100088,200,99908,100
2019-06-28 09:31:20.000000000,99978,436,99961,436,99998,336,99954,436,100019,100,99953,100,100023,100,99950,100,100026,100,99936,100,100058,100,99930,100,100065,100,99928,100,100075,100,99917,100,100087,100,99912,100,100088,200,99908,100
2019-06-28 09:31:27.561980713,99978,336,99961,436,99998,336,99954,436,100019,100,99953,100,100023,100,99950,100,100026,100,99936,100,100058,100,99930,100,100065,100,99928,100,100075,100,99917,100,100087,100,99912,100,100088,200,99908,100
2019-06-28 09:31:30.000000000,99978,195,99961,295,99998,195,99954,295,100019,195,99953,195,100023,195,99950,195,100026,195,99936,195,100058,100,99930,100,100065,100,99928,100,100075,100,99917,100,100087,100,99912,100,100088,200,99908,100
2019-06-28 09:31:40.000000000,99978,336,99961,436,99998,336,99954,436,100019,100,99953,100,100023,100,99950,100,100026,100,99936,100,100058,100,99930,100,100065,100,99928,100,100075,100,99917,100,100087,100,99912,100,100088,200,99908,100
2019-06-28 09:31:43.595815578,99978,236,99961,436,99998,336,99954,436,100019,100,99953,100,100023,100,99950,100,100026,100,99936,100,100058,100,99930,100,100065,100,99928,100,100075,100,99917,100,100087,100,99912,100,100088,200,99908,100
2019-06-28 09:31:44.708049116,99978,136,99961,436,99998,336,99954,436,100019,100,99953,100,100023,100,99950,100,100058,100,99936,100,100065,100,99930,100,100075,100,99928,100,100087,100,99917,100,100088,200,99912,100,100090,100,99908,100
2019-06-28 09:31:46.953166157,99978,136,99961,436,99998,336,99954,436,100019,100,99953,100,100023,100,99950,100,100058,100,99936,100,100065,100,99928,100,100075,100,99917,100,100087,100,99912,100,100088,200,99908,100,100090,100,99904,100
2019-06-28 09:31:50.000000000,99998,218,99961,318,100019,218,99954,318,100023,218,99953,218,100058,218,99950,218,100065,100,99936,100,100075,100,99928,100,100087,100,99917,100,100088,200,99912,100,100090,100,99908,100,100110,100,99904,100
2019-06-28 09:32:00.000000000,99998,336,99961,436,100019,336,99954,436,100023,100,99953,100,100058,100,99950,100,100065,100,99936,100,100075,100,99928,100,100087,100,99917,100,100088,200,99912,100,100090,100,99908,100,100110,100,99904,100
2019-06-28 09:32:04.528795112,99998,336,99978,100,100019,336,99961,436,100023,100,99954,436,100058,100,99953,100,100065,100,99950,100,100075,100,99936,100,100087,100,99928,100,100088,200,99917,100,100090,100,99912,100,100110,100,99908,100
2019-06-28 09:32:05.181966106,99998,336,99978,200,100019,336,99961,436,100023,100,99954,336,100058,100,99953,100,100065,100,99950,100,100075,100,99936,100,100087,100,99928,100,100088,200,99917,100,100090,100,99912,100,100110,100,99908,100
2019-06-28 09:32:10.000000000,99998,573,99978,673,100019,100,99961,200,100023,100,99954,100,100058,100,99953,100,100065,100,99950,100,100075,100,99936,100,100087,100,99928,100,100088,200,99917,100,100090,100,99912,100,100110,100,99908,100
2019-06-28 09:32:20.000000000,99998,573,99978,673,100019,100,99961,200,100023,100,99954,100,100058,100,99953,100,100065,100,99950,100,100075,100,99936,100,100087,100,99928,100,100088,200,99917,100,100090,100,99912,100,100110,100,99908,100
2019-06-28 09:32:30.000000000,99998,195,99978,295,100019,195,99961,295,100023,195,99954,195,100058,195,99953,195,100065,195,99950,195,100075,100,99936,100,100087,100,99928,100,100088,200,99917,100,100090,100,99912,100,100110,100,99908,100
2019-06-28 09:32:31.040868967,99998,195,99978,295,100019,195,99961,295,100023,195,99954,195,100058,195,99953,195,100065,195,99950,195,100075,100,99936,100,100087,100,99928,100,100088,200,99917,100,100110,100,99912,100,100125,100,99908,100
2019-06-28 09:32:38.226624834,99998,195,99978,295,99999,100,99961,295,100019,195,99954,195,100023,195,99953,195,100058,195,99950,195,100065,195,99936,100,100075,100,99928,100,100087,100,99917,100,100088,200,99912,100,100110,100,99908,100
2019-06-28 09:32:40.000000000,99998,195,99978,295,99999,195,99961,295,100019,195,99954,195,100023,195,99953,195,100058,195,99950,195,100065,100,99936,100,100075,100,99928,100,100087,100,99917,100,100088,200,99912,100,100110,100,99908,100
2019-06-28 09:32:47.545476165,99998,195,99978,195,99999,95,99961,295,100019,195,99954,195,100023,195,99953,195,100058,195,99950,195,100065,100,99936,100,100075,100,99928,100,100087,100,99917,100,100088,200,99912,100,100110,100,99908,100
2019-06-28 09:32:50.000000000,99998,261,99978,261,100019,256,99961,356,100023,256,99954,256,100058,100,99953,100,100065,100,99950,100,100075,100,99936,100,100087,100,99928,100,100088,200,99917,100,100110,100,99912,100,100125,100,99908,100
2019-06-28 09:33:00.000000000,99998,573,99978,573,100019,100,99961,200,100023,100,99954,100,100058,100,99953,100,100065,100,99950,100,100075,100,99936,100,100087,100,99928,100,100088,200,99917,100,100110,100,99912,100,100125,100,99908,100
2019-06-28 09:33:10.000000000,99998,195,99978,195,100019,195,99961,295,100023,195,99954,195,100058,195,99953,195,100065,195,99950,195,100075,100,99936,100,100087,100,99928,100,100088,200,99917,100,100110,100,99912,100,100125,100,99908,100
2019-06-28 09:33:20.000000000,99998,218,99978,218,100019,218,99961,318,100023,218,99954,218,100058,218,99953,218,100065,100,99950,100,100075,100,99936,100,100087,100,99928,100,100088,200,99917,100,100110,100,99912,100,100125,100,99908,100
2019-06-28 09:33:24.105226584,99998,218,99978,118,100019,218,99961,318,100023,218,99954,218,100058,218,99953,218,100065,100,99950,100,100075,100,99936,100,100087,100,99928,100,100088,200,99917,100,100110,100,99912,100,100125,100,99908,100
2019-06-28 09:33:30.000000000,99998,261,99961,361,100019,256,99954,256,100023,256,99953,256,100058,100,99950,100,100065,100,99936,100,100075,100,99928,100,100087,100,99917,100,100088,200,99912,100,100110,100,99908,100,100125,100,99904,100
2019-06-28 09:33:40.000000000,99998,195,99961,295,100019,195,99954,195,100023,195,99953,195,100058,195,99950,195,100065,195,99936,195,100075,100,99928,100,100087,100,99917,100,100088,200,99912,100,100110,100,99908,100,100125,100,99904,100
2019-06-28 09:33:50.000000000,99998,573,99961,673,100019,100,99954,100,100023,100,99953,100,100058,100,99950,100,100065,100,99936,100,100075,100,99928,100,100087,100,99917,100,100088,200,99912,100,100110,100,99908,100,100125,100,99904,100
2019-06-28 09:33:59.930289792,99998,573,99961,573,100019,100,99954,100,100023,100,99953,100,100058,100,99950,100,100065,100,99936,100,100075,100,99928,100,100088,200,99917,100,100110,100,99912,100,100125,100,99908,100,100130,100,99904,100
2019-06-28 09:34:00.000000000,99998,195,99961,195,100019,195,99954,195,100023,195,99953,195,100058,195,99950,195,100065,195,99936,195,100075,100,99928,100,100088,200,99917,100,100110,100,99912,100,100125,100,99908,100,100130,100,99904,100
2019-06-28 09:34:10.000000000,99998,218,99961,218,100019,218,99954,218,100023,218,99953,218,100058,218,99950,218,100065,100,99936,100,100075,100,99928,100,100088,200,99917,100,100110,100,99912,100,100125,100,99908,100,100130,100,99904,100
2019-06-28 09:34:20.000000000,99998,573,99961,573,100019,100,99954,100,100023,100,99953,100,100058,100,99950,100,100065,100,99936,100,100075,100,99928,100,100088,200,99917,100,100110,100,99912,100,100125,100,99908,100,100130,100,99904,100
2019-06-28 09:34:30.000000000,99998,336,99961,336,100019,336,99954,336,100023,100,99953,100,100058,100,99950,100,100065,100,99936,100,100075,100,99928,100,100088,200,99917,100,100110,100,99912,100,100125,100,99908,100,100130,100,99904,100
2019-06-28 09:34:30.850761693,99998,336,99961,336,100019,336,99954,336,100023,100,99953,100,100058,100,99950,100,100065,100,99936,100,100075,100,99928,100,100088,200,99917,100,100110,100,99912,100,100130,100,99908,100,100190,100,99904,100
2019-06-28 09:34:40.000000000,99998,261,99961,261,100019,256,99954,256,100023,256,99953,256,100058,100,99950,100,100065,100,99936,100,100075,100,99928,100,100088,200,99917,100,100110,100,99912,100,100130,100,99908,100,100190,100,99904,100
2019-06-28 09:34:50.000000000,99998,218,99961,218,100019,218,99954,218,100023,218,99953,218,100058,218,99950,218,100065,100,99936,100,100075,100,99928,100,100088,200,99917,100,100110,100,99912,100,100130,100,99908,100,100190,100,99904,100
2019-06-28 09:35:00.000000000,99998,573,99961,573,100019,100,99954,100,100023,100,99953,100,100058,100,99950,100,100065,100,99936,100,100075,100,99928,100,100088,200,99917,100,100110,100,99912,100,100130,100,99908,100,100190,100,99904,100
2019-06-28 09:35:10.000000000,99998,218,99961,218,100019,218,99954,218,100023,218,99953,218,100058,218,99950,218,100065,100,99936,100,100075,100,99928,100,100088,200,99917,100,100110,100,99912,100,100130,100,99908,100,100190,100,99904,100
2019-06-28 09:35:20.000000000,99998,195,99961,195,100019,195,99954,195,100023,195,99953,195,100058,195,99950,195,100065,195,99936,195,100075,100,99928,100,100088,200,99917,100,100110,100,99912,100,100130,100,99908,100,100190,100,99904,100
2019-06-28 09:35:28.716036520,99978,100,99961,195,99998,195,99954,195,100019,195,99953,195,100023,195,99950,195,100058,195,99936,195,100065,195,99928,100,100075,100,99917,100,100088,200,99912,100,100110,100,99908,100,100190,100,99904,100
2019-06-28 09:35:30.000000000,99978,195,99961,195,99998,195,99954,195,100019,195,99953,195,100023,195,99950,195,100058,195,99936,195,100065,100,99928,100,100075,100,99917,100,100088,200,99912,100,100110,100,99908,100,100190,100,99904,100
2019-06-28 09:35:40.000000000,99978,218,99961,218,99998,218,99954,218,100019,218,99953,218,100023,218,99950,218,100058,100,99936,100,100065,100,99928,100,100075,100,99917,100,100088,200,99912,100,100110,100,99908,100,100190,100,99904,100
2019-06-28 09:35:50.000000000,99978,195,99961,195,99998,195,99954,195,100019,195,99953,195,100023,195,99950,195,100058,195,99936,195,100065,100,99928,100,100075,100,99917,100,100088,200,99912,100,100110,100,99908,100,100190,100,99904,100
2019-06-28 09:36:00.000000000,99978,336,99961,336,99998,336,99954,336,100019,100,99953,100,100023,100,99950,100,100058,100,99936,100,100065,100,99928,100,100075,100,99917,100,100088,200,99912,100,100110,100,99908,100,100190,100,99904,100
2019-06-28 09:36:10.000000000,99978,261,99961,261,99998,256,99954,256,100019,256,99953,256,100023,100,99950,100,100058,100,99936,100,100065,100,99928,100,100075,100,99917,100,100088,200,99912,100,100110,100,99908,100,100190,100,99904,100
2019-06-28 09:36:20.000000000,99978,261,99961,261,99998,256,99954,256,100019,256,99953,256,100023,100,99950,100,100058,100,99936,100,100065,100,99928,100,100075,100,99917,100,100088,200,99912,100,100110,100,99908,100,100190,100,99904,100
2019-06-28 09:36:30.000000000,99978,336,99961,336,99998,336,99954,336,100019,100,99953,100,100023,100,99950,100,100058,100,99936,100,100065,100,99928,100,100075,100,99917,100,100088,200,99912,100,100110,100,99908,100,100190,100,99904,100
2019-06-28 09:36:40.000000000,99978,261,99961,261,99998,256,99954,256,100019,256,99953,256,100023,100,99950,100,100058,100,99936,100,100065,100,99928,100,100075,100,99917,100,100088,200,99912,100,100110,100,99908,100,100190,100,99904,100
2019-06-28 09:36:43.348411658,99978,261,99961,161,99998,256,99954,256,100019,256,99953,256,100023,100,99950,100,100058,100,99936,100,100065,100,99928,100,100075,100,99917,100,100088,200,99912,100,100110,100,99908,100,100190,100,99904,100
2019-06-28 09:36:50.000000000,99978,336,99954,336,99998,336,99953,336,100019,100,99950,100,100023,100,99936,100,100058,100,99928,100,100065,100,99917,100,100075,100,99912,100,100088,200,99908,100,100110,100,99904,100,100190,100,99888,100
2019-06-28 09:36:57.546244182,99978,336,99954,236,99998,336,99953,336,100019,100,99950,100,100023,100,99936,100,100058,100,99928,100,100065,100,99917,100,100075,100,99912,100,100088,200,99908,100,100110,100,99904,100,100190,100,99888,100
2019-06-28 09:37:00.000000000,99978,336,99953,336,99998,336,99950,336,100019,100,99936,100,100023,100,99928,100,100058,100,99917,100,100065,100,99912,100,100075,100,99908,100,100088,200,99904,100,100110,100,99888,100,100190,100,99873,100
2019-06-28 09:37:05.024365533,99978,336,99953,236,99998,336,99950,336,100019,100,99936,100,100023,100,99928,100,100058,100,99917,100,100065,100,99912,100,100075,100,99908,100,100088,200,99904,100,100110,100,99888,100,100190,100,99873,100
2019-06-28 09:37:09.262576772,99978,336,99953,136,99998,336,99950,336,100019,100,99936,100,100023,100,99928,100,100058,100,99917,100,100065,100,99912,100,100075,100,99908,100,100088,200,99904,100,100110,100,99888,100,100190,100,99873,100
2019-06-28 09:37:10.000000000,99978,218,99950,218,99998,218,99936,218,100019,218,99928,218,100023,218,99917,218,100058,100,99912,100,100065,100,99908,100,100075,100,99904,100,100088,200,99888,100,100110,100,99873,100,100190,100,99871,100
2019-06-28 09:37:17.782913642,99978,218,99950,218,99998,218,99936,218,100019,218,99928,218,100023,218,99917,218,100058,100,99912,100,100065,100,99908,100,100075,100,99904,100,100088,200,99888,100,100110,100,99873,100,100190,100,99871,100
2019-06-28 09:37:20.000000000,99978,261,99950,261,99998,256,99936,256,100019,256,99928,256,100023,100,99917,100,100058,100,99912,100,100065,100,99908,100,100075,100,99904,100,100088,200,99888,100,100110,100,99873,100,100190,100,99871,100
2019-06-28 09:37:30.000000000,99978,261,99950,261,99998,256,99936,256,100019,256,99928,256,100023,100,99917,100,100058,100,99912,100,100065,100,99908,100,100075,100,99904,100,100088,200,99888,100,100110,100,99873,100,100190,100,99871,100
2019-06-28 09:37:40.000000000,99978,261,99950,261,99998,256,99936,256,100019,256,99928,256,100023,100,99917,100,100058,100,99912,100,100065,100,99908,100,100075,100,99904,100,100088,200,99888,100,100110,100,99873,100,100190,100,99871,100
2019-06-28 09:37:44.053317851,99978,261,99950,161,99998,256,99936,256,100019,256,99928,256,100023,100,99917,100,100058,100,99912,100,100065,100,99908,100,100075,100,99904,100,100088,200,99888,100,100110,100,99873,100,100190,100,99871,100
2019-06-28 09:37:47.459961366,99978,261,99950,61,99998,256,99936,256,100019,256,99928,256,100023,100,99917,100,100058,100,99912,100,100065,100,99908,100,100075,100,99904,100,100088,200,99888,100,100110,100,99873,100,100190,100,99871,100
2019-06-28 09:37:50.000000000,99978,218,99936,218,99998,218,99928,218,100019,218,99917,218,100023,218,99912,218,100058,100,99908,100,100065,100,99904,100,100075,100,99888,100,100088,200,99873,100,100110,100,99871,100,100190,100,99855,100
2019-06-28 09:38:00.000000000,99978,336,99936,336,99998,336,99928,336,100019,100,99917,100,100023,100,99912,100,100058,100,99908,100,100065,100,99904,100,100075,100,99888,100,100088,200,99873,100,100110,100,99871,100,100190,100,99855,100
2019-06-28 09:38:00.861620521,99978,336,99936,336,99998,336,99928,336,100019,100,99917,100,100023,100,99912,100,100058,100,99908,100,100065,100,99904,100,100075,100,99888,100,100088,200,99873,100,100110,100,99871,100,100190,100,99855,100
2019-06-28 09:38:10.000000000,99978,336,99936,336,99998,336,99928,336,100019,100,99917,100,100023,100,99912,100,100058,100,99908,100,100065,100,99904,100,100075,100,99888,100,100088,200,99873,100,100110,100,99871,100,100190,100,99855,100
2019-06-28 09:38:19.428821623,99978,336,99936,236,99998,336,99928,336,100019,100,99917,100,100023,100,99912,100,100058,100,99908,100,100065,100,99904,100,100075,100,99888,100,100088,200,99873,100,100110,100,99871,100,100190,100,99855,100
2019-06-28 09:38:20.000000000,99978,195,99928,195,99998,195,99917,195,100019,195,99912,195,100023,195,99908,195,100058,195,99904,195,100065,100,99888,100,100075,100,99873,100,100088,200,99871,100,100110,100,99855,100,100190,100,99841,100
2019-06-28 09:38:20.581136399,99978,195,99928,195,99998,195,99917,195,100019,195,99912,195,100023,195,99908,195,100058,195,99904,195,100065,100,99888,100,100075,100,99873,100,100088,200,99871,100,100110,100,99855,100,100190,100,99841,100
2019-06-28 09:38:30.000000000,99978,195,99928,195,99998,195,99917,195,100019,195,99912,195,100023,195,99908,195,100058,195,99904,195,100065,100,99888,100,100075,100,99873,100,100088,200,99871,100,100110,100,99855,100,100190,100,99841,100
2019-06-28 09:38:31.160323291,99978,195,99928,195,99998,195,99917,195,100019,195,99912,195,100023,195,99908,195,100058,195,99904,195,100065,100,99888,100,100075,100,99873,100,100088,200,99871,100,100110,100,99855,100,100190,100,99841,100
2019-06-28 09:38:38.221144462,99950,100,99928,195,99978,195,99917,195,99998,195,99912,195,100019,195,99908,195,100023,195,99904,195,100058,195,99888,100,100065,100,99873,100,100075,100,99871,100,100088,200,99855,100,100110,100,99841,100
2019-06-28 09:38:40.000000000,99950,218,99928,218,99978,218,99917,218,99998,218,99912,218,100019,218,99908,218,100023,100,99904,100,100058,100,99888,100,100065,100,99873,100,100075,100,99871,100,100088,200,99855,100,100110,100,99841,100
2019-06-28 09:38:50.000000000,99950,261,99928,261,99978,256,99917,256,99998,256,99912,256,100019,100,99908,100,100023,100,99904,100,100058,100,99888,100,100065,100,99873,100,100075,100,99871,100,100088,200,99855,100,100110,100,99841,100
2019-06-28 09:38:55.435745626,99950,261,99928,161,99978,256,99917,256,99998,256,99912,256,100019,100,99908,100,100023,100,99904,100,100058,100,99888,100,100065,100,99873,100,100075,100,99871,100,100088,200,99855,100,100110,100,99841,100
2019-06-28 09:39:00.000000000,99950,195,99917,195,99978,195,99912,195,99998,195,99908,195,100019,195,99904,195,100023,195,99888,195,100058,100,99873,100,100065,100,99871,100,100075,100,99855,100,100088,200,99841,100,100110,100,99169,100
2019-06-28 09:39:03.027850844,99950,195,99917,95,99978,195,99912,195,99998,195,99908,195,100019,195,99904,195,100023,195,99888,195,100058,100,99873,100,100065,100,99871,100,100075,100,99855,100,100088,200,99841,100,100110,100,99169,100
2019-06-28 09:39:10.000000000,99950,195,99912,195,99978,195,99908,195,99998,195,99904,195,100019,195,99888,195,100023,195,99873,195,100058,100,99871,100,100065,100,99855,100,100075,100,99841,100,100088,200,99169,100,100110,100,99006,100
2019-06-28 09:39:16.046110772,99950,195,99912,95,99978,195,99908,95,99998,195,99904,195,100019,195,99888,195,100023,195,99873,195,100058,100,99871,100,100065,100,99855,100,100075,100,99841,100,100088,200,99169,100,100110,100,99006,100
2019-06-28 09:39:20.000000000,99950,573,99904,573,99978,100,99888,100,99998,100,99873,100,100019,100,99871,100,100023,100,99855,100,100058,100,99841,100,100065,100,99169,100,100075,100,99006,100,100088,200,98952,100,100110,100,,
2019-06-28 09:39:24.298070009,99917,100,99904,573,99950,573,99888,100,99978,100,99873,100,99998,100,99871,100,100019,100,99855,100,100023,100,99841,100,100058,100,99169,100,100065,100,99006,100,100075,100,98952,100,100088,200,,
2019-06-28 09:39:30.000000000,99917,573,99904,573,99950,100,99888,100,99978,100,99873,100,99998,100,99871,100,100019,100,99855,100,100023,100,99841,100,100058,100,99169,100,100065,100,99006,100,100075,100,98952,100,100088,200,,
2019-06-28 09:39:37.854721973,99917,573,99904,473,99950,100,99888,100,99978,100,99873,100,99998,100,99871,100,100019,100,99855,100,100023,100,99841,100,100058,100,99169,100,100065,100,99006,100,100075,100,98952,100,100088,200,,
2019-06-28 09:39:39.336449103,99917,573,99904,473,99950,100,99888,100,99978,100,99873,100,99998,100,99871,100,100019,100,99855,100,100023,100,99841,100,100058,100,99497,100,100065,100,99169,100,100075,100,99006,100,100088,200,98952,100
2019-06-28 09:39:40.000000000,99917,218,99888,218,99950,218,99873,218,99978,218,99871,218,99998,218,99855,218,100019,100,99841,100,100023,100,99497,100,100058,100,99169,100,100065,100,99006,100,100075,100,98952,100,100088,200,,
2019-06-28 09:39:49.599083503,99917,218,99888,218,99950,218,99873,218,99978,218,99871,218,99998,218,99855,218,100019,100,99841,100,100023,100,99497,100,100058,100,99216,100,100065,100,99169,100,100075,100,99006,100,100088,200,98952,100
2019-06-28 09:39:50.000000000,99917,261,99888,261,99950,256,99873,256,99978,256,99871,256,99998,100,99855,100,100019,100,99841,100,100023,100,99497,100,100058,100,99216,100,100065,100,99169,100,100075,100,99006,100,100088,200,98952,100
2019-06-28 09:40:00.000000000,99917,218,99888,218,99950,218,99873,218,99978,218,99871,218,99998,218,99855,218,100019,100,99841,100,100023,100,99497,100,100058,100,99216,100,100065,100,99169,100,100075,100,99006,100,100088,200,98952,100
2019-06-28 09:40:10.000000000,99917,261,99888,261,99950,256,99873,256,99978,256,99871,256,99998,100,99855,100,100019,100,99841,100,100023,100,99497,100,100058,100,99216,100,100065,100,99169,100,100075,100,99006,100,100088,200,98952,100
2019-06-28 09:40:15.186341523,99912,100,99888,261,99917,261,99873,256,99950,256,99871,256,99978,256,99855,100,99998,100,99841,100,100019,100,99497,100,100023,100,99216,100,100058,100,99169,100,100065,100,99006,100,100075,100,98952,100
2019-06-28 09:40:19.223021381,99912,200,99888,261,99917,261,99873,256,99950,256,99871,256,99978,256,99855,100,99998,100,99841,100,100019,100,99497,100,100023,100,99216,100,100058,100,99169,100,100065,100,99006,100,100075,100,98952,100
2019-06-28 09:40:20.000000000,99912,436,99888,336,99917,336,99873,336,99950,100,99871,100,99978,100,99855,100,99998,100,99841,100,100019,100,99497,100,100023,100,99216,100,100058,100,99169,100,100065,100,99006,100,100075,100,98952,100
2019-06-28 09:40:21.509506494,99912,436,99888,336,99917,336,99873,336,99950,100,99871,100,99978,100,99855,100,99998,100,99841,100,100019,100,99497,100,100023,100,99265,100,100058,100,99216,100,100065,100,99169,100,100075,100,99006,100
2019-06-28 09:40:30.000000000,99912,295,99888,195,99917,195,99873,195,99950,195,99871,195,99978,195,99855,195,99998,195,99841,195,100019,100,99497,100,100023,100,99265,100,100058,100,99216,100,100065,100,99169,100,100075,100,99006,100
2019-06-28 09:40:32.688060746,99912,295,99888,95,99917,195,99873,195,99950,195,99871,195,99978,195,99855,195,99998,195,99841,195,100019,100,99497,100,100023,100,99271,100,100058,100,99265,100,100065,100,99216,100,100075,100,99169,100
2019-06-28 09:40:40.000000000,99912,295,99873,195,99917,195,99871,195,99950,195,99855,195,99978,195,99841,195,99998,195,99497,195,100019,100,99271,100,100023,100,99265,100,100058,100,99216,100,100065,100,99169,100,100075,100,99006,100
2019-06-28 09:40:46.819482459,99912,295,99873,95,99917,195,99871,195,99950,195,99855,195,99978,195,99841,195,99998,195,99497,195,100019,100,99271,100,100023,100,99265,100,100058,100,99216,100,100065,100,99169,100,100075,100,99006,100
2019-06-28 09:40:47.989197580,99873,5,99871,195,99912,295,99855,195,99917,195,99841,195,99950,195,99497,195,99978,195,99271,100,99998,195,99216,100,100019,100,99169,100,100023,100,99006,100,100058,100,98952,100,100065,100,,
2019-06-28 09:40:50.000000000,99873,166,99871,261,99912,356,99855,256,99917,256,99841,256,99950,100,99497,100,99978,100,99271,100,99998,100,99216,100,100019,100,99169,100,100023,100,99006,100,100058,100,98952,100,100065,100,,
2019-06-28 09:41:00.000000000,99873,241,99871,336,99912,436,99855,336,99917,100,99841,100,99950,100,99497,100,99978,100,99271,100,99998,100,99216,100,100019,100,99169,100,100023,100,99006,100,100058,100,98952,100,100065,100,,
2019-06-28 09:41:10.000000000,99873,123,99871,218,99912,318,99855,218,99917,218,99841,218,99950,218,99497,218,99978,100,99271,100,99998,100,99216,100,100019,100,99169,100,100023,100,99006,100,100058,100,98952,100,100065,100,,
2019-06-28 09:41:20.000000000,99873,478,99871,573,99912,200,99855,100,99917,100,99841,100,99950,100,99497,100,99978,100,99271,100,99998,100,99216,100,100019,100,99169,100,100023,100,99006,100,100058,100,98952,100,100065,100,,
2019-06-28 09:41:29.612840286,99873,478,99871,473,99912,200,99855,100,99917,100,99841,100,99950,100,99497,100,99978,100,99271,100,99998,100,99216,100,100019,100,99169,100,100023,100,99006,100,100058,100,98952,100,100075,100,,
2019-06-28 09:41:30.000000000,99873,478,99855,573,99912,200,99841,100,99917,100,99497,100,99950,100,99271,100,99978,100,99216,100,99998,100,99169,100,100019,100,99006,100,100023,100,98952,100,100058,100,,,100075,100,,
2019-06-28 09:41:40.000000000,99873,241,99855,336,99912,436,99841,336,99917,100,99497,100,99950,100,99271,100,99978,100,99216,100,99998,100,99169,100,100019,100,99006,100,100023,100,98952,100,100058,100,,,100075,100,,
2019-06-28 09:41:50.000000000,99873,241,99855,336,99912,436,99841,336,99917,100,99497,100,99950,100,99271,100,99978,100,99216,100,99998,100,99169,100,100019,100,99006,100,100023,100,98952,100,100058,100,,,100075,100,,
2019-06-28 09:41:55.471422419,99873,141,99855,336,99912,436,99841,336,99917,100,99497,100,99950,100,99271,100,99978,100,99216,100,99998,100,99169,100,100019,100,99006,100,100023,100,98952,100,100058,100,,,100075,100,,
2019-06-28 09:42:00.000000000,99912,436,99855,336,99917,336,99841,336,99950,100,99497,100,99978,100,99271,100,99998,100,99216,100,100019,100,99169,100,100023,100,99006,100,100058,100,98952,100,100075,100,,,100088,200,,
2019-06-28 09:42:07.893313273,99868,100,99855,236,99912,436,99841,336,99917,336,99497,100,99950,100,99271,100,99978,100,99216,100,99998,100,99169,100,100019,100,99006,100,100023,100,98952,100,100058,100,,,100075,100,,
2019-06-28 09:42:10.000000000,99868,261,99841,261,99912,356,99497,256,99917,256,99271,256,99950,100,99216,100,99978,100,99169,100,99998,100,99006,100,100019,100,98952,100,100023,100,,,100058,100,,,100075,100,,
2019-06-28 09:42:20.000000000,99868,336,99841,336,99912,436,99497,336,99917,100,99271,100,99950,100,99216,100,99978,100,99169,100,99998,100,99006,100,100019,100,98952,100,100023,100,,,100058,100,,,100075,100,,
2019-06-28 09:42:30.000000000,99868,261,99841,261,99912,356,99497,256,99917,256,99271,256,99950,100,99216,100,99978,100,99169,100,99998,100,99006,100,100019,100,98952,100,100023,100,,,100058,100,,,100075,100,,
2019-06-28 09:42:38.065282145,99868,261,99841,261,99912,356,99827,100,99917,256,99497,256,99950,100,99271,256,99978,100,99216,100,99998,100,99169,100,100019,100,99006,100,100023,100,98952,100,100058,100,,,100075,100,,
2019-06-28 09:42:40.000000000,99868,195,99841,195,99912,295,99827,195,99917,195,99497,195,99950,195,99271,195,99978,195,99216,195,99998,100,99169,100,100019,100,99006,100,100023,100,98952,100,100058,100,,,100075,100,,
2019-06-28 09:42:48.572785152,99868,195,99841,195,99912,295,99827,195,99917,195,99730,100,99950,195,99497,195,99978,195,99271,195,99998,100,99216,195,100019,100,99169,100,100023,100,99006,100,100058,100,98952,100,100075,100,,
2019-06-28 09:42:50.000000000,99868,336,99841,336,99912,436,99827,336,99917,100,99730,100,99950,100,99497,100,99978,100,99271,100,99998,100,99216,100,100019,100,99169,100,100023,100,99006,100,100058,100,98952,100,100075,100,,
2019-06-28 09:42:55.267202679,99868,236,99841,336,99912,436,99827,336,99917,100,99730,100,99950,100,99497,100,99978,100,99271,100,99998,100,99216,100,100019,100,99169,100,100023,100,99006,100,100058,100,98952,100,100075,100,,
2019-06-28 09:43:00.000000000,99912,673,99841,573,99917,100,99827,100,99950,100,99730,100,99978,100,99497,100,99998,100,99271,100,100019,100,99216,100,100023,100,99169,100,100058,100,99006,100,100075,100,98952,100,100088,200,,
2019-06-28 09:43:04.861446691,99912,673,99841,573,99917,100,99827,100,99950,100,99735,100,99978,100,99730,100,99998,100,99497,100,100019,100,99271,100,100023,100,99216,100,100058,100,99169,100,100075,100,99006,100,100088,200,98952,100
2019-06-28 09:43:09.585801773,99912,573,99841,573,99917,100,99827,100,99950,100,99735,100,99978,100,99730,100,99998,100,99497,100,100019,100,99271,100,100023,100,99216,100,100058,100,99169,100,100075,100,99006,100,100088,200,98952,100
2019-06-28 09:43:10.000000000,99912,218,99841,218,99917,218,99827,218,99950,218,99735,218,99978,218,99730,218,99998,100,99497,100,100019,100,99271,100,100023,100,99216,100,100058,100,99169,100,100075,100,99006,100,100088,200,98952,100
2019-06-28 09:43:20.000000000,99912,573,99841,573,99917,100,99827,100,99950,100,99735,100,99978,100,99730,100,99998,100,99497,100,100019,100,99271,100,100023,100,99216,100,100058,100,99169,100,100075,100,99006,100,100088,200,98952,100
2019-06-28 09:43:30.000000000,99912,336,99841,336,99917,336,99827,336,99950,100,99735,100,99978,100,99730,100,99998,100,99497,100,100019,100,99271,100,100023,100,99216,100,100058,100,99169,100,100075,100,99006,100,100088,200,98952,100
2019-06-28 09:43:40.000000000,99912,573,99841,573,99917,100,99827,100,99950,100,99735,100,99978,100,99730,100,99998,100,99497,100,100019,100,99271,100,100023,100,99216,100,100058,100,99169,100,100075,100,99006,100,100088,200,98952,100
2019-06-28 09:43:50.000000000,99912,336,99841,336,99917,336,99827,336,99950,100,99735,100,99978,100,99730,100,99998,100,99497,100,100019,100,99271,100,100023,100,99216,100,100058,100,99169,100,100075,100,99006,100,100088,200,98952,100
2019-06-28 09:44:00.000000000,99912,218,99841,218,99917,218,99827,218,99950,218,99735,218,99978,218,99730,218,99998,100,99497,100,100019,100,99271,100,100023,100,99216,100,100058,100,99169,100,100075,100,99006,100,100088,200,98952,100
2019-06-28 09:44:10.000000000,99912,218,99841,218,99917,218,99827,218,99950,218,99735,218,99978,218,99730,218,99998,100,99497,100,100019,100,99271,100,100023,100,99216,100,100058,100,99169,100,100075,100,99006,100,100088,200,98952,100
2019-06-28 09:44:20.000000000,99912,218,99841,218,99917,218,99827,218,99950,218,99735,218,99978,218,99730,218,99998,100,99497,100,100019,100,99271,100,100023,100,99216,100,100058,100,99169,100,100075,100,99006,100,100088,200,98952,100
2019-06-28 09:44:30.000000000,99912,573,99841,573,99917,100,99827,100,99950,100,99735,100,99978,100,99730,100,99998,100,99497,100,100019,100,99271,100,100023,100,99216,100,100058,100,99169,100,100075,100,99006,100,100088,200,98952,100
2019-06-28 09:44:40.000000000,99912,218,99841,218,99917,218,99827,218,99950,218,99735,218,99978,218,99730,218,99998,100,99497,100,100019,100,99271,100,100023,100,99216,100,100058,100,99169,100,100075,100,99006,100,100088,200,98952,100
2019-06-28 09:44:50.000000000,99912,195,99841,195,99917,195,99827,195,99950,195,99735,195,99978,195,99730,195,99998,195,99497,195,100019,100,99271,100,100023,100,99216,100,100058,100,99169,100,100075,100,99006,100,100088,200,98952,100
2019-06-28 09:44:51.087747110,99912,195,99868,100,99917,195,99841,195,99950,195,99827,195,99978,195,99735,195,99998,195,99730,195,100019,100,99497,195,100023,100,99271,100,100058,100,99216,100,100075,100,99169,100,100088,200,99006,100
2019-06-28 09:45:00.000000000,99912,218,99868,218,99917,218,99841,218,99950,218,99827,218,99978,218,99735,218,99998,100,99730,100,100019,100,99497,100,100023,100,99271,100,100058,100,99216,100,100075,100,99169,100,100088,200,99006,100
2019-06-28 09:45:03.991187078,99912,218,99868,318,99917,218,99841,218,99950,218,99827,218,99978,218,99735,218,99998,100,99730,100,100019,100,99497,100,100023,100,99271,100,100058,100,99216,100,100075,100,99169,100,100088,200,99006,100
2019-06-28 09:45:10.000000000,99912,218,99868,318,99917,218,99841,218,99950,218,99827,218,99978,218,99735,218,99998,100,99730,100,100019,100,99497,100,100023,100,99271,100,100058,100,99216,100,100075,100,99169,100,100088,200,99006,100
2019-06-28 09:45:20.000000000,99912,195,99868,295,99917,195,99841,195,99950,195,99827,195,99978,195,99735,195,99998,195,99730,195,100019,100,99497,100,100023,100,99271,100,100058,100,99216,100,100075,100,99169,100,100088,200,99006,100
2019-06-28 09:45:30.000000000,99912,195,99868,295,99917,195,99841,195,99950,195,99827,195,99978,195,99735,195,99998,195,99730,195,100019,100,99497,100,100023,100,99271,100,100058,100,99216,100,100075,100,99169,100,100088,200,99006,100
2019-06-28 09:45:39.940125099,99912,95,99868,295,99917,195,99841,195,99950,195,99827,195,99978,195,99735,195,99998,195,99730,195,100019,100,99497,100,100023,100,99271,100,100058,100,99216,100,100075,100,99169,100,100088,200,99006,100
2019-06-28 09:45:40.000000000,99917,218,99868,318,99950,218,99841,218,99978,218,99827,218,99998,218,99735,218,100019,100,99730,100,100023,100,99497,100,100058,100,99271,100,100075,100,99216,100,100088,200,99169,100,100110,100,99006,100
2019-06-28 09:45:50.000000000,99917,261,99868,361,99950,256,99841,256,99978,256,99827,256,99998,100,99735,100,100019,100,99730,100,100023,100,99497,100,100058,100,99271,100,100075,100,99216,100,100088,200,99169,100,100110,100,99006,100
2019-06-28 09:45:58.538369897,99917,261,99869,100,99950,256,99868,361,99978,256,99841,256,99998,100,99827,256,100019,100,99735,100,100023,100,99730,100,100058,100,99497,100,100075,100,99271,100,100088,200,99216,100,100110,100,99169,100
2019-06-28 09:46:00.000000000,99917,195,99869,195,99950,195,99868,295,99978,195,99841,195,99998,195,99827,195,100019,195,99735,195,100023,100,99730,100,100058,100,99497,100,100075,100,99271,100,100088,200,99216,100,100110,100,99169,100
2019-06-28 09:46:10.000000000,99917,261,99869,261,99950,256,99868,356,99978,256,99841,256,99998,100,99827,100,100019,100,99735,100,100023,100,99730,100,100058,100,99497,100,100075,100,99271,100,100088,200,99216,100,100110,100,99169,100
2019-06-28 09:46:19.939656105,99917,261,99869,261,99950,256,99868,356,99978,256,99841,256,99998,100,99827,100,100019,100,99735,100,100023,100,99730,100,100058,100,99497,100,100075,100,99271,100,100088,200,99216,100,100110,100,99169,100
2019-06-28 09:46:20.000000000,99917,336,99869,336,99950,336,99868,436,99978,100,99841,100,99998,100,99827,100,100019,100,99735,100,100023,100,99730,100,100058,100,99497,100,100075,100,99271,100,100088,200,99216,100,100110,100,99169,100
2019-06-28 09:46:27.121491340,99917,336,99869,336,99950,336,99868,436,99978,100,99841,100,99998,100,99827,100,100019,100,99735,100,100023,100,99730,100,100058,100,99497,100,100075,100,99271,100,100088,200,99216,100,100110,100,99169,100
2019-06-28 09:46:30.000000000,99917,195,99869,195,99950,195,99868,295,99978,195,99841,195,99998,195,99827,195,100019,195,99735,195,100023,100,99730,100,100058,100,99497,100,100075,100,99271,100,100088,200,99216,100,100110,100,99169,100
2019-06-28 09:46:40.000000000,99917,218,99869,218,99950,218,99868,318,99978,218,99841,218,99998,218,99827,218,100019,100,99735,100,100023,100,99730,100,100058,100,99497,100,100075,100,99271,100,100088,200,99216,100,100110,100,99169,100
2019-06-28 09:46:50.000000000,99917,336,99869,336,99950,336,99868,436,99978,100,99841,100,99998,100,99827,100,100019,100,99735,100,100023,100,99730,100,100058,100,99497,100,100075,100,99271,100,100088,200,99216,100,100110,100,99169,100
2019-06-28 09:47:00.000000000,99917,573,99869,573,99950,100,99868,200,99978,100,99841,100,99998,100,99827,100,100019,100,99735,100,100023,100,99730,100,100058,100,99497,100,100075,100,99271,100,100088,200,99216,100,100110,100,99169,100
2019-06-28 09:47:10.000000000,99917,336,99869,336,99950,336,99868,436,99978,100,99841,100,99998,100,99827,100,100019,100,99735,100,100023,100,99730,100,100058,100,99497,100,100075,100,99271,100,100088,200,99216,100,100110,100,99169,100
2019-06-28 09:47:11.812212990,99917,336,99869,336,99950,336,99868,436,99978,100,99841,100,99998,100,99827,100,100019,100,99735,100,100023,100,99730,100,100058,100,99611,100,100075,100,99497,100,100088,200,99271,100,100110,100,99216,100
2019-06-28 09:47:13.403814118,99917,336,99869,336,99950,336,99868,436,99978,100,99841,100,99998,100,99827,100,100019,100,99735,100,100023,100,99730,100,100058,100,99611,100,100075,100,99497,100,100088,200,99443,100,100110,100,99271,100
2019-06-28 09:47:20.000000000,99917,218,99869,218,99950,218,99868,318,99978,218,99841,218,99998,218,99827,218,100019,100,99735,100,100023,100,99730,100,100058,100,99611,100,100075,100,99497,100,100088,200,99443,100,100110,100,99271,100
2019-06-28 09:47:30.000000000,99917,261,99869,261,99950,256,99868,356,99978,256,99841,256,99998,100,99827,100,100019,100,99735,100,100023,100,99730,100,100058,100,99611,100,100075,100,99497,100,100088,200,99443,100,100110,100,99271,100
2019-06-28 09:47:40.000000000,99917,195,99869,195,99950,195,99868,295,99978,195,99841,195,99998,195,99827,195,100019,195,99735,195,100023,100,99730,100,100058,100,99611,100,100075,100,99497,100,100088,200,99443,100,100110,100,99271,100
2019-06-28 09:47:50.000000000,99917,261,99869,261,99950,256,99868,356,99978,256,99841,256,99998,100,99827,100,100019,100,99735,100,100023,100,99730,100,100058,100,99611,100,100075,100,99497,100,100088,200,99443,100,100110,100,99271,100
2019-06-28 09:48:00.000000000,99917,336,99869,336,99950,336,99868,436,99978,100,99841,100,99998,100,99827,100,100019,100,99735,100,100023,100,99730,100,100058,100,99611,100,100075,100,99497,100,100088,200,99443,100,100110,100,99271,100
2019-06-28 09:48:08.209616300,99917,336,99869,236,99950,336,99868,436,99978,100,99841,100,99998,100,99827,100,100019,100,99735,100,100023,100,99730,100,100058,100,99611,100,100075,100,99497,100,100088,200,99443,100,100110,100,99271,100
2019-06-28 09:48:10.000000000,99917,573,99868,673,99950,100,99841,100,99978,100,99827,100,99998,100,99735,100,100019,100,99730,100,100023,100,99611,100,100058,100,99497,100,100075,100,99443,100,100088,200,99271,100,100110,100,99216,100
2019-06-28 09:48:20.000000000,99917,195,99868,295,99950,195,99841,195,99978,195,99827,195,99998,195,99735,195,100019,195,99730,195,100023,100,99611,100,100058,100,99497,100,100075,100,99443,100,100088,200,99271,100,100110,100,99216,100
2019-06-28 09:48:23.779557671,99917,195,99868,295,99950,195,99841,195,99978,195,99827,195,99998,195,99735,195,100019,195,99730,195,100023,100,99611,100,100058,100,99497,100,100075,100,99443,100,100088,200,99271,100,100110,100,99216,100
2019-06-28 09:48:24.524910072,99917,195,99868,295,99950,95,99841,195,99978,195,99827,195,99998,195,99735,195,100019,195,99730,195,100023,100,99611,100,100058,100,99497,100,100075,100,99443,100,100088,200,99271,100,100110,100,99216,100
2019-06-28 09:48:30.000000000,99917,336,99868,436,99978,336,99841,336,99998,100,99827,100,100019,100,99735,100,100023,100,99730,100,100058,100,99611,100,100075,100,99497,100,100088,200,99443,100,100110,100,99271,100,100190,100,99216,100
2019-06-28 09:48:34.205865000,99917,336,99868,436,99978,336,99841,336,99998,100,99827,100,100019,100,99735,100,100023,100,99730,100,100058,100,99611,100,100075,100,99497,100,100088,200,99443,100,100110,100,99271,100,100190,100,99216,100
2019-06-28 09:48:40.000000000,99917,195,99868,295,99978,195,99841,195,99998,195,99827,195,100019,195,99735,195,100023,195,99730,195,100058,100,99611,100,100075,100,99497,100,100088,200,99443,100,100110,100,99271,100,100190,100,99216,100
2019-06-28 09:48:50.000000000,99917,195,99868,295,99978,195,99841,195,99998,195,99827,195,100019,195,99735,195,100023,195,99730,195,100058,100,99611,100,100075,100,99497,100,100088,200,99443,100,100110,100,99271,100,100190,100,99216,100
2019-06-28 09:48:52.244420399,99917,195,99868,195,99978,195,99841,195,99998,195,99827,195,100019,195,99735,195,100023,195,99730,195,100058,100,99611,100,100075,100,99497,100,100088,200,99443,100,100110,100,99271,100,100190,100,99216,100
2019-06-28 09:49:00.000000000,99917,573,99868,573,99978,100,99841,100,99998,100,99827,100,100019,100,99735,100,100023,100,99730,100,100058,100,99611,100,100075,100,99497,100,100088,200,99443,100,100110,100,99271,100,100190,100,99216,100
2019-06-28 09:49:02.577980061,99917,573,99868,573,99978,100,99841,100,99998,100,99827,100,100019,100,99735,100,100023,100,99730,100,100058,100,99611,100,100075,100,99497,100,100088,200,99443,100,100110,100,99271,100,100190,100,99216,100
2019-06-28 09:49:08.876992404,99917,573,99868,573,99978,100,99841,100,99998,100,99827,100,100019,100,99735,100,100023,100,99730,100,100058,100,99611,100,100075,100,99497,100,100088,200,99443,100,100110,100,99297,100,100190,100,99271,100
2019-06-28 09:49:10.000000000,99917,261,99868,261,99978,256,99841,256,99998,256,99827,256,100019,100,99735,100,100023,100,99730,100,100058,100,99611,100,100075,100,99497,100,100088,200,99443,100,100110,100,99297,100,100190,100,99271,100
2019-06-28 09:49:20.000000000,99917,261,99868,261,99978,256,99841,256,99998,256,99827,256,100019,100,99735,100,100023,100,99730,100,100058,100,99611,100,100075,100,99497,100,100088,200,99443,100,100110,100,99297,100,100190,100,99271,100
2019-06-28 09:49:20.022731294,99917,261,99868,261,99978,256,99841,256,99998,256,99827,256,100019,100,99735,100,100023,100,99730,100,100058,100,99611,100,100075,100,99497,100,100088,200,99443,100,100110,100,99271,100,100190,100,99216,100
2019-06-28 09:49:30.000000000,99917,218,99868,218,99978,218,99841,218,99998,218,99827,218,100019,218,99735,218,100023,100,99730,100,100058,100,99611,100,100075,100,99497,100,100088,200,99443,100,100110,100,99271,100,100190,100,99216,100
2019-06-28 09:49:40.000000000,99917,218,99868,218,99978,218,99841,218,99998,218,99827,218,100019,218,99735,218,100023,100,99730,100,100058,100,99611,100,100075,100,99497,100,100088,200,99443,100,100110,100,99271,100,100190,100,99216,100
2019-06-28 09:49:44.944958254,99869,100,99868,218,99917,118,99841,218,99978,218,99827,218,99998,218,99735,218,100019,218,99730,100,100023,100,99611,100,100058,100,99497,100,100075,100,99443,100,100088,200,99271,100,100110,100,99216,100
2019-06-28 09:49:50.000000000,99869,573,99868,573,99978,100,99841,100,99998,100,99827,100,100019,100,99735,100,100023,100,99730,100,100058,100,99611,100,100075,100,99497,100,100088,200,99443,100,100110,100,99271,100,100190,100,99216,100
2019-06-28 09:49:54.203677791,99869,673,99868,573,99978,100,99841,100,99998,100,99827,100,100019,100,99735,100,100023,100,99730,100,100058,100,99611,100,100075,100,99497,100,100088,200,99443,100,100110,100,99271,100,100190,100,99216,100
2019-06-28 09:50:00.000000000,99869,295,99868,195,99978,195,99841,195,99998,195,99827,195,100019,195,99735,195,100023,195,99730,195,100058,100,99611,100,100075,100,99497,100,100088,200,99443,100,100110,100,99271,100,100190,100,99216,100
2019-06-28 09:50:10.000000000,99869,295,99868,195,99978,195,99841,195,99998,195,99827,195,100019,195,99735,195,100023,195,99730,195,100058,100,99611,100,100075,100,99497,100,100088,200,99443,100,100110,100,99271,100,100190,100,99216,100
2019-06-28 09:50:20.000000000,99869,673,99868,573,99978,100,99841,100,99998,100,99827,100,100019,100,99735,100,100023,100,99730,100,100058,100,99611,100,100075,100,99497,100,100088,200,99443,100,100110,100,99271,100,100190,100,99216,100
2019-06-28 09:50:30.000000000,99869,295,99868,195,99978,195,99841,195,99998,195,99827,195,100019,195,99735,195,100023,195,99730,195,100058,100,99611,100,100075,100,99497,100,100088,200,99443,100,100110,100,99271,100,100190,100,99216,100
2019-06-28 09:50:40.000000000,99869,318,99868,218,99978,218,99841,218,99998,218,99827,218,100019,218,99735,218,100023,100,99730,100,100058,100,99611,100,100075,100,99497,100,100088,200,99443,100,100110,100,99271,100,100190,100,99216,100
2019-06-28 09:50:43.287232122,99869,318,99868,118,99978,218,99841,218,99998,218,99827,218,100019,218,99735,218,100023,100,99730,100,100058,100,99611,100,100075,100,99497,100,100088,100,99443,100,100110,100,99271,100,100190,100,99216,100
2019-06-28 09:50:46.133512555,99869,318,99868,18,99978,218,99841,218,99998,218,99827,218,100019,218,99735,218,100023,100,99730,100,100058,100,99611,100,100075,100,99497,100,100088,100,99443,100,100110,100,99271,100,100190,100,99216,100
2019-06-28 09:50:50.000000000,99869,361,99841,261,99978,256,99827,256,99998,256,99735,256,100019,100,99730,100,100023,100,99611,100,100058,100,99497,100,100075,100,99443,100,100088,100,99271,100,100110,100,99216,100,100190,100,99170,100
2019-06-28 09:51:00.000000000,99869,318,99841,218,99978,218,99827,218,99998,218,99735,218,100019,218,99730,218,100023,100,99611,100,100058,100,99497,100,100075,100,99443,100,100088,100,99271,100,100110,100,99216,100,100190,100,99170,100
2019-06-28 09:51:10.000000000,99869,436,99841,336,99978,336,99827,336,99998,100,99735,100,100019,100,99730,100,100023,100,99611,100,100058,100,99497,100,100075,100,99443,100,100088,100,99271,100,100110,100,99216,100,100190,100,99170,100
2019-06-28 09:51:12.426836080,99869,436,99841,236,99978,336,99827,336,99998,100,99735,100,100019,100,99730,100,100023,100,99611,100,100058,100,99497,100,100075,100,99443,100,100088,100,99271,100,100110,100,99216,100,100190,100,99170,100
2019-06-28 09:51:20.000000000,99869,673,99827,573,99978,100,99735,100,99998,100,99730,100,100019,100,99611,100,100023,100,99497,100,100058,100,99443,100,100075,100,99271,100,100088,100,99216,100,100110,100,99170,100,100190,100,99169,100
2019-06-28 09:51:27.802344911,99869,673,99827,473,99978,100,99735,100,99998,100,99730,100,100019,100,99611,100,100023,100,99497,100,100058,100,99443,100,100075,100,99271,100,100088,100,99216,100,100110,100,99170,100,100190,100,99169,100
2019-06-28 09:51:30.000000000,99869,295,99735,195,99978,195,99730,195,99998,195,99611,195,100019,195,99497,195,100023,195,99443,195,100058,100,99271,100,100075,100,99216,100,100088,100,99170,100,100110,100,99169,100,100190,100,98952,100
2019-06-28 09:51:40.000000000,99869,318,99735,218,99978,218,99730,218,99998,218,99611,218,100019,218,99497,218,100023,100,99443,100,100058,100,99271,100,100075,100,99216,100,100088,100,99170,100,100110,100,99169,100,100190,100,98952,100
2019-06-28 09:51:49.634076551,99869,318,99735,218,99978,218,99730,218,99998,218,99611,218,100019,218,99497,218,100023,100,99443,100,100058,100,99271,100,100075,100,99216,100,100088,100,99169,100,100110,100,98952,100,100190,100,98951,100
2019-06-28 09:51:50.000000000,99869,295,99735,195,99978,195,99730,195,99998,195,99611,195,100019,195,99497,195,100023,195,99443,195,100058,100,99271,100,100075,100,99216,100,100088,100,99169,100,100110,100,98952,100,100190,100,98951,100
2019-06-28 09:52:00.000000000,99869,295,99735,195,99978,195,99730,195,99998,195,99611,195,100019,195,99497,195,100023,195,99443,195,100058,100,99271,100,100075,100,99216,100,100088,100,99169,100,100110,100,98952,100,100190,100,98951,100
2019-06-28 09:52:03.053697907,99869,295,99735,195,99978,195,99730,195,99998,195,99611,195,100019,195,99497,195,100023,195,99443,195,100058,100,99271,100,100075,100,99216,100,100088,100,99169,100,100110,100,98952,100,100190,100,98951,100
2019-06-28 09:52:08.070589179,99869,295,99735,95,99978,195,99730,195,99998,195,99611,195,100019,195,99497,195,100023,195,99443,95,100058,100,99271,100,100075,100,99216,100,100088,100,99169,100,100110,100,98952,100,100190,100,98951,100
2019-06-28 09:52:10.000000000,99869,361,99730,261,99978,256,99611,256,99998,256,99497,256,100019,100,99271,100,100023,100,99216,100,100058,100,99169,100,100075,100,98952,100,100088,100,98951,100,100110,100,98840,100,100190,100,98818,100
2019-06-28 09:52:20.000000000,99869,361,99730,261,99978,256,99611,256,99998,256,99497,256,100019,100,99271,100,100023,100,99216,100,100058,100,99169,100,100075,100,98952,100,100088,100,98951,100,100110,100,98840,100,100190,100,98818,100
2019-06-28 09:52:30.000000000,99869,295,99730,195,99978,195,99611,195,99998,195,99497,195,100019,195,99271,195,100023,195,99216,195,100058,100,99169,100,100075,100,98952,100,100088,100,98951,100,100110,100,98840,100,100190,100,98818,100
2019-06-28 09:52:35.894554151,99827,100,99730,195,99869,295,99611,195,99978,195,99497,195,99998,195,99271,195,100019,195,99216,195,100023,195,99169,100,100058,100,98952,100,100075,100,98951,100,100088,100,98840,100,100110,100,98818,100
2019-06-28 09:52:40.000000000,99827,336,99730,336,99869,436,99611,336,99978,100,99497,100,99998,100,99271,100,100019,100,99216,100,100023,100,99169,100,100058,100,98952,100,100075,100,98951,100,100088,100,98840,100,100110,100,98818,100
2019-06-28 09:52:42.534864798,99827,336,99730,336,99869,436,99611,336,99978,100,99497,100,99998,100,99271,100,100019,100,99216,100,100058,100,99169,100,100075,100,98952,100,100088,100,98951,100,100110,100,98840,100,100190,100,98830,100
2019-06-28 09:52:50.000000000,99827,195,99730,195,99869,295,99611,195,99978,195,99497,195,99998,195,99271,195,100019,195,99216,195,100058,100,99169,100,100075,100,98952,100,100088,100,98951,100,100110,100,98840,100,100190,100,98830,100
2019-06-28 09:52:58.304988136,99827,195,99730,95,99869,295,99611,195,99978,195,99497,195,99998,195,99271,195,100019,195,99216,195,100058,100,99169,100,100075,100,98952,100,100088,100,98951,100,100110,100,98840,100,100190,100,98830,100
2019-06-28 09:53:00.000000000,99827,336,99611,336,99869,436,99497,336,99978,100,99271,100,99998,100,99216,100,100019,100,99169,100,100058,100,98952,100,100075,100,98951,100,100088,100,98840,100,100110,100,98830,100,100190,100,98818,100
2019-06-28 09:53:05.849738846,99827,336,99611,336,99869,336,99497,336,99978,100,99271,100,99998,100,99216,100,100019,100,99169,100,100058,100,98952,100,100075,100,98951,100,100088,100,98840,100,100110,100,98830,100,100190,100,98818,100
2019-06-28 09:53:10.000000000,99827,195,99611,195,99869,195,99497,195,99978,195,99271,195,99998,195,99216,195,100019,195,99169,195,100058,100,98952,100,100075,100,98951,100,100088,100,98840,100,100110,100,98830,100,100190,100,98818,100
2019-06-28 09:53:20.000000000,99827,336,99611,336,99869,336,99497,336,99978,100,99271,100,99998,100,99216,100,100019,100,99169,100,100058,100,98952,100,100075,100,98951,100,100088,100,98840,100,100110,100,98830,100,100190,100,98818,100
2019-06-28 09:53:30.000000000,99827,218,99611,218,99869,218,99497,218,99978,218,99271,218,99998,218,99216,218,100019,100,99169,100,100058,100,98952,100,100075,100,98951,100,100088,100,98840,100,100110,100,98830,100,100190,100,98818,100
2019-06-28 09:53:38.416275730,99735,100,99611,218,99827,218,99497,218,99869,218,99271,218,99978,218,99216,218,99998,218,99169,100,100019,100,98952,100,100058,100,98951,100,100075,100,98840,100,100088,100,98830,100,100110,100,98818,100
2019-06-28 09:53:40.000000000,99735,218,99611,218,99827,218,99497,218,99869,218,99271,218,99978,218,99216,218,99998,100,99169,100,100019,100,98952,100,100058,100,98951,100,100075,100,98840,100,100088,100,98830,100,100110,100,98818,100
2019-06-28 09:53:41.994225842,99735,218,99611,218,99827,218,99497,218,99869,218,99271,218,99978,218,99216,218,99998,100,99169,100,100019,100,98952,100,100058,100,98951,100,100075,100,98925,100,100088,100,98840,100,100110,100,98830,100
2019-06-28 09:53:50.000000000,99735,218,99611,218,99827,218,99497,218,99869,218,99271,218,99978,218,99216,218,99998,100,99169,100,100019,100,98952,100,100058,100,98951,100,100075,100,98925,100,100088,100,98840,100,100110,100,98830,100
2019-06-28 09:53:55.721193416,99735,218,99611,218,99827,218,99497,218,99869,218,99271,218,99978,218,99216,218,99998,100,99169,100,100019,100,98964,100,100058,100,98952,100,100075,100,98951,100,100088,100,98925,100,100110,100,98840,100
2019-06-28 09:54:00.000000000,99735,573,99611,573,99827,100,99497,100,99869,100,99271,100,99978,100,99216,100,99998,100,99169,100,100019,100,98964,100,100058,100,98952,100,100075,100,98951,100,100088,100,98925,100,100110,100,98840,100
2019-06-28 09:54:10.000000000,99735,261,99611,261,99827,256,99497,256,99869,256,99271,256,99978,100,99216,100,99998,100,99169,100,100019,100,98964,100,100058,100,98952,100,100075,100,98951,100,100088,100,98925,100,100110,100,98840,100
2019-06-28 09:54:20.000000000,99735,218,99611,218,99827,218,99497,218,99869,218,99271,218,99978,218,99216,218,99998,100,99169,100,100019,100,98964,100,100058,100,98952,100,100075,100,98951,100,100088,100,98925,100,100110,100,98840,100
2019-06-28 09:54:27.892577867,99735,218,99611,118,99827,218,99497,218,99869,218,99271,218,99978,218,99216,218,99998,100,99169,100,100019,100,98964,100,100058,100,98952,100,100075,100,98951,100,100088,100,98925,100,100110,100,98840,100
2019-06-28 09:54:30.000000000,99735,218,99497,218,99827,218,99271,218,99869,218,99216,218,99978,218,99169,218,99998,100,98964,100,100019,100,98952,100,100058,100,98951,100,100075,100,98925,100,100088,100,98840,100,100110,100,98830,100
2019-06-28 09:54:32.326544891,99730,100,99497,218,99735,218,99271,218,99827,218,99216,218,99869,218,99169,218,99978,218,98964,100,99998,100,98952,100,100019,100,98951,100,100058,100,98925,100,100075,100,98840,100,100088,100,98830,100
2019-06-28 09:54:39.012770048,99730,100,99497,218,99735,218,99271,218,99827,218,99216,218,99869,218,99211,100,99978,218,99169,218,99998,100,98964,100,100019,100,98952,100,100058,100,98951,100,100075,100,98925,100,100088,100,98840,100
2019-06-28 09:54:40.000000000,99730,261,99497,261,99735,256,99271,256,99827,256,99216,256,99869,100,99211,100,99978,100,99169,100,99998,100,98964,100,100019,100,98952,100,100058,100,98951,100,100075,100,98925,100,100088,100,98840,100
2019-06-28 09:54:45.497371217,99730,261,99497,161,99735,256,99271,256,99827,256,99216,256,99869,100,99211,100,99978,100,99169,100,99998,100,98964,100,100019,100,98952,100,100058,100,98951,100,100075,100,98925,100,100088,100,98840,100
2019-06-28 09:54:50.000000000,99730,261,99271,261,99735,256,99216,256,99827,256,99211,256,99869,100,99169,100,99978,100,98964,100,99998,100,98952,100,100019,100,98951,100,100058,100,98925,100,100075,100,98840,100,100088,100,98830,100
2019-06-28 09:55:00.000000000,99730,573,99271,573,99735,100,99216,100,99827,100,99211,100,99869,100,99169,100,99978,100,98964,100,99998,100,98952,100,100019,100,98951,100,100058,100,98925,100,100075,100,98840,100,100088,100,98830,100
2019-06-28 09:55:10.000000000,99730,573,99271,573,99735,100,99216,100,99827,100,99211,100,99869,100,99169,100,99978,100,98964,100,99998,100,98952,100,100019,100,98951,100,100058,100,98925,100,100075,100,98840,100,100088,100,98830,100
2019-06-28 09:55:14.216867579,99730,573,99271,573,99735,100,99216,100,99827,100,99211,100,99869,100,99176,100,99978,100,99169,100,99998,100,98964,100,100019,100,98952,100,100058,100,98951,100,100075,100,98925,100,100088,100,98840,100
2019-06-28 09:55:18.990245776,99306,100,99271,573,99730,573,99216,100,99735,100,99211,100,99827,100,99176,100,99869,100,99169,100,99978,100,98964,100,99998,100,98952,100,100019,100,98951,100,100058,100,98925,100,100075,100,98840,100
2019-06-28 09:55:19.075338565,99306,100,99271,573,99318,100,99216,100,99730,573,99211,100,99735,100,99176,100,99827,100,99169,100,99869,100,98964,100,99978,100,98952,100,99998,100,98951,100,100019,100,98925,100,100058,100,98840,100
2019-06-28 09:55:20.000000000,99306,195,99271,195,99318,195,99216,195,99730,195,99211,195,99735,195,99176,195,99827,195,99169,195,99869,100,98964,100,99978,100,98952,100,99998,100,98951,100,100019,100,98925,100,100058,100,98840,100
2019-06-28 09:55:20.547475198,99306,195,99271,195,99318,195,99216,195,99730,195,99211,195,99735,195,99176,195,99827,195,99169,195,99869,100,99164,100,99978,100,98964,100,99998,100,98952,100,100019,100,98951,100,100058,100,98925,100
2019-06-28 09:55:21.803608653,99306,195,99271,195,99318,195,99216,195,99611,100,99211,195,99730,195,99176,195,99735,195,99169,195,99827,195,99164,100,99869,100,98964,100,99978,100,98952,100,99998,100,98951,100,100019,100,98925,100
2019-06-28 09:55:30.000000000,99306,218,99271,218,99318,218,99216,218,99611,218,99211,218,99730,218,99176,218,99735,100,99169,100,99827,100,99164,100,99869,100,98964,100,99978,100,98952,100,99998,100,98951,100,100019,100,98925,100
2019-06-28 09:55:37.602490113,99306,218,99271,218,99318,218,99216,218,99457,100,99211,218,99611,218,99176,218,99730,218,99169,100,99735,100,99164,100,99827,100,98964,100,99869,100,98952,100,99978,100,98951,100,99998,100,98925,100
2019-06-28 09:55:40.000000000,99306,573,99271,573,99318,100,99216,100,99457,100,99211,100,99611,100,99176,100,99730,100,99169,100,99735,100,99164,100,99827,100,98964,100,99869,100,98952,100,99978,100,98951,100,99998,100,98925,100
2019-06-28 09:55:50.000000000,99306,573,99271,573,99318,100,99216,100,99457,100,99211,100,99611,100,99176,100,99730,100,99169,100,99735,100,99164,100,99827,100,98964,100,99869,100,98952,100,99978,100,98951,100,99998,100,98925,100
2019-06-28 09:56:00.000000000,99306,218,99271,218,99318,218,99216,218,99457,218,99211,218,99611,218,99176,218,99730,100,99169,100,99735,100,99164,100,99827,100,98964,100,99869,100,98952,100,99978,100,98951,100,99998,100,98925,100
2019-06-28 09:56:10.000000000,99306,336,99271,336,99318,336,99216,336,99457,100,99211,100,99611,100,99176,100,99730,100,99169,100,99735,100,99164,100,99827,100,98964,100,99869,100,98952,100,99978,100,98951,100,99998,100,98925,100
2019-06-28 09:56:12.690831332,99306,336,99271,336,99318,336,99216,336,99457,100,99211,100,99611,200,99176,100,99730,100,99169,100,99735,100,99164,100,99827,100,98964,100,99869,100,98952,100,99978,100,98951,100,99998,100,98925,100
2019-06-28 09:56:18.869911622,99306,336,99271,336,99318,336,99216,336,99457,100,99211,100,99611,300,99176,100,99730,100,99169,100,99735,100,99164,100,99827,100,98964,100,99869,100,98952,100,99978,100,98951,100,99998,100,98925,100
2019-06-28 09:56:20.000000000,99306,195,99271,195,99318,195,99216,195,99457,195,99211,195,99611,395,99176,195,99730,195,99169,195,99735,100,99164,100,99827,100,98964,100,99869,100,98952,100,99978,100,98951,100,99998,100,98925,100
2019-06-28 09:56:30.000000000,99306,261,99271,261,99318,256,99216,256,99457,256,99211,256,99611,300,99176,100,99730,100,99169,100,99735,100,99164,100,99827,100,98964,100,99869,100,98952,100,99978,100,98951,100,99998,100,98925,100
2019-06-28 09:56:36.247896520,99306,261,99271,261,99318,256,99216,256,99457,256,99211,256,99611,300,99176,100,99730,100,99169,100,99735,100,99164,100,99827,100,98952,100,99869,100,98951,100,99882,100,98925,100,99978,100,98840,100
2019-06-28 09:56:39.377715538,99306,161,99271,261,99318,256,99216,256,99457,256,99211,256,99611,300,99176,100,99730,100,99169,100,99735,100,99164,100,99827,100,98952,100,99869,100,98951,100,99882,100,98925,100,99978,100,98840,100
2019-06-28 09:56:40.000000000,99318,573,99271,573,99457,100,99216,100,99611,300,99211,100,99730,100,99176,100,99735,100,99169,100,99827,100,99164,100,99869,100,98952,100,99882,100,98951,100,99978,100,98925,100,99998,100,98840,100
2019-06-28 09:56:50.000000000,99318,336,99271,336,99457,336,99216,336,99611,300,99211,100,99730,100,99176,100,99735,100,99169,100,99827,100,99164,100,99869,100,98952,100,99882,100,98951,100,99978,100,98925,100,99998,100,98840,100
2019-06-28 09:57:00.000000000,99318,336,99271,336,99457,336,99216,336,99611,300,99211,100,99730,100,99176,100,99735,100,99169,100,99827,100,99164,100,99869,100,98952,100,99882,100,98951,100,99978,100,98925,100,99998,100,98840,100
2019-06-28 09:57:10.000000000,99318,218,99271,218,99457,218,99216,218,99611,418,99211,218,99730,218,99176,218,99735,100,99169,100,99827,100,99164,100,99869,100,98952,100,99882,100,98951,100,99978,100,98925,100,99998,100,98840,100
2019-06-28 09:57:20.000000000,99318,261,99271,261,99457,256,99216,256,99611,456,99211,256,99730,100,99176,100,99735,100,99169,100,99827,100,99164,100,99869,100,98952,100,99882,100,98951,100,99978,100,98925,100,99998,100,98840,100
2019-06-28 09:57:26.134115040,99318,261,99271,261,99457,256,99216,256,99611,456,99211,256,99730,100,99176,100,99735,100,99169,100,99827,100,99164,100,99869,100,98952,100,99882,100,98951,100,99978,100,98925,100,99998,100,98840,100
2019-06-28 09:57:30.000000000,99318,573,99271,573,99457,100,99216,100,99611,300,99211,100,99730,100,99176,100,99735,100,99169,100,99827,100,99164,100,99869,100,98952,100,99882,100,98951,100,99978,100,98925,100,99998,100,98840,100
2019-06-28 09:57:40.000000000,99318,218,99271,218,99457,218,99216,218,99611,418,99211,218,99730,218,99176,218,99735,100,99169,100,99827,100,99164,100,99869,100,98952,100,99882,100,98951,100,99978,100,98925,100,99998,100,98840,100
2019-06-28 09:57:44.446216545,99318,118,99271,218,99457,218,99216,218,99611,418,99211,218,99730,218,99176,218,99827,100,99169,100,99869,100,99164,100,99882,100,98952,100,99978,100,98951,100,99998,100,98925,100,100019,100,98840,100
2019-06-28 09:57:50.000000000,99457,218,99271,218,99611,418,99216,218,99730,218,99211,218,99827,218,99176,218,99869,100,99169,100,99882,100,99164,100,99978,100,98952,100,99998,100,98951,100,100019,100,98925,100,100048,100,98840,100
2019-06-28 09:58:00.000000000,99457,218,99271,218,99611,418,99216,218,99730,218,99211,218,99827,218,99176,218,99869,100,99169,100,99882,100,99164,100,99978,100,98952,100,99998,100,98951,100,100019,100,98925,100,100048,100,98840,100
2019-06-28 09:58:10.000000000,99457,336,99271,336,99611,536,99216,336,99730,100,99211,100,99827,100,99176,100,99869,100,99169,100,99882,100,99164,100,99978,100,98952,100,99998,100,98951,100,100019,100,98925,100,100048,100,98840,100
2019-06-28 09:58:18.481469538,99457,336,99379,100,99611,536,99271,336,99730,100,99216,336,99827,100,99211,100,99869,100,99176,100,99882,100,99169,100,99978,100,99164,100,99998,100,98952,100,100019,100,98951,100,100048,100,98925,100
2019-06-28 09:58:20.000000000,99457,218,99379,218,99611,418,99271,218,99730,218,99216,218,99827,218,99211,218,99869,100,99176,100,99882,100,99169,100,99978,100,99164,100,99998,100,98952,100,100019,100,98951,100,100048,100,98925,100
2019-06-28 09:58:30.000000000,99457,261,99379,261,99611,456,99271,256,99730,256,99216,256,99827,100,99211,100,99869,100,99176,100,99882,100,99169,100,99978,100,99164,100,99998,100,98952,100,100019,100,98951,100,100048,100,98925,100
2019-06-28 09:58:40.000000000,99457,573,99379,573,99611,300,99271,100,99730,100,99216,100,99827,100,99211,100,99869,100,99176,100,99882,100,99169,100,99978,100,99164,100,99998,100,98952,100,100019,100,98951,100,100048,100,98925,100
2019-06-28 09:58:50.000000000,99457,261,99379,261,99611,456,99271,256,99730,256,99216,256,99827,100,99211,100,99869,100,99176,100,99882,100,99169,100,99978,100,99164,100,99998,100,98952,100,100019,100,98951,100,100048,100,98925,100
2019-06-28 09:58:53.381097851,99457,261,99379,161,99611,456,99271,256,99730,256,99216,256,99827,100,99211,100,99869,100,99176,100,99882,100,99169,100,99978,100,99164,100,99998,100,98952,100,100019,100,98951,100,100048,100,98925,100
2019-06-28 09:58:54.670976825,99457,261,99379,61,99611,456,99271,256,99730,256,99216,256,99827,100,99211,100,99869,100,99176,100,99882,100,99169,100,99978,100,99164,100,99998,100,98952,100,100019,100,98951,100,100048,100,98925,100
2019-06-28 09:59:00.000000000,99457,261,99271,261,99611,456,99216,256,99730,256,99211,256,99827,100,99176,100,99869,100,99169,100,99882,100,99164,100,99978,100,98952,100,99998,100,98951,100,100019,100,98925,100,100048,100,98840,100
2019-06-28 09:59:07.275825774,99379,100,99271,261,99457,261,99216,256,99611,456,99211,256,99730,156,99176,100,99827,100,99169,100,99869,100,99164,100,99882,100,98952,100,99978,100,98951,100,99998,100,98925,100,100019,100,98840,100
2019-06-28 09:59:10.000000000,99379,218,99271,218,99457,218,99216,218,99611,418,99211,218,99827,218,99176,218,99869,100,99169,100,99882,100,99164,100,99978,100,98952,100,99998,100,98951,100,100019,100,98925,100,100048,100,98840,100
2019-06-28 09:59:20.000000000,99379,218,99271,218,99457,218,99216,218,99611,418,99211,218,99827,218,99176,218,99869,100,99169,100,99882,100,99164,100,99978,100,98952,100,99998,100,98951,100,100019,100,98925,100,100048,100,98840,100
2019-06-28 09:59:28.424719862,99379,218,99271,218,99457,218,99226,100,99611,418,99216,218,99827,218,99211,218,99869,100,99176,218,99882,100,99169,100,99978,100,99164,100,99998,100,98952,100,100019,100,98951,100,100048,100,98925,100
2019-06-28 09:59:30.000000000,99379,573,99271,573,99457,100,99226,100,99611,300,99216,100,99827,100,99211,100,99869,100,99176,100,99882,100,99169,100,99978,100,99164,100,99998,100,98952,100,100019,100,98951,100,100048,100,98925,100
2019-06-28 09:59:40.000000000,99379,261,99271,261,99457,256,99226,256,99611,456,99216,256,99827,100,99211,100,99869,100,99176,100,99882,100,99169,100,99978,100,99164,100,99998,100,98952,100,100019,100,98951,100,100048,100,98925,100
2019-06-28 09:59:44.502522830,99379,261,99271,161,99457,256,99226,156,99611,456,99216,256,99827,100,99211,100,99869,100,99176,100,99882,100,99169,100,99978,100,99164,100,99998,100,98952,100,100019,100,98951,100,100048,100,98925,100
2019-06-28 09:59:50.000000000,99379,336,99216,336,99457,336,99211,336,99611,300,99176,100,99827,100,99169,100,99869,100,99164,100,99882,100,98952,100,99978,100,98951,100,99998,100,98925,100,100019,100,98840,100,100048,100,98830,100
2019-06-28 10:00:00.000000000,99379,218,99216,218,99457,218,99211,218,99611,418,99176,218,99827,218,99169,218,99869,100,99164,100,99882,100,98952,100,99978,100,98951,100,99998,100,98925,100,100019,100,98840,100,100048,100,98830,100
2019-06-28 10:00:04.187473701,99379,218,99216,218,99457,218,99211,218,99611,318,99176,218,99827,218,99169,218,99869,100,99164,100,99882,100,98952,100,99978,100,98951,100,99998,100,98925,100,100019,100,98840,100,100048,100,98830,100
2019-06-28 10:00:10.000000000,99379,218,99216,218,99457,218,99211,218,99611,318,99176,218,99827,218,99169,218,99869,100,99164,100,99882,100,98952,100,99978,100,98951,100,99998,100,98925,100,100019,100,98840,100,100048,100,98830,100
2019-06-28 10:00:20.000000000,99379,218,99216,218,99457,218,99211,218,99611,318,99176,218,99827,218,99169,218,99869,100,99164,100,99882,100,98952,100,99978,100,98951,100,99998,100,98925,100,100019,100,98840,100,100048,100,98830,100
2019-06-28 10:00:30.000000000,99379,218,99216,218,99457,218,99211,218,99611,318,99176,218,99827,218,99169,218,99869,100,99164,100,99882,100,98952,100,99978,100,98951,100,99998,100,98925,100,100019,100,98840,100,100048,100,98830,100
2019-06-28 10:00:40.000000000,99379,218,99216,218,99457,218,99211,218,99611,318,99176,218,99827,218,99169,218,99869,100,99164,100,99882,100,98952,100,99978,100,98951,100,99998,100,98925,100,100019,100,98840,100,100048,100,98830,100
2019-06-28 10:00:44.158087435,99379,218,99216,218,99457,218,99211,218,99611,318,99176,218,99827,218,99169,218,99869,100,99164,100,99882,100,98952,100,99978,100,98951,100,99998,100,98925,100,100019,100,98892,100,100048,100,98840,100
2019-06-28 10:00:50.000000000,99379,573,99216,573,99457,100,99211,100,99611,200,99176,100,99827,100,99169,100,99869,100,99164,100,99882,100,98952,100,99978,100,98951,100,99998,100,98925,100,100019,100,98892,100,100048,100,98840,100
2019-06-28 10:01:00.000000000,99379,261,99216,261,99457,256,99211,256,99611,356,99176,256,99827,100,99169,100,99869,100,99164,100,99882,100,98952,100,99978,100,98951,100,99998,100,98925,100,100019,100,98892,100,100048,100,98840,100
2019-06-28 10:01:10.000000000,99379,261,99216,261,99457,256,99211,256,99611,356,99176,256,99827,100,99169,100,99869,100,99164,100,99882,100,98952,100,99978,100,98951,100,99998,100,98925,100,100019,100,98892,100,100048,100,98840,100
2019-06-28 10:01:13.045892897,99379,261,99216,261,99457,256,99211,256,99611,356,99176,256,99827,100,99169,100,99869,100,99164,100,99882,100,98952,100,99978,100,98951,100,99998,100,98925,200,100048,100,98892,100,100058,100,98840,100
2019-06-28 10:01:14.936437423,99379,261,99216,161,99457,256,99211,256,99611,356,99176,256,99827,100,99169,100,99869,100,99164,100,99882,100,98952,100,99978,100,98951,100,99998,100,98925,200,100048,100,98892,100,100058,100,98840,100
2019-06-28 10:01:16.472584199,99379,261,99216,161,99457,156,99211,256,99611,356,99176,256,99827,100,99169,100,99869,100,99164,100,99882,100,98952,100,99978,100,98951,100,99998,100,98928,100,100048,100,98925,200,100058,100,98892,100
2019-06-28 10:01:20.000000000,99379,218,99211,218,99611,318,99176,218,99827,218,99169,218,99869,218,99164,218,99882,100,98952,100,99978,100,98951,100,99998,100,98928,100,100048,100,98925,200,100058,100,98892,100,100075,100,98840,100
2019-06-28 10:01:21.309038760,99379,218,99272,100,99611,318,99211,218,99827,218,99176,218,99869,218,99169,218,99882,100,99164,218,99978,100,98952,100,99998,100,98951,100,100048,100,98928,100,100058,100,98925,200,100075,100,98892,100
2019-06-28 10:01:30.000000000,99379,195,99272,195,99611,295,99211,195,99827,195,99176,195,99869,195,99169,195,99882,195,99164,195,99978,100,98952,100,99998,100,98951,100,100048,100,98928,100,100058,100,98925,200,100075,100,98892,100
2019-06-28 10:01:40.000000000,99379,336,99272,336,99611,436,99211,336,99827,100,99176,100,99869,100,99169,100,99882,100,99164,100,99978,100,98952,100,99998,100,98951,100,100048,100,98928,100,100058,100,98925,200,100075,100,98892,100
2019-06-28 10:01:49.778830238,99379,336,99272,336,99611,436,99211,336,99800,100,99176,100,99827,100,99169,100,99869,100,99164,100,99882,100,98952,100,99978,100,98951,100,100048,100,98928,100,100058,100,98925,200,100075,100,98892,100
2019-06-28 10:01:50.000000000,99379,336,99272,336,99611,436,99211,336,99800,100,99176,100,99827,100,99169,100,99869,100,99164,100,99882,100,98952,100,99978,100,98951,100,100048,100,98928,100,100058,100,98925,200,100075,100,98892,100
2019-06-28 10:02:00.000000000,99379,195,99272,195,99611,295,99211,195,99800,195,99176,195,99827,195,99169,195,99869,195,99164,195,99882,100,98952,100,99978,100,98951,100,100048,100,98928,100,100058,100,98925,200,100075,100,98892,100
2019-06-28 10:02:02.529397618,99379,95,99272,195,99611,295,99211,195,99800,195,99176,195,99827,195,99169,195,99869,195,99164,195,99882,100,98952,100,99978,100,98951,100,100048,100,98928,100,100058,100,98925,200,100075,100,98892,100
2019-06-28 10:02:02.785708940,99611,295,99379,5,99800,195,99272,195,99827,195,99211,195,99869,195,99176,195,99882,100,99169,195,99978,100,99164,195,100058,100,98952,100,100075,100,98951,100,100088,100,98928,100,,,98925,200
2019-06-28 10:02:10.000000000,99611,436,99379,241,99800,336,99272,336,99827,100,99211,100,99869,100,99176,100,99882,100,99169,100,99978,100,99164,100,100058,100,98952,100,100075,100,98951,100,100088,100,98928,100,,,98925,200
2019-06-28 10:02:17.060902422,99611,436,99463,100,99800,336,99379,241,99827,100,99272,336,99869,100,99211,100,99882,100,99169,100,99978,100,99164,100,100058,100,98952,100,100075,100,98951,100,100088,100,98928,100,,,98925,200
2019-06-28 10:02:20.000000000,99611,673,99463,573,99800,100,99379,5,99827,100,99272,100,99869,100,99211,100,99882,100,99169,100,99978,100,99164,100,100058,100,98952,100,100075,100,98951,100,100088,100,98928,100,,,98925,200
2019-06-28 10:02:30.000000000,99611,436,99463,336,99800,336,99379,241,99827,100,99272,100,99869,100,99211,100,99882,100,99169,100,99978,100,99164,100,100058,100,98952,100,100075,100,98951,100,100088,100,98928,100,,,98925,200
2019-06-28 10:02:39.464578270,99611,336,99463,336,99800,336,99379,241,99827,100,99272,100,99869,100,99211,100,99882,100,99169,100,99978,100,99164,100,100058,100,98952,100,100075,100,98951,100,100088,100,98928,100,,,98925,200
2019-06-28 10:02:40.000000000,99611,218,99463,218,99800,218,99379,123,99827,218,99272,218,99869,218,99211,218,99882,100,99169,100,99978,100,99164,100,100058,100,98952,100,100075,100,98951,100,100088,100,98928,100,,,98925,200
2019-06-28 10:02:43.075974453,99611,118,99463,218,99800,218,99379,123,99827,218,99272,218,99869,218,99211,218,99882,100,99169,100,99978,100,99164,100,100058,100,98952,100,100075,100,98951,100,100088,100,98928,100,,,98925,200
2019-06-28 10:02:50.000000000,99800,195,99463,195,99827,195,99379,100,99869,195,99272,195,99882,195,99211,195,99978,195,99169,195,100058,100,99164,100,100075,100,98952,100,100088,100,98951,100,,,98928,100,,,98925,200
2019-06-28 10:03:00.000000000,99800,261,99463,261,99827,256,99379,161,99869,256,99272,256,99882,100,99211,100,99978,100,99169,100,100058,100,99164,100,100075,100,98952,100,100088,100,98951,100,,,98928,100,,,98925,200
2019-06-28 10:03:02.868852765,99800,261,99463,261,99827,256,99379,161,99869,256,99272,256,99882,100,99211,100,99978,100,99169,100,100058,100,99164,100,100075,100,98952,100,100088,100,98951,100,100182,100,98928,100,,,98925,200
2019-06-28 10:03:10.000000000,99800,261,99463,261,99827,256,99379,161,99869,256,99272,256,99882,100,99211,100,99978,100,99169,100,100058,100,99164,100,100075,100,98952,100,100088,100,98951,100,100182,100,98928,100,,,98925,200
2019-06-28 10:03:11.004279517,99800,161,99463,261,99827,256,99379,161,99869,256,99272,256,99882,100,99211,100,99978,100,99169,100,100058,100,99164,100,100075,100,98952,100,100088,100,98928,100,100182,100,98925,200,,,98892,100
2019-06-28 10:03:20.000000000,99827,261,99463,261,99869,256,99379,161,99882,256,99272,256,99978,100,99211,100,100058,100,99169,100,100075,100,99164,100,100088,100,98952,100,100182,100,98928,100,,,98925,200,,,98892,100
2019-06-28 10:03:29.751973560,99811,100,99463,261,99827,261,99379,161,99869,256,99272,256,99882,256,99211,100,99978,100,99169,100,100058,100,99164,100,100075,100,98952,100,100088,100,98928,100,100182,100,98925,200,,,98892,100
2019-06-28 10:03:30.000000000,99811,261,99463,261,99827,256,99379,161,99869,256,99272,256,99882,100,99211,100,99978,100,99169,100,100058,100,99164,100,100075,100,98952,100,100088,100,98928,100,100182,100,98925,200,,,98892,100
2019-06-28 10:03:38.302507179,99811,261,99463,261,99827,256,99458,100,99869,256,99379,161,99882,100,99272,256,99978,100,99211,100,100058,100,99169,100,100075,100,99164,100,100088,100,98952,100,100182,100,98928,100,,,98925,200
2019-06-28 10:03:40.000000000,99811,261,99463,261,99827,256,99458,256,99869,256,99379,161,99882,100,99272,100,99978,100,99211,100,100058,100,99169,100,100075,100,99164,100,100088,100,98952,100,100182,100,98928,100,,,98925,200
2019-06-28 10:03:50.000000000,99811,573,99463,573,99827,100,99458,100,99869,100,99379,5,99882,100,99272,100,99978,100,99211,100,100058,100,99169,100,100075,100,99164,100,100088,100,98952,100,100182,100,98928,100,,,98925,200
2019-06-28 10:04:00.000000000,99811,573,99463,573,99827,100,99458,100,99869,100,99379,5,99882,100,99272,100,99978,100,99211,100,100058,100,99169,100,100075,100,99164,100,100088,100,98952,100,100182,100,98928,100,,,98925,200
2019-06-28 10:04:03.544070317,99811,573,99463,573,99827,100,99458,100,99869,100,99379,5,99882,100,99272,100,99928,100,99211,100,99978,100,99169,100,100058,100,99164,100,100075,100,98952,100,100088,100,98928,100,100182,100,98925,200
2019-06-28 10:04:05.818781986,99811,573,99693,100,99827,100,99463,573,99869,100,99458,100,99882,100,99379,5,99928,100,99272,100,99978,100,99211,100,100058,100,99169,100,100075,100,99164,100,100088,100,98952,100,100182,100,98928,100
2019-06-28 10:04:06.993412655,99799,100,99693,100,99811,573,99463,573,99827,100,99458,100,99869,100,99379,5,99882,100,99272,100,99928,100,99211,100,99978,100,99169,100,100058,100,99164,100,100075,100,98952,100,100088,100,98928,100
2019-06-28 10:04:08.627044316,99799,100,99693,100,99811,573,99463,573,99827,100,99458,100,99869,100,99379,5,99882,100,99272,100,99928,100,99211,100,99978,100,99169,100,100058,100,99164,100,100068,100,98952,100,100075,100,98928,100
2019-06-28 10:04:10.000000000,99799,261,99693,261,99811,256,99463,256,99827,256,99458,256,99869,100,99379,5,99882,100,99272,100,99928,100,99211,100,99978,100,99169,100,100058,100,99164,100,100068,100,98952,100,100075,100,98928,100
2019-06-28 10:04:19.695099997,99799,161,99693,261,99811,256,99463,256,99827,256,99458,256,99869,100,99379,5,99882,100,99272,100,99928,100,99211,100,99978,100,99169,100,100058,100,99164,100,100068,100,98952,100,100075,100,98928,100
2019-06-28 10:04:20.000000000,99811,573,99693,573,99827,100,99463,100,99869,100,99458,100,99882,100,99379,5,99928,100,99272,100,99978,100,99211,100,100058,100,99169,100,100068,100,99164,100,100075,100,98952,100,100088,100,98928,100
2019-06-28 10:04:21.756535737,99811,573,99693,573,99817,100,99463,100,99827,100,99458,100,99869,100,99379,5,99882,100,99272,100,99928,100,99211,100,99978,100,99169,100,100058,100,99164,100,100068,100,98952,100,100075,100,98928,100
2019-06-28 10:04:30.000000000,99811,573,99693,573,99817,100,99463,100,99827,100,99458,100,99869,100,99379,5,99882,100,99272,100,99928,100,99211,100,99978,100,99169,100,100058,100,99164,100,100068,100,98952,100,100075,100,98928,100
2019-06-28 10:04:40.000000000,99811,218,99693,218,99817,218,99463,218,99827,218,99458,218,99869,218,99379,123,99882,100,99272,100,99928,100,99211,100,99978,100,99169,100,100058,100,99164,100,100068,100,98952,100,100075,100,98928,100
2019-06-28 10:04:40.976765850,99811,218,99693,218,99817,218,99463,218,99827,218,99458,218,99869,218,99379,123,99882,100,99272,100,99928,100,99211,100,99978,100,99169,100,100058,100,99164,100,100068,100,98952,100,100075,100,98928,100
2019-06-28 10:04:42.020548062,99811,118,99693,218,99817,218,99463,218,99827,218,99458,218,99869,218,99379,123,99882,100,99272,100,99928,100,99211,100,99978,100,99169,100,100058,100,99164,100,100068,100,98952,100,100075,100,98928,100
2019-06-28 10:04:45.586239702,99811,118,99693,218,99817,218,99463,218,99827,218,99458,218,99869,218,99379,123,99882,100,99272,100,99928,100,99211,100,99978,100,99169,100,100058,100,99164,100,100068,100,98952,100,100075,100,98928,100
2019-06-28 10:04:50.000000000,99817,195,99693,195,99827,195,99463,195,99869,195,99458,195,99882,195,99379,100,99928,195,99272,195,99978,100,99211,100,100058,100,99169,100,100068,100,99164,100,100075,100,98952,100,100088,100,98928,100
2019-06-28 10:04:53.642314547,99817,95,99693,195,99827,195,99463,195,99869,195,99458,195,99882,195,99379,100,99928,195,99272,195,99978,100,99211,100,100058,100,99169,100,100068,100,99164,100,100075,100,98952,100,100088,100,98928,100
2019-06-28 10:05:00.000000000,99827,195,99693,195,99869,195,99463,195,99882,195,99458,195,99928,195,99379,100,99978,195,99272,195,100058,100,99211,100,100068,100,99169,100,100075,100,99164,100,100088,100,98952,100,100182,100,98928,100
2019-06-28 10:05:10.000000000,99827,573,99693,573,99869,100,99463,100,99882,100,99458,100,99928,100,99379,5,99978,100,99272,100,100058,100,99211,100,100068,100,99169,100,100075,100,99164,100,100088,100,98952,100,100182,100,98928,100
2019-06-28 10:05:20.000000000,99827,195,99693,195,99869,195,99463,195,99882,195,99458,195,99928,195,99379,100,99978,195,99272,195,100058,100,99211,100,100068,100,99169,100,100075,100,99164,100,100088,100,98952,100,100182,100,98928,100
2019-06-28 10:05:30.000000000,99827,218,99693,218,99869,218,99463,218,99882,218,99458,218,99928,218,99379,123,99978,100,99272,100,100058,100,99211,100,100068,100,99169,100,100075,100,99164,100,100088,100,98952,100,100182,100,98928,100
2019-06-28 10:05:36.391091831,99827,218,99811,100,99869,118,99693,218,99882,218,99463,218,99928,218,99458,218,99978,100,99379,123,100058,100,99272,100,100068,100,99211,100,100075,100,99169,100,100088,100,99164,100,100182,100,98952,100
2019-06-28 10:05:40.000000000,99827,195,99811,195,99882,195,99693,195,99928,195,99463,195,99978,195,99458,195,100058,195,99379,100,100068,100,99272,100,100075,100,99211,100,100088,100,99169,100,100182,100,99164,100,100189,100,98952,100
2019-06-28 10:05:50.000000000,99827,218,99811,218,99882,218,99693,218,99928,218,99463,218,99978,218,99458,218,100058,100,99379,5,100068,100,99272,100,100075,100,99211,100,100088,100,99169,100,100182,100,99164,100,100189,100,98952,100
2019-06-28 10:06:00.000000000,99827,573,99811,573,99882,100,99693,100,99928,100,99463,100,99978,100,99458,100,100058,100,99379,5,100068,100,99272,100,100075,100,99211,100,100088,100,99169,100,100182,100,99164,100,100189,100,98952,100
2019-06-28 10:06:10.000000000,99827,336,99811,336,99882,336,99693,336,99928,100,99463,100,99978,100,99458,100,100058,100,99379,5,100068,100,99272,100,100075,100,99211,100,100088,100,99169,100,100182,100,99164,100,100189,100,98952,100
2019-06-28 10:06:19.456043653,99827,336,99811,336,99882,336,99693,336,99928,100,99463,100,99978,100,99458,100,100058,100,99379,5,100068,100,99272,100,100075,100,99211,100,100088,100,99169,100,100182,100,99164,100,100604,100,98952,100
2019-06-28 10:06:20.000000000,99827,195,99811,195,99882,195,99693,195,99928,195,99463,195,99978,195,99458,195,100058,195,99379,100,100068,100,99272,100,100075,100,99211,100,100088,100,99169,100,100182,100,99164,100,100604,100,98952,100
2019-06-28 10:06:22.012030146,99827,95,99811,195,99882,195,99693,195,99928,195,99463,195,99978,195,99458,195,100058,195,99379,100,100068,100,99272,100,100075,100,99211,100,100088,100,99169,100,100182,100,99164,100,100604,100,98952,100
2019-06-28 10:06:28.234234204,99827,95,99817,100,99882,195,99811,195,99928,195,99693,195,99978,195,99463,195,100058,195,99458,195,100068,100,99379,100,100075,100,99272,100,100088,100,99211,100,100182,100,99169,100,100604,100,99164,100
2019-06-28 10:06:30.000000000,99882,218,99817,218,99928,218,99811,218,99978,218,99693,218,100058,218,99463,218,100068,100,99458,100,100075,100,99379,5,100088,100,99272,100,100182,100,99211,100,100604,100,99169,100,,,99164,100
2019-06-28 10:06:40.000000000,99882,573,99817,573,99928,100,99811,100,99978,100,99693,100,100058,100,99463,100,100068,100,99458,100,100075,100,99379,5,100088,100,99272,100,100182,100,99211,100,100604,100,99169,100,,,99164,100
2019-06-28 10:06:50.000000000,99882,195,99817,195,99928,195,99811,195,99978,195,99693,195,100058,195,99463,195,100068,195,99458,195,100075,100,99379,5,100088,100,99272,100,100182,100,99211,100,100604,100,99169,100,,,99164,100
2019-06-28 10:06:55.628849674,99882,195,99817,295,99928,195,99811,95,99978,195,99693,195,100058,195,99463,195,100068,195,99458,195,100075,100,99379,5,100088,100,99272,100,100182,100,99211,100,100604,100,99169,100,,,99164,100
2019-06-28 10:07:00.000000000,99882,261,99817,361,99928,256,99693,256,99978,256,99463,256,100058,100,99458,100,100068,100,99379,5,100075,100,99272,100,100088,100,99211,100,100182,100,99169,100,100604,100,99164,100,,,98952,100
2019-06-28 10:07:10.000000000,99882,573,99817,673,99928,100,99693,100,99978,100,99463,100,100058,100,99458,100,100068,100,99379,5,100075,100,99272,100,100088,100,99211,100,100182,100,99169,100,100604,100,99164,100,,,98952,100
2019-06-28 10:07:20.000000000,99882,261,99817,361,99928,256,99693,256,99978,256,99463,256,100058,100,99458,100,100068,100,99379,5,100075,100,99272,100,100088,100,99211,100,100182,100,99169,100,100604,100,99164,100,,,98952,100
2019-06-28 10:07:25.590763338,99882,161,99817,361,99928,256,99693,256,99978,256,99463,256,100058,100,99458,100,100068,100,99379,5,100075,100,99272,100,100088,100,99211,100,100182,100,99169,100,100604,100,99164,100,,,98952,100
2019-06-28 10:07:30.000000000,99928,218,99817,318,99978,218,99693,218,100058,218,99463,218,100068,218,99458,218,100075,100,99379,5,100088,100,99272,100,100182,100,99211,100,100604,100,99169,100,,,99164,100,,,98952,100
2019-06-28 10:07:40.000000000,99928,573,99817,673,99978,100,99693,100,100058,100,99463,100,100068,100,99458,100,100075,100,99379,5,100088,100,99272,100,100182,100,99211,100,100604,100,99169,100,,,99164,100,,,98952,100
2019-06-28 10:07:50.000000000,99928,218,99817,318,99978,218,99693,218,100058,218,99463,218,100068,218,99458,218,100075,100,99379,5,100088,100,99272,100,100182,100,99211,100,100604,100,99169,100,,,99164,100,,,98952,100
2019-06-28 10:07:56.715888626,99928,218,99817,318,99978,218,99693,218,100058,218,99463,218,100068,218,99458,218,100075,100,99379,5,100088,100,99272,100,100182,100,99211,100,100604,100,99169,100,100970,100,99164,100,,,98952,100
2019-06-28 10:07:59.699603203,99928,118,99817,318,99978,218,99693,218,100058,218,99463,218,100068,218,99458,218,100075,100,99379,5,100088,100,99272,100,100182,100,99211,100,100604,100,99169,100,100970,100,99164,100,,,98952,100
2019-06-28 10:08:00.000000000,99978,195,99817,295,100058,195,99693,195,100068,195,99463,195,100075,195,99458,195,100088,195,99379,100,100182,100,99272,100,100604,100,99211,100,100970,100,99169,100,,,99164,100,,,98952,100
2019-06-28 10:08:10.000000000,99978,218,99817,318,100058,218,99693,218,100068,218,99463,218,100075,218,99458,218,100088,100,99379,5,100182,100,99272,100,100604,100,99211,100,100970,100,99169,100,,,99164,100,,,98952,100
2019-06-28 10:08:11.049891615,99978,218,99817,318,100058,218,99693,218,100068,218,99463,218,100075,218,99458,218,100088,100,99379,5,100182,100,99272,100,100604,100,99211,100,100970,100,99169,100,101143,100,99164,100,,,98952,100
2019-06-28 10:08:20.000000000,99978,336,99817,436,100058,336,99693,336,100068,100,99463,100,100075,100,99458,100,100088,100,99379,5,100182,100,99272,100,100604,100,99211,100,100970,100,99169,100,101143,100,99164,100,,,98952,100
2019-06-28 10:08:25.095950031,99978,336,99817,436,100058,336,99693,336,100068,100,99463,100,100075,100,99458,100,100088,100,99379,5,100182,100,99272,100,100604,100,99211,100,100970,100,99169,100,101001,100,99164,100,101143,100,98952,100
2019-06-28 10:08:30.000000000,99978,336,99817,436,100058,336,99693,336,100068,100,99463,100,100075,100,99458,100,100088,100,99379,5,100182,100,99272,100,100604,100,99211,100,100970,100,99169,100,101001,100,99164,100,101143,100,98952,100
2019-06-28 10:08:38.333723888,99978,236,99817,436,100058,336,99693,336,100068,100,99463,100,100075,100,99458,100,100088,100,99379,5,100182,100,99272,100,100604,100,99211,100,100970,100,99169,100,101001,100,98952,100,101143,100,98928,100
2019-06-28 10:08:40.000000000,100058,218,99817,318,100068,218,99693,218,100075,218,99463,218,100088,218,99458,218,100182,100,99379,5,100604,100,99272,100,100970,100,99211,100,101001,100,99169,100,101143,100,98952,100,,,98928,100
2019-06-28 10:08:50.000000000,100058,573,99817,673,100068,100,99693,100,100075,100,99463,100,100088,100,99458,100,100182,100,99379,5,100604,100,99272,100,100970,100,99211,100,101001,100,99169,100,101143,100,98952,100,,,98928,100
2019-06-28 10:08:52.470083879,100058,573,99928,100,100068,100,99817,573,100075,100,99693,100,100088,100,99463,100,100182,100,99458,100,100604,100,99379,5,100970,100,99272,100,101001,100,99211,100,101143,100,99169,100,,,98952,100
2019-06-28 10:09:00.000000000,100058,218,99928,218,100068,218,99817,218,100075,218,99693,218,100088,218,99463,218,100182,100,99458,100,100604,100,99379,5,100970,100,99272,100,101001,100,99211,100,101143,100,99169,100,,,98952,100
2019-06-28 10:09:06.857251285,100058,118,99928,218,100068,218,99817,218,100075,218,99693,218,100088,218,99463,218,100182,100,99458,100,100604,100,99379,5,100970,100,99272,100,101001,100,99211,100,101143,100,99169,100,,,98952,100
2019-06-28 10:09:10.000000000,100068,336,99928,336,100075,336,99817,336,100088,100,99693,100,100182,100,99463,100,100604,100,99458,100,100970,100,99379,5,101001,100,99272,100,101143,100,99211,100,,,99169,100,,,98952,100
2019-06-28 10:09:10.497055686,100068,136,99928,336,100075,336,99817,336,100088,100,99693,100,100182,100,99463,100,100604,100,99458,100,100970,100,99379,5,101001,100,99272,100,101143,100,99211,100,,,99169,100,,,98952,100
2019-06-28 10:09:20.000000000,100075,195,99928,195,100088,195,99817,195,100182,195,99693,195,100604,195,99463,195,100970,195,99458,195,101001,100,99379,5,101143,100,99272,100,,,99211,100,,,99169,100,,,98952,100
2019-06-28 10:09:30.000000000,100075,573,99928,573,100088,100,99817,100,100182,100,99693,100,100604,100,99463,100,100970,100,99458,100,101001,100,99379,5,101143,100,99272,100,,,99211,100,,,99169,100,,,98952,100
2019-06-28 10:09:40.000000000,100075,195,99928,195,100088,195,99817,195,100182,195,99693,195,100604,195,99463,195,100970,195,99458,195,101001,100,99379,5,101143,100,99272,100,,,99211,100,,,99169,100,,,98952,100
2019-06-28 10:09:50.000000000,100075,218,99928,218,100088,218,99817,218,100182,218,99693,218,100604,218,99463,218,100970,100,99458,100,101001,100,99379,5,101143,100,99272,100,,,99211,100,,,99169,100,,,98952,100
2019-06-28 10:09:53.123411135,100075,218,100058,100,100088,218,99928,218,100182,218,99817,218,100604,218,99693,218,100970,100,99463,218,101001,100,99458,100,101143,100,99379,5,,,99272,100,,,99211,100,,,99169,100
2019-06-28 10:09:55.822206586,100075,218,99928,218,100088,218,99817,218,100182,218,99693,218,100604,218,99463,218,100970,100,99458,100,101001,100,99379,5,101143,100,99272,100,,,99211,100,,,99169,100,,,98952,100
2019-06-28 10:10:00.000000000,100075,218,99928,218,100088,218,99817,218,100182,218,99693,218,100604,218,99463,218,100970,100,99458,100,101001,100,99379,5,101143,100,99272,100,,,99211,100,,,99169,100,,,98952,100
