,ask_price_1,ask_size_1,bid_price_1,bid_size_1,ask_price_2,ask_size_2,bid_price_2,bid_size_2,ask_price_3,ask_size_3,bid_price_3,bid_size_3,ask_price_4,ask_size_4,bid_price_4,bid_size_4,ask_price_5,ask_size_5,bid_price_5,bid_size_5,ask_price_6,ask_size_6,bid_price_6,bid_size_6,ask_price_7,ask_size_7,bid_price_7,bid_size_7,ask_price_8,ask_size_8,bid_price_8,bid_size_8,ask_price_9,ask_size_9,bid_price_9,bid_size_9,ask_price_10,ask_size_10,bid_price_10,bid_size_10
2019-06-28 09:30:00.000000000,100001,100,,,,,,,,,,,,,,,,,,,,,,,,,,,,,,,,,,,,,,
2019-06-28 09:30:00.000000001,100001,100,99985,100,100017,100,,,,,,,,,,,,,,,,,,,,,,,,,,,,,,,,,,
2019-06-28 09:30:00.000000002,100001,100,99985,100,100017,100,,,100108,100,,,,,,,,,,,,,,,,,,,,,,,,,,,,,,
2019-06-28 09:30:00.000000003,100001,100,99985,100,100017,100,,,100030,100,,,100108,100,,,,,,,,,,,,,,,,,,,,,,,,,,
2019-06-28 09:30:00.000000005,100001,100,99985,100,100017,100,99885,100,100018,100,,,100030,100,,,100108,100,,,,,,,,,,,,,,,,,,,,,,
2019-06-28 09:30:00.000000006,100003,100,99985,100,100017,100,99885,100,100018,100,,,100030,100,,,100108,100,,,,,,,,,,,,,,,,,,,,,,
2019-06-28 09:30:00.000000008,100017,100,99985,100,100018,100,99885,100,100030,100,,,100108,100,,,,,,,,,,,,,,,,,,,,,,,,,,
2019-06-28 09:30:00.000000014,100018,100,99985,100,100030,100,99885,100,100108,100,,,,,,,,,,,,,,,,,,,,,,,,,,,,,,
2019-06-28 09:30:00.000000019,100018,100,99985,100,100030,100,99885,100,100047,100,,,100108,100,,,,,,,,,,,,,,,,,,,,,,,,,,
2019-06-28 09:30:00.000000022,100017,100,99985,100,100018,100,99885,100,100030,100,,,100047,100,,,100108,100,,,,,,,,,,,,,,,,,,,,,,
2019-06-28 09:30:00.000000023,100017,200,99985,100,100018,100,99885,100,100030,100,,,100047,100,,,100108,100,,,,,,,,,,,,,,,,,,,,,,
2019-06-28 09:30:00.000000025,100017,300,99985,100,100018,100,99885,100,100030,100,,,100047,100,,,100056,100,,,100108,100,,,,,,,,,,,,,,,,,,
2019-06-28 09:30:00.000000027,100017,300,99985,100,100018,100,99939,100,100030,100,99885,100,100047,100,,,100056,100,,,100108,100,,,,,,,,,,,,,,,,,,
2019-06-28 09:30:00.000000030,100017,300,99985,100,100018,100,99939,100,100030,100,99885,100,100047,200,,,100056,100,,,100108,100,,,,,,,,,,,,,,,,,,
2019-06-28 09:30:00.000000031,100017,300,99985,100,100018,100,99939,100,100030,100,99885,100,100041,100,,,100047,200,,,100056,100,,,100108,100,,,,,,,,,,,,,,
2019-06-28 09:30:00.000000032,100017,300,99985,100,100018,100,99939,100,100030,100,99927,100,100041,100,99885,100,100047,200,,,100056,100,,,100108,100,,,100160,100,,,,,,,,,,
2019-06-28 09:30:00.000000033,100017,300,99985,100,100018,100,99939,100,100030,100,99927,100,100041,100,99885,100,100047,200,,,100056,100,,,100108,100,,,100135,100,,,100160,100,,,,,,
2019-06-28 09:30:00.000000034,100017,300,99985,100,100018,100,99939,100,100028,100,99927,100,100030,100,99885,100,100041,100,,,100047,200,,,100049,100,,,100056,100,,,100108,100,,,100135,100,,
2019-06-28 09:30:00.000000035,100017,300,99985,100,100018,100,99939,100,100028,100,99927,100,100030,100,99885,100,100041,100,,,100047,200,,,100049,100,,,100056,100,,,100108,100,,,100135,100,,
2019-06-28 09:30:00.000000038,100017,300,99985,100,100018,100,99939,100,100028,100,99929,100,100030,100,99927,100,100041,100,99885,100,100047,200,,,100049,100,,,100056,100,,,100108,100,,,100135,100,,
2019-06-28 09:30:00.000000039,100017,200,99985,100,100018,100,99939,100,100028,100,99929,100,100030,100,99927,100,100041,100,99885,100,100047,200,,,100049,100,,,100056,100,,,100108,100,,,100135,100,,
2019-06-28 09:30:00.000000041,100017,200,99985,100,100018,100,99939,100,100028,100,99929,100,100030,100,99927,100,100041,100,99885,100,100047,200,99811,100,100049,100,,,100056,100,,,100108,100,,,100135,100,,
2019-06-28 09:30:00.000000042,100017,200,99985,100,100018,100,99939,100,100028,100,99929,100,100030,100,99927,100,100041,100,99885,100,100047,200,99845,100,100049,100,99811,100,100056,100,,,100108,100,,,100135,100,,
2019-06-28 09:30:00.000000043,100016,100,99985,100,100017,200,99939,100,100018,100,99929,100,100028,100,99927,100,100030,100,99885,100,100041,100,99845,100,100047,200,99811,100,100049,100,,,100056,100,,,100108,100,,
2019-06-28 09:30:00.000000045,100016,100,99985,100,100017,200,99967,100,100018,100,99939,100,100028,100,99929,100,100030,100,99927,100,100041,100,99885,100,100047,200,99845,100,100049,100,99811,100,100056,100,,,100108,100,,
2019-06-28 09:30:00.000000048,100016,100,99985,100,100017,200,99984,100,100018,100,99967,100,100028,100,99939,100,100030,100,99929,100,100041,100,99927,100,100047,200,99885,100,100049,100,99845,100,100056,100,99811,100,100108,100,,
2019-06-28 09:30:00.000000053,100016,100,99985,100,100017,200,99984,100,100018,100,99967,100,100028,100,99939,100,100030,100,99929,100,100041,100,99927,100,100047,200,99898,100,100049,100,99885,100,100056,100,99845,100,100108,100,99811,100
2019-06-28 09:30:00.000000054,100007,100,99985,100,100016,100,99984,100,100017,200,99967,100,100018,100,99939,100,100028,100,99929,100,100030,100,99927,100,100041,100,99898,100,100047,200,99896,100,100049,100,99885,100,100056,100,99845,100
2019-06-28 09:30:00.000000057,100007,100,99985,100,100016,100,99984,100,100017,200,99980,100,100018,100,99967,100,100028,100,99940,100,100030,100,99939,100,100041,100,99929,100,100047,200,99927,100,100049,100,99898,100,100056,100,99896,100
2019-06-28 09:30:00.000000058,100007,100,99985,100,100016,100,99984,100,100017,200,99980,100,100018,100,99967,100,100028,100,99940,100,100030,100,99939,100,100041,100,99929,100,100047,200,99927,100,100049,100,99898,100,100056,100,99896,100
2019-06-28 09:30:00.000000059,100007,100,99985,100,100016,100,99984,100,100017,200,99980,100,100018,100,99967,100,100028,100,99940,100,100030,100,99939,100,100041,100,99933,100,100047,200,99929,100,100049,100,99927,100,100056,100,99898,100
2019-06-28 09:30:00.000000064,100007,100,99985,100,100016,100,99984,100,100017,200,99980,100,100018,100,99967,100,100028,100,99948,100,100030,100,99940,100,100041,100,99939,100,100047,200,99933,100,100049,100,99929,100,100056,100,99927,100
2019-06-28 09:30:00.000000065,100007,100,99986,100,100016,100,99985,100,100017,200,99984,100,100018,100,99980,100,100028,100,99967,100,100030,100,99948,100,100041,100,99940,100,100047,200,99939,100,100049,100,99933,100,100056,100,99929,100
2019-06-28 09:30:00.000000066,100007,100,99986,100,100016,100,99985,100,100017,200,99984,100,100018,100,99980,100,100028,100,99967,100,100030,100,99948,100,100041,100,99940,100,100047,200,99939,100,100049,100,99933,100,100056,100,99929,100
2019-06-28 09:30:00.000000069,100007,100,99986,200,100016,100,99985,100,100017,200,99984,100,100018,100,99980,100,100028,100,99967,100,100030,100,99948,100,100041,100,99940,100,100047,200,99939,100,100049,100,99933,100,100056,100,99929,100
2019-06-28 09:30:00.000000070,100007,100,99986,200,100016,200,99985,100,100017,200,99984,100,100018,100,99980,100,100028,100,99967,100,100030,100,99948,100,100041,100,99940,100,100047,200,99939,100,100049,100,99933,100,100056,100,99929,100
2019-06-28 09:30:00.000000071,100007,100,99986,200,100016,200,99985,100,100017,200,99984,100,100018,100,99980,100,100028,100,99967,100,100030,100,99948,100,100041,100,99940,100,100047,200,99939,100,100049,100,99933,100,100056,100,99929,100
2019-06-28 09:30:00.000000076,100007,100,99986,200,100016,200,99985,100,100017,200,99984,100,100018,100,99980,100,100028,100,99967,100,100030,100,99948,100,100041,100,99940,100,100047,200,99939,100,100049,100,99933,100,100056,100,99929,100
2019-06-28 09:30:00.000000080,100007,100,99986,200,100016,500,99985,100,100017,200,99984,100,100018,100,99980,100,100028,100,99967,100,100030,100,99948,100,100041,100,99940,100,100047,200,99939,100,100049,100,99933,100,100056,100,99929,100
2019-06-28 09:30:00.000000084,100007,100,99986,200,100016,500,99985,100,100017,200,99984,100,100018,100,99980,100,100028,100,99967,100,100030,100,99948,100,100041,100,99940,100,100047,200,99939,100,100049,100,99933,100,100056,100,99929,100
2019-06-28 09:30:00.000000086,100007,100,99986,200,100016,500,99985,100,100017,200,99984,100,100018,100,99980,100,100028,100,99967,100,100030,100,99948,100,100041,100,99940,100,100047,200,99939,100,100049,100,99933,100,100056,100,99929,100
2019-06-28 09:30:00.000000088,100007,100,99986,200,100016,500,99985,100,100017,200,99984,100,100018,100,99980,100,100028,100,99967,100,100030,100,99948,100,100041,100,99940,100,100047,200,99939,100,100049,100,99933,100,100056,100,99929,100
2019-06-28 09:30:00.000000089,100007,100,99986,300,100016,500,99985,100,100017,200,99984,100,100018,100,99980,100,100028,100,99967,100,100030,100,99948,100,100041,100,99940,100,100047,200,99939,100,100049,100,99933,100,100056,100,99929,100
2019-06-28 09:30:00.000000090,100007,100,99986,300,100016,500,99985,100,100017,200,99984,100,100018,100,99980,100,100028,100,99967,100,100030,100,99948,100,100035,100,99940,100,100041,100,99939,100,100047,200,99933,100,100049,100,99929,100
2019-06-28 09:30:00.000000093,100007,100,99986,300,100016,500,99985,100,100017,200,99984,100,100018,100,99980,100,100028,100,99967,100,100030,100,99948,100,100035,100,99940,100,100041,100,99939,100,100047,200,99933,100,100049,100,99929,100
2019-06-28 09:30:00.000000096,100007,100,99986,300,100016,500,99985,100,100017,200,99984,100,100018,100,99980,100,100028,100,99967,100,100030,100,99948,100,100035,100,99940,100,100041,100,99939,100,100047,200,99933,100,100049,100,99929,100
2019-06-28 09:30:00.000000097,100007,100,99986,300,100016,500,99985,100,100017,200,99984,100,100018,100,99980,100,100028,100,99967,100,100030,100,99948,100,100035,100,99945,100,100041,100,99940,100,100047,200,99939,100,100049,100,99933,100
2019-06-28 09:30:10.000000000,100007,164,99986,364,100016,564,99985,164,100017,264,99984,164,100018,164,99980,164,100028,100,99967,100,100030,100,99948,100,100035,100,99945,100,100041,100,99940,100,100047,200,99939,100,100049,100,99933,100
2019-06-28 09:30:20.000000000,100007,151,99986,351,100016,551,99985,151,100017,251,99984,151,100018,151,99980,151,100028,151,99967,151,100030,100,99948,100,100035,100,99945,100,100041,100,99940,100,100047,200,99939,100,100049,100,99933,100
2019-06-28 09:30:23.412417649,100007,151,99986,351,100016,551,99985,151,100017,251,99984,151,100018,151,99980,151,100028,151,99967,151,100030,100,99948,100,100035,100,99945,200,100041,100,99940,100,100047,200,99939,100,100049,100,99933,100
2019-06-28 09:30:30.000000000,100007,187,99986,387,100016,584,99985,184,100017,284,99984,184,100018,100,99980,100,100028,100,99967,100,100030,100,99948,100,100035,100,99945,200,100041,100,99940,100,100047,200,99939,100,100049,100,99933,100
2019-06-28 09:30:31.725107443,100007,187,99986,287,100016,584,99985,184,100017,284,99984,184,100018,100,99980,100,100028,100,99967,100,100030,100,99948,100,100035,100,99945,200,100041,100,99940,100,100047,200,99939,100,100049,100,99933,100
2019-06-28 09:30:40.000000000,100007,164,99986,264,100016,564,99985,164,100017,264,99984,164,100018,164,99980,164,100028,100,99967,100,100030,100,99948,100,100035,100,99945,200,100041,100,99940,100,100047,200,99939,100,100049,100,99933,100
2019-06-28 09:30:50.000000000,100007,164,99986,264,100016,564,99985,164,100017,264,99984,164,100018,164,99980,164,100028,100,99967,100,100030,100,99948,100,100035,100,99945,200,100041,100,99940,100,100047,200,99939,100,100049,100,99933,100
2019-06-28 09:31:00.000000000,100007,356,99986,456,100016,500,99985,100,100017,200,99984,100,100018,100,99980,100,100028,100,99967,100,100030,100,99948,100,100035,100,99945,200,100041,100,99940,100,100047,200,99939,100,100049,100,99933,100
2019-06-28 09:31:00.899684193,100007,356,99986,456,100016,600,99985,100,100017,200,99984,100,100018,100,99980,100,100028,100,99967,100,100030,100,99948,100,100035,100,99945,200,100041,100,99940,100,100047,200,99939,100,100049,100,99933,100
2019-06-28 09:31:02.920171361,100007,356,99986,456,100016,700,99985,100,100017,200,99984,100,100018,100,99980,100,100028,100,99967,100,100030,100,99948,100,100035,100,99945,200,100041,100,99940,100,100047,200,99939,100,100049,100,99933,100
2019-06-28 09:31:06.668640943,100007,356,99986,456,100016,700,99985,100,100017,200,99984,100,100018,100,99980,100,100028,100,99967,100,100030,100,99948,100,100035,100,99945,200,100041,100,99940,100,100047,200,99939,100,100049,100,99933,100
2019-06-28 09:31:10.000000000,100007,228,99986,328,100016,828,99985,228,100017,200,99984,100,100018,100,99980,100,100028,100,99967,100,100030,100,99948,100,100035,100,99945,200,100041,100,99940,100,100047,200,99939,100,100049,100,99933,100
2019-06-28 09:31:12.543422041,100007,228,99986,328,100016,828,99985,228,100017,200,99984,100,100018,100,99967,100,100028,100,99948,100,100030,100,99945,200,100035,100,99940,100,100041,100,99939,100,100047,200,99933,100,100049,100,99929,100
2019-06-28 09:31:16.182756157,99988,100,99986,328,100007,228,99985,228,100016,828,99984,100,100017,200,99967,100,100018,100,99948,100,100028,100,99945,200,100030,100,99940,100,100035,100,99939,100,100041,100,99933,100,100047,200,99929,100
2019-06-28 09:31:20.000000000,99988,356,99986,456,100007,100,99985,100,100016,700,99984,100,100017,200,99967,100,100018,100,99948,100,100028,100,99945,200,100030,100,99940,100,100035,100,99939,100,100041,100,99933,100,100047,200,99929,100
2019-06-28 09:31:25.045777270,99988,356,99986,456,100007,100,99985,100,100016,700,99984,100,100017,200,99967,100,100018,100,99948,100,100030,100,99945,200,100035,100,99940,100,100041,100,99939,100,100047,200,99933,100,100049,100,99929,100
2019-06-28 09:31:30.000000000,99988,356,99986,456,100007,100,99985,100,100016,700,99984,100,100017,200,99967,100,100018,100,99948,100,100030,100,99945,200,100035,100,99940,100,100041,100,99939,100,100047,200,99933,100,100049,100,99929,100
2019-06-28 09:31:40.000000000,99988,151,99986,251,100007,151,99985,151,100016,751,99984,151,100017,251,99967,151,100018,151,99948,151,100030,100,99945,200,100035,100,99940,100,100041,100,99939,100,100047,200,99933,100,100049,100,99929,100
2019-06-28 09:31:43.496522381,99988,151,99986,251,100007,151,99985,151,100016,751,99984,151,100017,251,99967,151,100018,151,99948,151,100030,100,99945,200,100035,100,99940,100,100041,100,99939,100,100047,200,99933,100,100049,100,99929,100
2019-06-28 09:31:50.000000000,99988,228,99986,328,100007,228,99985,228,100016,700,99984,100,100017,200,99967,100,100018,100,99948,100,100030,100,99945,200,100035,100,99940,100,100041,100,99939,100,100047,200,99933,100,100049,100,99929,100
2019-06-28 09:31:51.167763494,99988,228,99986,328,100007,228,99985,228,100016,700,99984,100,100017,200,99967,100,100018,100,99958,100,100030,100,99948,100,100035,100,99945,200,100041,100,99940,100,100047,200,99939,100,100049,100,99933,100
2019-06-28 09:32:00.000000000,99988,356,99986,456,100007,100,99985,100,100016,700,99984,100,100017,200,99967,100,100018,100,99958,100,100030,100,99948,100,100035,100,99945,200,100041,100,99940,100,100047,200,99939,100,100049,100,99933,100
2019-06-28 09:32:02.020724445,99988,356,99986,456,100007,100,99985,100,100016,700,99984,100,100017,200,99967,100,100018,100,99958,100,100030,100,99948,100,100035,100,99945,200,100041,100,99940,100,100047,200,99939,100,100049,100,99933,100
2019-06-28 09:32:10.000000000,99988,164,99986,264,100007,164,99985,164,100016,764,99984,164,100017,264,99967,164,100018,100,99958,100,100030,100,99948,100,100035,100,99945,200,100041,100,99940,100,100047,200,99939,100,100049,100,99933,100
2019-06-28 09:32:20.000000000,99988,356,99986,456,100007,100,99985,100,100016,700,99984,100,100017,200,99967,100,100018,100,99958,100,100030,100,99948,100,100035,100,99945,200,100041,100,99940,100,100047,200,99939,100,100049,100,99933,100
2019-06-28 09:32:30.000000000,99988,228,99986,328,100007,228,99985,228,100016,700,99984,100,100017,200,99967,100,100018,100,99958,100,100030,100,99948,100,100035,100,99945,200,100041,100,99940,100,100047,200,99939,100,100049,100,99933,100
2019-06-28 09:32:40.000000000,99988,187,99986,287,100007,184,99985,184,100016,784,99984,184,100017,200,99967,100,100018,100,99958,100,100030,100,99948,100,100035,100,99945,200,100041,100,99940,100,100047,200,99939,100,100049,100,99933,100
2019-06-28 09:32:48.976743708,99988,187,99986,287,100007,184,99985,184,100016,784,99984,184,100017,200,99967,100,100018,100,99958,100,100030,100,99948,100,100035,100,99945,200,100041,100,99940,100,100047,200,99939,100,100049,100,99933,100
2019-06-28 09:32:50.000000000,99988,151,99986,251,100007,151,99985,151,100016,751,99984,151,100017,251,99967,151,100018,151,99958,151,100030,100,99948,100,100035,100,99945,200,100041,100,99940,100,100047,200,99939,100,100049,100,99933,100
2019-06-28 09:32:59.665229487,99988,151,99986,151,100007,151,99985,151,100016,751,99984,151,100017,251,99967,151,100018,151,99958,151,100030,100,99948,100,100035,100,99945,200,100041,100,99940,100,100047,200,99939,100,100049,100,99933,100
2019-06-28 09:32:59.907210252,99987,100,99986,151,99988,151,99985,151,100007,151,99984,151,100016,751,99967,151,100017,251,99958,151,100018,151,99948,100,100030,100,99945,200,100035,100,99940,100,100041,100,99939,100,100047,200,99933,100
2019-06-28 09:33:00.000000000,99987,228,99986,228,99988,228,99985,228,100007,100,99984,100,100016,700,99967,100,100017,200,99958,100,100018,100,99948,100,100030,100,99945,200,100035,100,99940,100,100041,100,99939,100,100047,200,99933,100
2019-06-28 09:33:08.886099142,99987,228,99986,128,99988,228,99985,228,100007,100,99984,100,100016,700,99967,100,100017,200,99958,100,100018,100,99948,100,100030,100,99945,200,100035,100,99940,100,100041,100,99939,100,100047,200,99933,100
2019-06-28 09:33:10.000000000,99987,356,99985,356,99988,100,99984,100,100007,100,99967,100,100016,700,99958,100,100017,200,99948,100,100018,100,99945,200,100030,100,99940,100,100035,100,99939,100,100041,100,99933,100,100047,200,99929,100
2019-06-28 09:33:20.000000000,99987,187,99985,187,99988,184,99984,184,100007,184,99967,184,100016,700,99958,100,100017,200,99948,100,100018,100,99945,200,100030,100,99940,100,100035,100,99939,100,100041,100,99933,100,100047,200,99929,100
2019-06-28 09:33:30.000000000,99987,151,99985,151,99988,151,99984,151,100007,151,99967,151,100016,751,99958,151,100017,251,99948,151,100018,100,99945,200,100030,100,99940,100,100035,100,99939,100,100041,100,99933,100,100047,200,99929,100
2019-06-28 09:33:32.795103776,99987,151,99985,51,99988,151,99984,151,100007,151,99967,151,100016,751,99958,151,100017,251,99948,151,100018,100,99945,200,100030,100,99940,100,100035,100,99939,100,100041,100,99933,100,100047,200,99929,100
2019-06-28 09:33:32.987789329,99985,49,99984,151,99987,151,99967,151,99988,151,99958,151,100007,51,99948,151,100016,751,99945,200,100017,251,99940,100,100018,100,99939,100,100030,100,99933,100,100035,100,99929,100,100041,100,99927,100
2019-06-28 09:33:40.000000000,99985,100,99984,151,99987,151,99967,151,99988,151,99958,151,100016,751,99948,151,100017,251,99945,251,100018,100,99940,100,100030,100,99939,100,100035,100,99933,100,100041,100,99929,100,100047,200,99927,100
2019-06-28 09:33:50.000000000,99985,177,99984,228,99987,228,99967,228,99988,100,99958,100,100016,700,99948,100,100017,200,99945,200,100018,100,99940,100,100030,100,99939,100,100035,100,99933,100,100041,100,99929,100,100047,200,99927,100
2019-06-28 09:33:50.044130630,99985,177,99984,228,99987,228,99967,228,99988,100,99958,100,100016,700,99948,100,100017,200,99945,200,100018,100,99940,100,100030,100,99939,100,100035,100,99933,100,100041,100,99929,100,100047,200,99927,100
2019-06-28 09:33:55.576706823,99985,177,99984,128,99987,228,99967,228,99988,100,99958,100,100016,700,99948,100,100017,200,99945,200,100018,100,99940,100,100030,100,99939,100,100035,100,99933,100,100041,100,99929,100,100047,200,99927,100
2019-06-28 09:34:00.000000000,99985,100,99967,151,99987,151,99958,151,99988,151,99948,151,100016,751,99945,251,100017,251,99940,151,100018,100,99939,100,100030,100,99933,100,100035,100,99929,100,100041,100,99927,100,100047,200,99896,100
2019-06-28 09:34:05.799878719,99985,100,99967,151,99987,151,99958,151,99988,151,99948,151,100016,751,99945,251,100017,251,99940,151,100030,100,99939,100,100035,100,99933,100,100041,100,99929,100,100047,200,99927,100,100049,100,99896,100
2019-06-28 09:34:10.000000000,99985,177,99967,228,99987,228,99958,228,99988,100,99948,100,100016,700,99945,200,100017,200,99940,100,100030,100,99939,100,100035,100,99933,100,100041,100,99929,100,100047,200,99927,100,100049,100,99896,100
2019-06-28 09:34:20.000000000,99985,177,99967,228,99987,228,99958,228,99988,100,99948,100,100016,700,99945,200,100017,200,99940,100,100030,100,99939,100,100035,100,99933,100,100041,100,99929,100,100047,200,99927,100,100049,100,99896,100
2019-06-28 09:34:27.532371378,99985,177,99967,228,99987,228,99958,228,99988,100,99948,100,100016,600,99945,200,100017,200,99940,100,100030,100,99939,100,100035,100,99933,100,100041,100,99929,100,100047,200,99927,100,100049,100,99896,100
2019-06-28 09:34:30.000000000,99985,100,99967,151,99987,151,99958,151,99988,151,99948,151,100016,651,99945,251,100017,251,99940,151,100030,100,99939,100,100035,100,99933,100,100041,100,99929,100,100047,200,99927,100,100049,100,99896,100
2019-06-28 09:34:38.515095781,99984,100,99967,151,99985,100,99958,151,99987,151,99948,151,99988,151,99945,251,100016,651,99940,151,100017,251,99939,100,100030,100,99933,100,100035,100,99929,100,100041,100,99927,100,100047,200,99896,100
2019-06-28 09:34:40.000000000,99984,164,99967,164,99985,113,99958,164,99987,164,99948,164,99988,164,99945,264,100016,600,99940,100,100017,200,99939,100,100030,100,99933,100,100035,100,99929,100,100041,100,99927,100,100047,200,99896,100
2019-06-28 09:34:50.000000000,99984,164,99967,164,99985,113,99958,164,99987,164,99948,164,99988,164,99945,264,100016,600,99940,100,100017,200,99939,100,100030,100,99933,100,100035,100,99929,100,100041,100,99927,100,100047,200,99896,100
2019-06-28 09:35:00.000000000,99984,164,99967,164,99985,113,99958,164,99987,164,99948,164,99988,164,99945,264,100016,600,99940,100,100017,200,99939,100,100030,100,99933,100,100035,100,99929,100,100041,100,99927,100,100047,200,99896,100
2019-06-28 09:35:05.907148217,99984,164,99967,164,99985,113,99958,164,99987,164,99948,164,99988,164,99945,264,100016,500,99940,100,100017,200,99939,100,100030,100,99933,100,100035,100,99929,100,100041,100,99927,100,100047,200,99896,100
2019-06-28 09:35:10.000000000,99984,164,99967,164,99985,113,99958,164,99987,164,99948,164,99988,164,99945,264,100016,500,99940,100,100017,200,99939,100,100030,100,99933,100,100035,100,99929,100,100041,100,99927,100,100047,200,99896,100
2019-06-28 09:35:10.154087684,99984,164,99967,64,99985,113,99958,164,99987,164,99948,164,99988,164,99945,264,100016,500,99940,100,100017,200,99939,100,100035,100,99933,100,100041,100,99929,100,100047,200,99927,100,100049,100,99896,100
2019-06-28 09:35:20.000000000,99984,356,99958,356,99985,49,99948,100,99987,100,99945,200,99988,100,99940,100,100016,500,99939,100,100017,200,99933,100,100035,100,99929,100,100041,100,99927,100,100047,200,99896,100,100049,100,99885,100
2019-06-28 09:35:30.000000000,99984,356,99958,356,99985,49,99948,100,99987,100,99945,200,99988,100,99940,100,100016,500,99939,100,100017,200,99933,100,100035,100,99929,100,100041,100,99927,100,100047,200,99896,100,100049,100,99885,100
2019-06-28 09:35:40.000000000,99984,356,99958,356,99985,49,99948,100,99987,100,99945,200,99988,100,99940,100,100016,500,99939,100,100017,200,99933,100,100035,100,99929,100,100041,100,99927,100,100047,200,99896,100,100049,100,99885,100
2019-06-28 09:35:50.000000000,99984,151,99958,151,99985,100,99948,151,99987,151,99945,251,99988,151,99940,151,100016,551,99939,151,100017,200,99933,100,100035,100,99929,100,100041,100,99927,100,100047,200,99896,100,100049,100,99885,100
2019-06-28 09:35:50.393475251,99984,151,99958,51,99985,100,99948,151,99987,151,99945,251,99988,151,99940,151,100016,551,99939,151,100017,200,99933,100,100035,100,99927,100,100041,100,99896,100,100047,200,99885,100,100049,100,99847,100
2019-06-28 09:35:56.608866603,99958,49,99948,151,99984,151,99945,251,99985,100,99940,151,99987,151,99939,151,99988,51,99933,100,100016,551,99927,100,100017,200,99896,100,100035,100,99885,100,100041,100,99847,100,100047,200,99845,100
2019-06-28 09:36:00.000000000,99958,177,99948,228,99984,228,99945,328,99985,49,99940,100,99987,100,99939,100,100016,500,99933,100,100017,200,99927,100,100035,100,99896,100,100041,100,99885,100,100047,200,99847,100,100049,100,99845,100
2019-06-28 09:36:02.471456498,99958,177,99948,228,99984,228,99945,328,99985,49,99940,100,99987,100,99939,100,100016,500,99933,100,100017,200,99927,100,100035,100,99896,100,100041,100,99885,100,100047,200,99847,100,100049,100,99845,100
2019-06-28 09:36:10.000000000,99958,177,99948,228,99984,228,99945,328,99985,49,99940,100,99987,100,99939,100,100016,500,99933,100,100017,200,99927,100,100035,100,99896,100,100041,100,99885,100,100047,200,99847,100,100049,100,99845,100
2019-06-28 09:36:20.000000000,99958,177,99948,228,99984,228,99945,328,99985,49,99940,100,99987,100,99939,100,100016,500,99933,100,100017,200,99927,100,100035,100,99896,100,100041,100,99885,100,100047,200,99847,100,100049,100,99845,100
2019-06-28 09:36:30.000000000,99958,305,99948,356,99984,100,99945,200,99985,49,99940,100,99987,100,99939,100,100016,500,99933,100,100017,200,99927,100,100035,100,99896,100,100041,100,99885,100,100047,200,99847,100,100049,100,99845,100
2019-06-28 09:36:40.000000000,99958,113,99948,164,99984,164,99945,264,99985,113,99940,164,99987,164,99939,164,100016,500,99933,100,100017,200,99927,100,100035,100,99896,100,100041,100,99885,100,100047,200,99847,100,100049,100,99845,100
2019-06-28 09:36:41.303142349,99958,113,99948,164,99984,164,99945,264,99985,113,99940,164,99987,164,99939,164,100016,500,99933,100,100017,200,99927,100,100035,100,99896,100,100041,100,99885,100,100047,200,99847,100,100049,100,99845,100
2019-06-28 09:36:50.000000000,99958,100,99948,151,99984,151,99945,251,99985,100,99940,151,99987,151,99939,151,100016,551,99933,151,100017,200,99927,100,100035,100,99896,100,100041,100,99885,100,100047,200,99847,100,100049,100,99845,100
2019-06-28 09:37:00.000000000,99958,136,99948,187,99984,184,99945,284,99985,133,99940,184,99987,100,99939,100,100016,500,99933,100,100017,200,99927,100,100035,100,99896,100,100041,100,99885,100,100047,200,99847,100,100049,100,99845,100
2019-06-28 09:37:01.600986274,99958,136,99948,187,99984,184,99945,284,99985,133,99940,184,99987,100,99939,100,100016,500,99933,100,100017,200,99927,100,100035,100,99896,100,100041,100,99885,100,100047,200,99847,100,100049,100,99845,100
2019-06-28 09:37:10.000000000,99958,305,99948,356,99984,100,99945,200,99985,49,99940,100,99987,100,99939,100,100016,500,99933,100,100017,200,99927,100,100035,100,99896,100,100041,100,99885,100,100047,200,99847,100,100049,100,99845,100
2019-06-28 09:37:12.512761692,99958,205,99948,356,99984,100,99945,100,99985,49,99940,100,99987,100,99939,100,100016,500,99933,100,100017,200,99927,100,100035,100,99896,100,100041,100,99885,100,100047,200,99847,100,100049,100,99845,100
2019-06-28 09:37:20.000000000,99984,228,99948,228,99985,177,99945,228,99987,100,99940,100,100016,500,99939,100,100017,200,99933,100,100035,100,99927,100,100041,100,99896,100,100047,200,99885,100,100049,100,99847,100,100056,100,99845,100
2019-06-28 09:37:30.000000000,99984,164,99948,164,99985,113,99945,164,99987,164,99940,164,100016,564,99939,164,100017,200,99933,100,100035,100,99927,100,100041,100,99896,100,100047,200,99885,100,100049,100,99847,100,100056,100,99845,100
2019-06-28 09:37:40.000000000,99984,151,99948,151,99985,100,99945,151,99987,151,99940,151,100016,551,99939,151,100017,251,99933,151,100035,100,99927,100,100041,100,99896,100,100047,200,99885,100,100049,100,99847,100,100056,100,99845,100
2019-06-28 09:37:50.000000000,99984,151,99948,151,99985,100,99945,151,99987,151,99940,151,100016,551,99939,151,100017,251,99933,151,100035,100,99927,100,100041,100,99896,100,100047,200,99885,100,100049,100,99847,100,100056,100,99845,100
2019-06-28 09:37:50.899791139,99984,151,99948,151,99985,100,99945,151,99987,151,99940,151,100016,551,99939,151,100017,251,99933,151,100035,100,99927,100,100041,100,99896,100,100047,200,99885,100,100049,100,99847,100,100056,100,99845,100
2019-06-28 09:37:56.010733459,99957,100,99948,151,99984,151,99945,151,99985,100,99940,151,99987,151,99939,151,100016,551,99933,151,100017,151,99927,100,100035,100,99896,100,100041,100,99885,100,100047,200,99847,100,100049,100,99845,100
2019-06-28 09:38:00.000000000,99957,151,99948,151,99984,151,99945,151,99985,100,99940,151,99987,151,99939,151,100016,551,99933,151,100017,100,99927,100,100035,100,99896,100,100041,100,99885,100,100047,200,99847,100,100049,100,99845,100
2019-06-28 09:38:04.882678502,99957,151,99948,151,99984,151,99945,151,99985,100,99940,151,99987,151,99939,151,100016,551,99933,151,100017,100,99927,100,100035,100,99896,100,100041,100,99885,100,100042,100,99847,100,100047,200,99845,100
2019-06-28 09:38:10.000000000,99957,164,99948,164,99984,164,99945,164,99985,113,99940,164,99987,164,99939,164,100016,500,99933,100,100017,100,99927,100,100035,100,99896,100,100041,100,99885,100,100042,100,99847,100,100047,200,99845,100
2019-06-28 09:38:17.982483094,99957,264,99948,164,99984,164,99945,164,99985,113,99940,164,99987,164,99939,164,100016,400,99933,100,100017,100,99927,100,100035,100,99896,100,100041,100,99885,100,100042,100,99847,100,100047,200,99845,100
2019-06-28 09:38:20.000000000,99957,264,99948,164,99984,164,99945,164,99985,113,99940,164,99987,164,99939,164,100016,400,99933,100,100017,100,99927,100,100035,100,99896,100,100041,100,99885,100,100042,100,99847,100,100047,200,99845,100
2019-06-28 09:38:27.516582337,99957,264,99948,164,99984,164,99945,164,99985,113,99940,164,99987,164,99939,164,100016,300,99933,100,100017,100,99927,100,100035,100,99896,100,100041,100,99885,100,100042,100,99847,100,100047,200,99845,100
2019-06-28 09:38:29.284708960,99957,264,99948,64,99984,164,99945,164,99985,113,99940,164,99987,164,99939,164,100016,300,99933,100,100017,100,99927,100,100035,100,99896,100,100041,100,99885,100,100042,100,99847,100,100047,200,99845,100
2019-06-28 09:38:29.911154968,99957,264,99948,64,99984,164,99945,164,99985,113,99940,164,99987,164,99939,164,100016,300,99933,100,100017,100,99927,100,100035,100,99896,100,100041,100,99885,100,100042,100,99847,100,100047,200,99845,100
2019-06-28 09:38:30.000000000,99957,456,99945,356,99984,100,99940,100,99985,49,99939,100,99987,100,99933,100,100016,300,99927,100,100017,100,99896,100,100035,100,99885,100,100041,100,99847,100,100042,100,99845,100,100047,200,99830,100
2019-06-28 09:38:37.622945858,99956,100,99945,356,99957,456,99940,100,99984,100,99939,100,99985,49,99933,100,99987,100,99927,100,100016,300,99896,100,100017,100,99885,100,100035,100,99847,100,100041,100,99845,100,100042,100,99830,100
2019-06-28 09:38:40.000000000,99956,151,99945,151,99957,251,99940,151,99984,151,99939,151,99985,100,99933,151,99987,151,99927,151,100016,300,99896,100,100017,100,99885,100,100035,100,99847,100,100041,100,99845,100,100042,100,99830,100
2019-06-28 09:38:44.327400874,99956,151,99945,151,99957,251,99940,151,99984,51,99939,151,99985,100,99933,151,99987,151,99927,151,100016,300,99896,100,100017,100,99885,100,100035,100,99847,100,100041,100,99845,100,100042,100,99830,100
2019-06-28 09:38:46.608729682,99956,151,99945,151,99957,251,99940,151,99984,51,99939,151,99985,100,99933,151,99987,151,99927,51,100016,300,99896,100,100017,100,99885,100,100035,100,99854,100,100041,100,99847,100,100042,100,99845,100
2019-06-28 09:38:50.000000000,99956,228,99945,228,99957,328,99940,228,99985,49,99939,100,99987,100,99933,100,100016,300,99896,100,100017,100,99885,100,100035,100,99854,100,100041,100,99847,100,100042,100,99845,100,100047,200,99830,100
2019-06-28 09:38:59.466327960,99956,228,99945,228,99957,328,99940,228,99985,49,99939,100,99987,100,99933,100,100016,300,99896,100,100017,100,99885,100,100035,100,99866,100,100041,100,99854,100,100042,100,99847,100,100047,200,99845,100
2019-06-28 09:39:00.000000000,99956,228,99945,228,99957,328,99940,228,99985,49,99939,100,99987,100,99933,100,100016,300,99896,100,100017,100,99885,100,100035,100,99866,100,100041,100,99854,100,100042,100,99847,100,100047,200,99845,100
2019-06-28 09:39:06.519678827,99956,228,99945,228,99957,328,99940,228,99985,49,99939,100,99987,100,99933,100,100016,300,99896,100,100017,100,99885,100,100035,100,99866,100,100041,100,99854,100,100042,100,99847,100,100047,200,99845,100
2019-06-28 09:39:08.757112850,99956,228,99945,228,99957,328,99940,228,99985,49,99939,100,99987,100,99933,100,100016,300,99927,100,100017,100,99896,100,100035,100,99885,100,100041,100,99866,100,100042,100,99854,100,100047,200,99847,100
2019-06-28 09:39:10.000000000,99956,187,99945,187,99957,284,99940,184,99985,133,99939,184,99987,100,99933,100,100016,300,99927,100,100017,100,99896,100,100035,100,99885,100,100041,100,99866,100,100042,100,99854,100,100047,200,99847,100
2019-06-28 09:39:20.000000000,99956,164,99945,164,99957,264,99940,164,99985,113,99939,164,99987,164,99933,164,100016,300,99927,100,100017,100,99896,100,100035,100,99885,100,100041,100,99866,100,100042,100,99854,100,100047,200,99847,100
2019-06-28 09:39:24.185504134,99956,164,99945,164,99957,264,99940,164,99985,113,99939,164,99987,164,99933,164,100016,300,99927,100,100017,100,99896,100,100035,100,99885,100,100041,100,99866,100,100042,100,99854,100,100047,200,99847,100
2019-06-28 09:39:30.000000000,99956,187,99945,187,99957,284,99940,184,99985,133,99939,184,99987,100,99933,100,100016,300,99927,100,100017,100,99896,100,100035,100,99885,100,100041,100,99866,100,100042,100,99854,100,100047,200,99847,100
2019-06-28 09:39:40.000000000,99956,151,99945,151,99957,251,99940,151,99985,100,99939,151,99987,151,99933,151,100016,351,99927,151,100017,100,99896,100,100035,100,99885,100,100041,100,99866,100,100042,100,99854,100,100047,200,99847,100
2019-06-28 09:39:50.000000000,99956,187,99945,187,99957,284,99940,184,99985,133,99939,184,99987,100,99933,100,100016,300,99927,100,100017,100,99896,100,100035,100,99885,100,100041,100,99866,100,100042,100,99854,100,100047,200,99847,100
2019-06-28 09:40:00.000000000,99956,228,99945,228,99957,328,99940,228,99985,49,99939,100,99987,100,99933,100,100016,300,99927,100,100017,100,99896,100,100035,100,99885,100,100041,100,99866,100,100042,100,99854,100,100047,200,99847,100
2019-06-28 09:40:10.000000000,99956,187,99945,187,99957,284,99940,184,99985,133,99939,184,99987,100,99933,100,100016,300,99927,100,100017,100,99896,100,100035,100,99885,100,100041,100,99866,100,100042,100,99854,100,100047,200,99847,100
2019-06-28 09:40:20.000000000,99956,228,99945,228,99957,328,99940,228,99985,49,99939,100,99987,100,99933,100,100016,300,99927,100,100017,100,99896,100,100035,100,99885,100,100041,100,99866,100,100042,100,99854,100,100047,200,99847,100
2019-06-28 09:40:30.000000000,99956,151,99945,151,99957,251,99940,151,99985,100,99939,151,99987,151,99933,151,100016,351,99927,151,100017,100,99896,100,100035,100,99885,100,100041,100,99866,100,100042,100,99854,100,100047,200,99847,100
2019-06-28 09:40:40.000000000,99956,356,99945,356,99957,200,99940,100,99985,49,99939,100,99987,100,99933,100,100016,300,99927,100,100017,100,99896,100,100035,100,99885,100,100041,100,99866,100,100042,100,99854,100,100047,200,99847,100
2019-06-28 09:40:47.905016337,99956,356,99945,356,99957,200,99940,100,99985,49,99939,100,99987,100,99933,100,100016,300,99927,100,100017,100,99896,100,100035,100,99885,100,100041,100,99866,100,100042,100,99854,100,100047,200,99847,100
2019-06-28 09:40:50.000000000,99956,151,99945,151,99957,251,99940,151,99985,100,99939,151,99987,151,99933,151,100016,351,99927,151,100017,100,99896,100,100035,100,99885,100,100041,100,99866,100,100042,100,99854,100,100047,200,99847,100
2019-06-28 09:41:00.000000000,99956,151,99945,151,99957,251,99940,151,99985,100,99939,151,99987,151,99933,151,100016,351,99927,151,100017,100,99896,100,100035,100,99885,100,100041,100,99866,100,100042,100,99854,100,100047,200,99847,100
2019-06-28 09:41:01.262131564,99956,51,99945,151,99957,251,99940,151,99985,100,99939,151,99987,151,99933,151,100016,351,99927,151,100017,100,99896,100,100035,100,99885,100,100041,100,99854,100,100042,100,99847,100,100047,200,99845,100
2019-06-28 09:41:10.000000000,99957,287,99945,187,99985,133,99940,184,99987,184,99939,184,100016,300,99933,100,100017,100,99927,100,100035,100,99896,100,100041,100,99885,100,100042,100,99854,100,100047,200,99847,100,100051,100,99845,100
2019-06-28 09:41:19.764168131,99957,287,99945,187,99985,133,99940,184,99987,184,99939,184,100016,300,99933,100,100017,100,99927,100,100035,100,99896,100,100041,100,99885,100,100042,100,99854,100,100047,200,99847,100,100051,100,99845,100
2019-06-28 09:41:20.000000000,99957,456,99945,356,99985,49,99940,100,99987,100,99939,100,100016,300,99933,100,100017,100,99927,100,100035,100,99896,100,100041,100,99885,100,100042,100,99854,100,100047,200,99847,100,100051,100,99845,100
2019-06-28 09:41:30.000000000,99957,251,99945,151,99985,100,99940,151,99987,151,99939,151,100016,351,99933,151,100017,151,99927,151,100035,100,99896,100,100041,100,99885,100,100042,100,99854,100,100047,200,99847,100,100051,100,99845,100
2019-06-28 09:41:35.734490003,99957,251,99945,151,99985,100,99940,151,99987,151,99939,151,100016,351,99933,151,100017,151,99927,151,100035,100,99896,100,100041,100,99885,100,100042,100,99854,100,100047,100,99847,100,100051,100,99845,100
2019-06-28 09:41:38.309519546,99957,251,99945,151,99985,100,99940,151,99987,151,99939,151,100016,251,99933,151,100017,151,99927,151,100035,100,99896,100,100041,100,99885,100,100042,100,99854,100,100047,100,99847,100,100051,100,99845,100
2019-06-28 09:41:40.000000000,99957,287,99945,187,99985,133,99940,184,99987,184,99939,184,100016,200,99933,100,100017,100,99927,100,100035,100,99896,100,100041,100,99885,100,100042,100,99854,100,100047,100,99847,100,100051,100,99845,100
2019-06-28 09:41:48.062216727,99957,287,99945,187,99985,133,99940,184,99987,84,99939,184,100016,200,99933,100,100017,100,99927,100,100035,100,99896,100,100041,100,99885,100,100042,100,99854,100,100047,100,99847,100,100051,100,99845,100
2019-06-28 09:41:50.000000000,99957,328,99945,228,99985,177,99940,228,100016,200,99939,100,100017,100,99933,100,100035,100,99927,100,100041,100,99896,100,100042,100,99885,100,100047,100,99854,100,100051,100,99847,100,100056,100,99845,100
2019-06-28 09:41:59.017891181,99957,228,99945,228,99985,177,99940,228,100016,200,99939,100,100017,100,99933,100,100035,100,99927,100,100041,100,99896,100,100042,100,99885,100,100047,100,99854,100,100051,100,99847,100,100056,100,99845,100
2019-06-28 09:42:00.000000000,99957,228,99945,228,99985,177,99940,228,100016,200,99939,100,100017,100,99933,100,100035,100,99927,100,100041,100,99896,100,100042,100,99885,100,100047,100,99854,100,100051,100,99847,100,100056,100,99845,100
2019-06-28 09:42:04.116653896,99957,128,99945,228,99985,177,99940,228,100016,200,99939,100,100017,100,99933,100,100035,100,99927,100,100041,100,99896,100,100042,100,99885,100,100047,100,99854,100,100051,100,99847,100,100056,100,99845,100
2019-06-28 09:42:10.000000000,99985,100,99945,151,100016,251,99940,151,100017,151,99939,151,100035,151,99933,151,100041,151,99927,151,100042,100,99896,100,100047,100,99885,100,100051,100,99854,100,100056,100,99847,100,100080,100,99845,100
2019-06-28 09:42:20.000000000,99985,177,99945,228,100016,328,99940,228,100017,100,99939,100,100035,100,99933,100,100041,100,99927,100,100042,100,99896,100,100047,100,99885,100,100051,100,99854,100,100056,100,99847,100,100080,100,99845,100
2019-06-28 09:42:30.000000000,99985,136,99945,187,100016,284,99940,184,100017,184,99939,184,100035,100,99933,100,100041,100,99927,100,100042,100,99896,100,100047,100,99885,100,100051,100,99854,100,100056,100,99847,100,100080,100,99845,100
2019-06-28 09:42:40.000000000,99985,100,99945,151,100016,251,99940,151,100017,151,99939,151,100035,151,99933,151,100041,151,99927,151,100042,100,99896,100,100047,100,99885,100,100051,100,99854,100,100056,100,99847,100,100080,100,99845,100
2019-06-28 09:42:50.000000000,99985,136,99945,187,100016,284,99940,184,100017,184,99939,184,100035,100,99933,100,100041,100,99927,100,100042,100,99896,100,100047,100,99885,100,100051,100,99854,100,100056,100,99847,100,100080,100,99845,100
2019-06-28 09:43:00.000000000,99985,136,99945,187,100016,284,99940,184,100017,184,99939,184,100035,100,99933,100,100041,100,99927,100,100042,100,99896,100,100047,100,99885,100,100051,100,99854,100,100056,100,99847,100,100080,100,99845,100
2019-06-28 09:43:10.000000000,99985,100,99945,151,100016,251,99940,151,100017,151,99939,151,100035,151,99933,151,100041,151,99927,151,100042,100,99896,100,100047,100,99885,100,100051,100,99854,100,100056,100,99847,100,100080,100,99845,100
2019-06-28 09:43:12.655057914,99985,100,99957,100,100016,251,99945,151,100017,151,99940,151,100035,151,99939,151,100041,151,99933,151,100042,100,99927,151,100047,100,99896,100,100051,100,99885,100,100056,100,99854,100,100080,100,99847,100
2019-06-28 09:43:20.000000000,99985,136,99957,187,100016,284,99945,184,100017,184,99940,184,100035,100,99939,100,100041,100,99933,100,100042,100,99927,100,100047,100,99896,100,100051,100,99885,100,100056,100,99854,100,100080,100,99847,100
2019-06-28 09:43:30.000000000,99985,100,99957,151,100016,251,99945,151,100017,151,99940,151,100035,151,99939,151,100041,151,99933,151,100042,100,99927,100,100047,100,99896,100,100051,100,99885,100,100056,100,99854,100,100080,100,99847,100
2019-06-28 09:43:40.000000000,99985,136,99957,187,100016,284,99945,184,100017,184,99940,184,100035,100,99939,100,100041,100,99933,100,100042,100,99927,100,100047,100,99896,100,100051,100,99885,100,100056,100,99854,100,100080,100,99847,100
2019-06-28 09:43:50.000000000,99985,113,99957,164,100016,264,99945,164,100017,164,99940,164,100035,164,99939,164,100041,100,99933,100,100042,100,99927,100,100047,100,99896,100,100051,100,99885,100,100056,100,99854,100,100080,100,99847,100
2019-06-28 09:44:00.000000000,99985,305,99957,356,100016,200,99945,100,100017,100,99940,100,100035,100,99939,100,100041,100,99933,100,100042,100,99927,100,100047,100,99896,100,100051,100,99885,100,100056,100,99854,100,100080,100,99847,100
2019-06-28 09:44:10.000000000,99985,305,99957,356,100016,200,99945,100,100017,100,99940,100,100035,100,99939,100,100041,100,99933,100,100042,100,99927,100,100047,100,99896,100,100051,100,99885,100,100056,100,99854,100,100080,100,99847,100
2019-06-28 09:44:16.247054849,99985,305,99957,356,100016,200,99945,100,100017,100,99940,100,100035,100,99939,100,100041,100,99933,100,100042,100,99927,100,100047,100,99896,100,100051,100,99885,100,100056,100,99854,100,100080,100,99847,100
2019-06-28 09:44:20.000000000,99985,113,99957,164,100016,264,99945,164,100017,164,99940,164,100035,164,99939,164,100041,100,99933,100,100042,100,99927,100,100047,100,99896,100,100051,100,99885,100,100056,100,99854,100,100080,100,99847,100
2019-06-28 09:44:21.930323957,99985,113,99957,264,100016,164,99945,164,100017,164,99940,164,100035,164,99939,164,100041,100,99933,100,100042,100,99927,100,100047,100,99896,100,100051,100,99885,100,100056,100,99854,100,100080,100,99847,100
2019-06-28 09:44:26.887447241,99985,13,99957,264,100016,164,99945,164,100017,164,99940,64,100035,164,99939,164,100041,100,99933,100,100042,100,99927,100,100047,100,99896,100,100051,100,99885,100,100056,100,99854,100,100080,100,99847,100
2019-06-28 09:44:30.000000000,100016,356,99957,456,100017,100,99945,100,100035,100,99939,100,100041,100,99933,100,100042,100,99927,100,100047,100,99896,100,100051,100,99885,100,100056,100,99854,100,100080,100,99847,100,100087,100,99845,100
2019-06-28 09:44:37.281320487,100016,256,99957,456,100017,100,99945,100,100035,100,99939,100,100041,100,99933,100,100042,100,99927,100,100047,100,99896,100,100051,100,99885,100,100056,100,99854,100,100080,100,99847,100,100148,100,99845,100
2019-06-28 09:44:40.000000000,100017,356,99957,456,100035,100,99945,100,100041,100,99939,100,100042,100,99933,100,100047,100,99927,100,100051,100,99896,100,100056,100,99885,100,100080,100,99854,100,100148,100,99847,100,100160,100,99845,100
2019-06-28 09:44:50.000000000,100017,228,99957,328,100035,228,99945,228,100041,100,99939,100,100042,100,99933,100,100047,100,99927,100,100051,100,99896,100,100056,100,99885,100,100080,100,99854,100,100148,100,99847,100,100160,100,99845,100
2019-06-28 09:44:52.459747765,100017,228,99957,328,100035,228,99945,228,100041,100,99939,100,100042,100,99933,100,100047,100,99927,100,100051,100,99896,100,100056,100,99885,100,100080,100,99854,100,100148,100,99847,100,100160,100,99830,100
2019-06-28 09:45:00.000000000,100017,228,99957,328,100035,228,99945,228,100041,100,99939,100,100042,100,99933,100,100047,100,99927,100,100051,100,99896,100,100056,100,99885,100,100080,100,99854,100,100148,100,99847,100,100160,100,99830,100
2019-06-28 09:45:07.295277761,100017,228,99957,328,100035,228,99945,228,100041,100,99939,100,100042,100,99933,100,100047,100,99927,100,100051,100,99896,100,100056,100,99885,100,100080,100,99854,100,100148,100,99847,100,100160,100,99830,100
2019-06-28 09:45:10.000000000,100017,151,99957,251,100035,151,99945,151,100041,151,99939,151,100042,151,99933,151,100047,151,99927,151,100051,100,99896,100,100056,100,99885,100,100080,100,99854,100,100148,100,99847,100,100160,100,99830,100
2019-06-28 09:45:20.000000000,100017,151,99957,251,100035,151,99945,151,100041,151,99939,151,100042,151,99933,151,100047,151,99927,151,100051,100,99896,100,100056,100,99885,100,100080,100,99854,100,100148,100,99847,100,100160,100,99830,100
2019-06-28 09:45:21.329696597,100017,151,99957,251,100035,151,99945,151,100041,151,99939,151,100042,151,99933,151,100047,151,99927,151,100051,100,99896,100,100056,100,99885,100,100080,100,99854,100,100148,100,99847,100,100160,100,99830,100
2019-06-28 09:45:30.000000000,100017,228,99957,328,100035,228,99945,228,100041,100,99939,100,100042,100,99933,100,100047,100,99927,100,100051,100,99896,100,100056,100,99885,100,100080,100,99854,100,100148,100,99847,100,100160,100,99830,100
2019-06-28 09:45:40.000000000,100017,228,99957,328,100035,228,99945,228,100041,100,99939,100,100042,100,99933,100,100047,100,99927,100,100051,100,99896,100,100056,100,99885,100,100080,100,99854,100,100148,100,99847,100,100160,100,99830,100
2019-06-28 09:45:46.605074067,100017,128,99957,328,100035,228,99945,228,100041,100,99939,100,100042,100,99933,100,100047,100,99927,100,100051,100,99896,100,100056,100,99885,100,100080,100,99854,100,100148,100,99847,100,100160,100,99830,100
2019-06-28 09:45:50.000000000,100035,187,99957,287,100041,184,99945,184,100042,184,99939,184,100047,100,99933,100,100051,100,99927,100,100056,100,99896,100,100080,100,99885,100,100148,100,99854,100,100160,100,99847,100,100192,100,99830,100
2019-06-28 09:45:58.114825024,100035,187,99957,287,100041,184,99945,184,100042,184,99939,184,100047,100,99933,100,100051,100,99927,100,100080,100,99896,100,100148,100,99885,100,100160,100,99854,100,100192,100,99847,100,100348,100,99830,100
2019-06-28 09:46:00.000000000,100035,187,99957,287,100041,184,99945,184,100042,184,99939,184,100047,100,99933,100,100051,100,99927,100,100080,100,99896,100,100148,100,99885,100,100160,100,99854,100,100192,100,99847,100,100348,100,99830,100
2019-06-28 09:46:05.951294940,100035,87,99957,287,100041,184,99945,184,100042,184,99939,184,100047,100,99933,100,100051,100,99927,100,100080,100,99896,100,100148,100,99885,100,100160,100,99854,100,100192,100,99847,100,100348,100,99830,100
2019-06-28 09:46:10.000000000,100041,164,99957,264,100042,164,99945,164,100047,164,99939,164,100051,164,99933,164,100080,100,99927,100,100148,100,99896,100,100160,100,99885,100,100192,100,99854,100,100348,100,99847,100,100467,100,99830,100
2019-06-28 09:46:20.000000000,100041,228,99957,328,100042,228,99945,228,100047,100,99939,100,100051,100,99933,100,100080,100,99927,100,100148,100,99896,100,100160,100,99885,100,100192,100,99854,100,100348,100,99847,100,100467,100,99830,100
2019-06-28 09:46:30.000000000,100041,151,99957,251,100042,151,99945,151,100047,151,99939,151,100051,151,99933,151,100080,151,99927,151,100148,100,99896,100,100160,100,99885,100,100192,100,99854,100,100348,100,99847,100,100467,100,99830,100
2019-06-28 09:46:33.883974240,100041,151,99957,251,100042,151,99945,151,100047,151,99939,151,100051,151,99933,151,100080,151,99927,51,100148,100,99896,100,100160,100,99885,100,100192,100,99854,100,100348,100,99847,100,100467,100,99830,100
2019-06-28 09:46:40.000000000,100041,151,99957,251,100042,151,99945,151,100047,151,99939,151,100051,151,99933,151,100080,151,99896,151,100148,100,99885,100,100160,100,99854,100,100192,100,99847,100,100348,100,99830,100,100467,100,99828,100
2019-06-28 09:46:42.978786553,100041,151,99957,251,100042,151,99945,151,100047,151,99939,151,100051,151,99933,151,100080,151,99896,151,100148,100,99885,100,100160,100,99854,100,100192,100,99847,100,100220,100,99830,100,100348,100,99821,100
2019-06-28 09:46:50.000000000,100041,151,99957,251,100042,151,99945,151,100047,151,99939,151,100051,151,99933,151,100080,151,99896,151,100148,100,99885,100,100160,100,99854,100,100192,100,99847,100,100220,100,99830,100,100348,100,99821,100
2019-06-28 09:46:57.559222157,100041,151,100017,100,100042,151,99957,151,100047,151,99945,151,100051,151,99939,151,100080,151,99933,151,100148,100,99896,151,100160,100,99885,100,100192,100,99854,100,100220,100,99847,100,100348,100,99830,100
2019-06-28 09:47:00.000000000,100041,187,100017,187,100042,184,99957,184,100047,184,99945,184,100051,100,99939,100,100080,100,99933,100,100148,100,99896,100,100160,100,99885,100,100192,100,99854,100,100220,100,99847,100,100348,100,99830,100
2019-06-28 09:47:06.200115732,100041,187,100017,87,100042,184,99957,184,100047,184,99945,184,100051,100,99939,100,100080,100,99933,100,100148,100,99896,100,100160,100,99885,100,100192,100,99854,100,100220,100,99847,100,100348,100,99830,100
2019-06-28 09:47:08.715704678,100041,187,100018,100,100042,184,100017,87,100047,184,99957,184,100051,100,99945,184,100080,100,99939,100,100148,100,99933,100,100160,100,99896,100,100192,100,99885,100,100220,100,99854,100,100348,100,99847,100
2019-06-28 09:47:10.000000000,100041,187,100018,187,100042,184,99957,184,100047,184,99945,184,100051,100,99939,100,100080,100,99933,100,100148,100,99896,100,100160,100,99885,100,100192,100,99854,100,100220,100,99847,100,100348,100,99830,100
2019-06-28 09:47:10.717211229,100041,87,100018,187,100042,184,99957,184,100047,184,99945,184,100051,100,99939,100,100080,100,99933,100,100148,100,99896,100,100160,100,99885,100,100192,100,99854,100,100220,100,99847,100,100348,100,99830,100
2019-06-28 09:47:20.000000000,100042,187,100018,187,100047,184,99957,184,100051,184,99945,184,100080,100,99939,100,100148,100,99933,100,100160,100,99896,100,100192,100,99885,100,100220,100,99854,100,100348,100,99847,100,100467,100,99830,100
2019-06-28 09:47:27.993105031,100042,187,100018,187,100047,184,99957,184,100051,184,99945,184,100080,100,99939,100,100148,100,99933,100,100160,100,99896,100,100192,100,99885,100,100220,100,99854,100,100299,100,99847,100,100348,100,99830,100
2019-06-28 09:47:30.000000000,100042,356,100018,356,100047,100,99957,100,100051,100,99945,100,100080,100,99939,100,100148,100,99933,100,100160,100,99896,100,100192,100,99885,100,100220,100,99854,100,100299,100,99847,100,100348,100,99830,100
2019-06-28 09:47:40.000000000,100042,187,100018,187,100047,184,99957,184,100051,184,99945,184,100080,100,99939,100,100148,100,99933,100,100160,100,99896,100,100192,100,99885,100,100220,100,99854,100,100299,100,99847,100,100348,100,99830,100
2019-06-28 09:47:50.000000000,100042,164,100018,164,100047,164,99957,164,100051,164,99945,164,100080,164,99939,164,100148,100,99933,100,100160,100,99896,100,100192,100,99885,100,100220,100,99854,100,100299,100,99847,100,100348,100,99830,100
2019-06-28 09:48:00.000000000,100042,164,100018,164,100047,164,99957,164,100051,164,99945,164,100080,164,99939,164,100148,100,99933,100,100160,100,99896,100,100192,100,99885,100,100220,100,99854,100,100299,100,99847,100,100348,100,99830,100
2019-06-28 09:48:03.886805172,100042,64,100018,164,100047,164,99957,164,100051,164,99945,164,100080,164,99939,164,100148,100,99933,100,100160,100,99896,100,100192,100,99885,100,100220,100,99854,100,100299,100,99847,100,100348,100,99830,100
2019-06-28 09:48:05.386834363,100042,64,100018,164,100047,164,99957,164,100051,164,99945,164,100080,164,99939,164,100148,100,99933,100,100160,100,99896,100,100184,100,99885,100,100192,100,99854,100,100299,100,99847,100,100348,100,99830,100
2019-06-28 09:48:10.000000000,100047,228,100018,228,100051,228,99957,228,100080,100,99945,100,100148,100,99939,100,100160,100,99933,100,100184,100,99896,100,100192,100,99885,100,100299,100,99854,100,100348,100,99847,100,100467,100,99830,100
2019-06-28 09:48:18.303256356,100047,228,100041,100,100051,228,100018,228,100080,100,99957,228,100148,100,99945,100,100160,100,99939,100,100184,100,99933,100,100192,100,99896,100,100299,100,99885,100,100348,100,99854,100,100467,100,99847,100
2019-06-28 09:48:20.000000000,100047,164,100041,164,100051,164,100018,164,100080,164,99957,164,100148,164,99945,164,100160,100,99939,100,100184,100,99933,100,100192,100,99896,100,100299,100,99885,100,100348,100,99854,100,100467,100,99847,100
2019-06-28 09:48:22.180621192,100047,164,100041,264,100051,164,100018,164,100080,164,99957,164,100148,164,99945,164,100160,100,99939,100,100184,100,99933,100,100192,100,99896,100,100299,100,99885,100,100348,100,99854,100,100467,100,99847,100
2019-06-28 09:48:25.073463075,100047,164,100041,264,100051,164,100018,164,100080,164,99957,164,100148,164,99945,164,100160,100,99939,100,100184,100,99933,100,100192,100,99896,100,100299,100,99885,100,100348,100,99854,100,100371,100,99847,100
2019-06-28 09:48:30.000000000,100047,187,100041,287,100051,184,100018,184,100080,184,99957,184,100148,100,99945,100,100160,100,99939,100,100184,100,99933,100,100192,100,99896,100,100299,100,99885,100,100348,100,99854,100,100371,100,99847,100
2019-06-28 09:48:31.595788551,100047,87,100041,287,100051,184,100018,184,100080,184,99957,184,100148,100,99945,100,100160,100,99939,100,100184,100,99933,100,100192,100,99896,100,100299,100,99885,100,100348,100,99854,100,100371,100,99847,100
2019-06-28 09:48:40.000000000,100051,164,100041,264,100080,164,100018,164,100148,164,99957,164,100160,164,99945,164,100184,100,99939,100,100192,100,99933,100,100299,100,99896,100,100348,100,99885,100,100371,100,99854,100,100467,100,99847,100
2019-06-28 09:48:50.000000000,100051,187,100041,287,100080,184,100018,184,100148,184,99957,184,100160,100,99945,100,100184,100,99939,100,100192,100,99933,100,100299,100,99896,100,100348,100,99885,100,100371,100,99854,100,100467,100,99847,100
2019-06-28 09:49:00.000000000,100051,356,100041,456,100080,100,100018,100,100148,100,99957,100,100160,100,99945,100,100184,100,99939,100,100192,100,99933,100,100299,100,99896,100,100348,100,99885,100,100371,100,99854,100,100467,100,99847,100
2019-06-28 09:49:03.313214310,100051,256,100041,456,100080,100,100018,100,100148,100,99957,100,100160,100,99945,100,100184,100,99939,100,100192,100,99933,100,100299,100,99896,100,100348,100,99885,100,100371,100,99854,100,100467,100,99847,100
2019-06-28 09:49:10.000000000,100080,228,100041,328,100148,228,100018,228,100160,100,99957,100,100184,100,99945,100,100192,100,99939,100,100299,100,99933,100,100348,100,99896,100,100371,100,99885,100,100467,100,99854,100,100545,100,99847,100
2019-06-28 09:49:20.000000000,100080,187,100041,287,100148,184,100018,184,100160,184,99957,184,100184,100,99945,100,100192,100,99939,100,100299,100,99933,100,100348,100,99896,100,100371,100,99885,100,100467,100,99854,100,100545,100,99847,100
2019-06-28 09:49:20.834938882,100080,187,100041,287,100148,184,100018,184,100160,184,99957,184,100184,100,99945,100,100192,100,99939,100,100276,100,99933,100,100299,100,99896,100,100348,100,99885,100,100371,100,99854,100,100467,100,99830,100
2019-06-28 09:49:30.000000000,100080,228,100041,328,100148,228,100018,228,100160,100,99957,100,100184,100,99945,100,100192,100,99939,100,100276,100,99933,100,100299,100,99896,100,100348,100,99885,100,100371,100,99854,100,100467,100,99830,100
2019-06-28 09:49:40.000000000,100080,164,100041,264,100148,164,100018,164,100160,164,99957,164,100184,164,99945,164,100192,100,99939,100,100276,100,99933,100,100299,100,99896,100,100348,100,99885,100,100371,100,99854,100,100467,100,99830,100
2019-06-28 09:49:50.000000000,100080,187,100041,287,100148,184,100018,184,100160,184,99957,184,100184,100,99945,100,100192,100,99939,100,100276,100,99933,100,100299,100,99896,100,100348,100,99885,100,100371,100,99854,100,100467,100,99830,100
2019-06-28 09:49:54.211807327,100080,87,100041,287,100148,184,100018,184,100160,184,99957,184,100184,100,99945,100,100192,100,99939,100,100276,100,99933,100,100299,100,99896,100,100348,100,99885,100,100371,100,99830,100,100467,100,99821,100
2019-06-28 09:50:00.000000000,100148,228,100041,328,100160,228,100018,228,100184,100,99957,100,100192,100,99945,100,100276,100,99939,100,100299,100,99933,100,100348,100,99896,100,100371,100,99885,100,100467,100,99830,100,100545,100,99821,100
2019-06-28 09:50:03.158289388,100148,128,100041,328,100160,228,100018,228,100184,100,99957,100,100192,100,99945,100,100276,100,99939,100,100299,100,99933,100,100348,100,99896,100,100371,100,99885,100,100467,100,99830,100,100545,100,99821,100
2019-06-28 09:50:10.000000000,100160,164,100041,264,100184,164,100018,164,100192,164,99957,164,100276,164,99945,164,100299,100,99939,100,100348,100,99933,100,100371,100,99896,100,100467,100,99885,100,100545,100,99830,100,100593,100,99821,100
2019-06-28 09:50:20.000000000,100160,151,100041,251,100184,151,100018,151,100192,151,99957,151,100276,151,99945,151,100299,151,99939,151,100348,100,99933,100,100371,100,99896,100,100467,100,99885,100,100545,100,99830,100,100593,100,99821,100
2019-06-28 09:50:30.000000000,100160,228,100041,328,100184,228,100018,228,100192,100,99957,100,100276,100,99945,100,100299,100,99939,100,100348,100,99933,100,100371,100,99896,100,100467,100,99885,100,100545,100,99830,100,100593,100,99821,100
2019-06-28 09:50:36.096489617,100160,228,100041,328,100184,228,100018,228,100192,100,99957,100,100276,100,99945,100,100299,100,99939,100,100348,100,99933,100,100371,100,99896,100,100467,100,99885,100,100545,100,99830,100,100593,100,99821,100
2019-06-28 09:50:37.734415702,100160,228,100041,328,100184,228,100018,228,100192,100,99957,100,100276,100,99945,100,100299,100,99939,100,100348,100,99933,100,100371,100,99896,100,100467,100,99885,100,100545,100,99830,100,100593,100,99821,100
2019-06-28 09:50:40.000000000,100160,356,100041,456,100184,100,100018,100,100192,100,99957,100,100276,100,99945,100,100299,100,99939,100,100348,100,99933,100,100371,100,99896,100,100467,100,99885,100,100545,100,99830,100,100593,100,99821,100
2019-06-28 09:50:50.000000000,100160,228,100041,328,100184,228,100018,228,100192,100,99957,100,100276,100,99945,100,100299,100,99939,100,100348,100,99933,100,100371,100,99896,100,100467,100,99885,100,100545,100,99830,100,100593,100,99821,100
2019-06-28 09:50:50.133510286,100160,128,100041,328,100184,228,100018,228,100192,100,99957,100,100276,100,99945,100,100299,100,99939,100,100348,100,99933,100,100371,100,99896,100,100467,100,99885,100,100545,100,99830,100,100593,100,99821,100
2019-06-28 09:50:50.557772629,100160,128,100041,328,100184,228,100018,228,100192,100,99957,100,100276,100,99945,100,100299,100,99939,100,100348,100,99933,100,100467,100,99896,100,100545,100,99885,100,100593,100,99830,100,100693,100,99821,100
2019-06-28 09:50:53.182720347,100160,128,100041,328,100184,228,100018,228,100192,100,99957,100,100276,100,99945,100,100299,100,99939,100,100348,100,99933,100,100467,100,99885,100,100545,100,99830,100,100593,100,99821,100,100693,100,99811,100
2019-06-28 09:51:00.000000000,100184,164,100041,264,100192,164,100018,164,100276,164,99957,164,100299,164,99945,164,100348,100,99939,100,100467,100,99933,100,100545,100,99885,100,100593,100,99830,100,100693,100,99821,100,100796,100,99811,100
2019-06-28 09:51:10.000000000,100184,151,100041,251,100192,151,100018,151,100276,151,99957,151,100299,151,99945,151,100348,151,99939,151,100467,100,99933,100,100545,100,99885,100,100593,100,99830,100,100693,100,99821,100,100796,100,99811,100
2019-06-28 09:51:17.486112454,100184,151,100041,251,100192,151,100018,151,100276,151,99957,151,100299,151,99945,151,100348,151,99939,151,100467,100,99933,100,100545,100,99885,100,100593,100,99830,100,100693,100,99821,100,100796,100,99811,100
2019-06-28 09:51:20.000000000,100184,164,100041,264,100192,164,100018,164,100276,164,99957,164,100299,164,99945,164,100348,100,99939,100,100467,100,99933,100,100545,100,99885,100,100593,100,99830,100,100693,100,99821,100,100796,100,99811,100
2019-06-28 09:51:30.000000000,100184,228,100041,328,100192,228,100018,228,100276,100,99957,100,100299,100,99945,100,100348,100,99939,100,100467,100,99933,100,100545,100,99885,100,100593,100,99830,100,100693,100,99821,100,100796,100,99811,100
2019-06-28 09:51:33.497016272,100184,228,100148,100,100192,228,100041,328,100276,100,100018,228,100299,100,99957,100,100348,100,99945,100,100467,100,99939,100,100545,100,99933,100,100593,100,99885,100,100693,100,99830,100,100796,100,99821,100
2019-06-28 09:51:40.000000000,100184,228,100148,228,100192,228,100041,328,100276,100,100018,100,100299,100,99957,100,100348,100,99945,100,100467,100,99939,100,100545,100,99933,100,100593,100,99885,100,100693,100,99830,100,100796,100,99821,100
2019-06-28 09:51:50.000000000,100184,228,100148,228,100192,228,100041,328,100276,100,100018,100,100299,100,99957,100,100348,100,99945,100,100467,100,99939,100,100545,100,99933,100,100593,100,99885,100,100693,100,99830,100,100796,100,99821,100
2019-06-28 09:51:58.021804830,100184,228,100148,328,100192,228,100041,328,100276,100,100018,100,100299,100,99957,100,100348,100,99945,100,100467,100,99939,100,100545,100,99933,100,100593,100,99885,100,100693,100,99830,100,100796,100,99821,100
2019-06-28 09:52:00.000000000,100184,151,100148,251,100192,151,100041,251,100276,151,100018,151,100299,151,99957,151,100348,151,99945,151,100467,100,99939,100,100545,100,99933,100,100593,100,99885,100,100693,100,99830,100,100796,100,99821,100
2019-06-28 09:52:05.477125201,100184,51,100148,251,100192,151,100041,251,100276,151,100018,151,100299,151,99957,151,100348,151,99945,151,100467,100,99939,100,100545,100,99933,100,100593,100,99885,100,100693,100,99830,100,100796,100,99821,100
2019-06-28 09:52:08.490196814,100184,51,100148,251,100192,151,100041,251,100276,151,100018,151,100299,151,99957,151,100348,151,99945,151,100467,100,99939,100,100545,100,99933,100,100593,100,99885,100,100693,100,99830,100,100796,100,99821,100
2019-06-28 09:52:10.000000000,100192,164,100148,264,100276,164,100041,264,100299,164,100018,164,100348,164,99957,164,100467,100,99945,100,100545,100,99939,100,100593,100,99933,100,100693,100,99885,100,100796,100,99830,100,100935,100,99821,100
2019-06-28 09:52:10.857521630,100192,164,100160,100,100276,164,100148,264,100299,164,100041,264,100348,164,100018,164,100467,100,99957,164,100545,100,99945,100,100593,100,99939,100,100693,100,99933,100,100796,100,99885,100,100935,100,99830,100
2019-06-28 09:52:20.000000000,100192,187,100160,187,100276,184,100148,284,100299,184,100041,284,100348,100,100018,100,100467,100,99957,100,100545,100,99945,100,100593,100,99939,100,100693,100,99933,100,100796,100,99885,100,100935,100,99830,100
2019-06-28 09:52:30.000000000,100192,187,100160,187,100276,184,100148,284,100299,184,100041,284,100348,100,100018,100,100467,100,99957,100,100545,100,99945,100,100593,100,99939,100,100693,100,99933,100,100796,100,99885,100,100935,100,99830,100
2019-06-28 09:52:31.975987027,100192,187,100160,287,100276,184,100148,284,100299,184,100041,284,100348,100,100018,100,100467,100,99957,100,100545,100,99945,100,100593,100,99939,100,100693,100,99933,100,100796,100,99885,100,100935,100,99830,100
2019-06-28 09:52:40.000000000,100192,151,100160,251,100276,151,100148,251,100299,151,100041,251,100348,151,100018,151,100467,151,99957,151,100545,100,99945,100,100593,100,99939,100,100693,100,99933,100,100796,100,99885,100,100935,100,99830,100
2019-06-28 09:52:50.000000000,100192,356,100160,456,100276,100,100148,200,100299,100,100041,200,100348,100,100018,100,100467,100,99957,100,100545,100,99945,100,100593,100,99939,100,100693,100,99933,100,100796,100,99885,100,100935,100,99830,100
2019-06-28 09:53:00.000000000,100192,151,100160,251,100276,151,100148,251,100299,151,100041,251,100348,151,100018,151,100467,151,99957,151,100545,100,99945,100,100593,100,99939,100,100693,100,99933,100,100796,100,99885,100,100935,100,99830,100
2019-06-28 09:53:02.737999446,100192,151,100160,251,100276,151,100148,151,100299,151,100041,251,100348,151,100018,151,100467,151,99957,151,100545,100,99945,100,100593,100,99939,100,100693,100,99933,100,100796,100,99885,100,100935,100,99830,100
2019-06-28 09:53:10.000000000,100192,151,100160,251,100276,151,100148,151,100299,151,100041,251,100348,151,100018,151,100467,151,99957,151,100545,100,99945,100,100593,100,99939,100,100693,100,99933,100,100796,100,99885,100,100935,100,99830,100
2019-06-28 09:53:10.888039967,100192,151,100160,251,100276,151,100148,151,100299,151,100041,251,100348,151,100018,151,100467,151,99957,151,100545,100,99945,100,100593,100,99939,100,100693,100,99933,100,100796,100,99885,100,100935,100,99830,100
2019-06-28 09:53:20.000000000,100192,356,100160,456,100276,100,100148,100,100299,100,100041,200,100348,100,100018,100,100467,100,99957,100,100545,100,99945,100,100593,100,99939,100,100693,100,99933,100,100796,100,99885,100,100935,100,99830,100
2019-06-28 09:53:30.000000000,100192,151,100160,251,100276,151,100148,151,100299,151,100041,251,100348,151,100018,151,100467,151,99957,151,100545,100,99945,100,100593,100,99939,100,100693,100,99933,100,100796,100,99885,100,100935,100,99830,100
2019-06-28 09:53:40.000000000,100192,228,100160,328,100276,228,100148,228,100299,100,100041,200,100348,100,100018,100,100467,100,99957,100,100545,100,99945,100,100593,100,99939,100,100693,100,99933,100,100796,100,99885,100,100935,100,99830,100
2019-06-28 09:53:49.240599748,100192,128,100160,328,100276,228,100148,228,100348,100,100041,200,100467,100,100018,100,100545,100,99957,100,100593,100,99945,100,100693,100,99939,100,100796,100,99933,100,100935,100,99885,100,100959,100,99830,100
2019-06-28 09:53:49.464174689,100192,128,100160,328,100276,228,100148,228,100348,100,100041,200,100467,100,100018,100,100545,100,99957,100,100593,100,99945,100,100693,100,99939,100,100796,100,99933,100,100935,100,99885,100,100959,100,99830,100
2019-06-28 09:53:50.000000000,100276,356,100160,456,100348,100,100148,100,100467,100,100041,200,100545,100,100018,100,100593,100,99957,100,100693,100,99945,100,100796,100,99939,100,100935,100,99933,100,100959,100,99885,100,101056,100,99830,100
2019-06-28 09:54:00.000000000,100276,228,100160,328,100348,228,100148,228,100467,100,100041,200,100545,100,100018,100,100593,100,99957,100,100693,100,99945,100,100796,100,99939,100,100935,100,99933,100,100959,100,99885,100,101056,100,99830,100
2019-06-28 09:54:10.000000000,100276,228,100160,328,100348,228,100148,228,100467,100,100041,200,100545,100,100018,100,100593,100,99957,100,100693,100,99945,100,100796,100,99939,100,100935,100,99933,100,100959,100,99885,100,101056,100,99830,100
2019-06-28 09:54:10.091222964,100276,128,100160,328,100348,228,100148,228,100467,100,100041,200,100545,100,100018,100,100593,100,99957,100,100693,100,99945,100,100796,100,99939,100,100935,100,99933,100,100959,100,99885,100,101056,100,99830,100
2019-06-28 09:54:20.000000000,100348,187,100160,287,100467,184,100148,184,100545,184,100041,284,100593,100,100018,100,100693,100,99957,100,100796,100,99945,100,100935,100,99939,100,100959,100,99933,100,101056,100,99885,100,101077,100,99830,100
2019-06-28 09:54:30.000000000,100348,356,100160,456,100467,100,100148,100,100545,100,100041,200,100593,100,100018,100,100693,100,99957,100,100796,100,99945,100,100935,100,99939,100,100959,100,99933,100,101056,100,99885,100,101077,100,99830,100
2019-06-28 09:54:40.000000000,100348,228,100160,328,100467,228,100148,228,100545,100,100041,200,100593,100,100018,100,100693,100,99957,100,100796,100,99945,100,100935,100,99939,100,100959,100,99933,100,101056,100,99885,100,101077,100,99830,100
2019-06-28 09:54:50.000000000,100348,228,100160,328,100467,228,100148,228,100545,100,100041,200,100593,100,100018,100,100693,100,99957,100,100796,100,99945,100,100935,100,99939,100,100959,100,99933,100,101056,100,99885,100,101077,100,99830,100
2019-06-28 09:54:52.772806963,100348,228,100160,328,100467,228,100148,228,100518,100,100041,200,100545,100,100018,100,100593,100,99957,100,100693,100,99945,100,100796,100,99939,100,100935,100,99933,100,100959,100,99885,100,101056,100,99830,100
2019-06-28 09:55:00.000000000,100348,164,100160,264,100467,164,100148,164,100518,164,100041,264,100545,164,100018,164,100593,100,99957,100,100693,100,99945,100,100796,100,99939,100,100935,100,99933,100,100959,100,99885,100,101056,100,99830,100
2019-06-28 09:55:09.833336356,100348,164,100192,100,100467,164,100160,264,100518,164,100148,164,100545,164,100041,164,100593,100,100018,164,100693,100,99957,100,100796,100,99945,100,100935,100,99939,100,100959,100,99933,100,101056,100,99885,100
2019-06-28 09:55:09.960700743,100348,164,100192,200,100467,164,100160,264,100518,164,100148,164,100545,164,100041,164,100593,100,100018,164,100693,100,99957,100,100796,100,99945,100,100935,100,99939,100,100959,100,99933,100,101056,100,99885,100
2019-06-28 09:55:10.000000000,100348,356,100192,456,100467,100,100160,200,100518,100,100148,100,100545,100,100041,100,100593,100,100018,100,100693,100,99957,100,100796,100,99945,100,100935,100,99939,100,100959,100,99933,100,101056,100,99885,100
2019-06-28 09:55:20.000000000,100348,228,100192,328,100467,228,100160,328,100518,100,100148,100,100545,100,100041,100,100593,100,100018,100,100693,100,99957,100,100796,100,99945,100,100935,100,99939,100,100959,100,99933,100,101056,100,99885,100
2019-06-28 09:55:30.000000000,100348,187,100192,287,100467,184,100160,284,100518,184,100148,184,100545,100,100041,100,100593,100,100018,100,100693,100,99957,100,100796,100,99945,100,100935,100,99939,100,100959,100,99933,100,101056,100,99885,100
2019-06-28 09:55:40.000000000,100348,164,100192,264,100467,164,100160,264,100518,164,100148,164,100545,164,100041,164,100593,100,100018,100,100693,100,99957,100,100796,100,99945,100,100935,100,99939,100,100959,100,99933,100,101056,100,99885,100
2019-06-28 09:55:50.000000000,100348,151,100192,251,100467,151,100160,251,100518,151,100148,151,100545,151,100041,151,100593,151,100018,151,100693,100,99957,100,100796,100,99945,100,100935,100,99939,100,100959,100,99933,100,101056,100,99885,100
2019-06-28 09:55:55.054070199,100348,151,100192,251,100381,100,100160,251,100467,151,100148,151,100518,151,100041,151,100545,151,100018,151,100593,151,99957,100,100693,100,99945,100,100796,100,99939,100,100935,100,99933,100,100959,100,99885,100
2019-06-28 09:55:59.213683278,100348,151,100330,100,100381,100,100192,251,100467,151,100160,251,100518,151,100148,151,100545,151,100041,151,100593,151,100018,151,100693,100,99957,100,100796,100,99945,100,100935,100,99939,100,100959,100,99933,100
2019-06-28 09:56:00.000000000,100348,164,100330,164,100381,164,100192,264,100467,164,100160,264,100518,164,100148,164,100545,100,100041,100,100593,100,100018,100,100693,100,99957,100,100796,100,99945,100,100935,100,99939,100,100959,100,99933,100
2019-06-28 09:56:06.414069266,100348,164,100330,164,100381,164,100285,100,100467,164,100192,264,100518,64,100160,264,100545,100,100148,164,100593,100,100041,100,100693,100,100018,100,100796,100,99957,100,100935,100,99945,100,100959,100,99939,100
2019-06-28 09:56:10.000000000,100348,228,100330,228,100381,228,100285,228,100467,100,100192,200,100545,100,100160,200,100593,100,100148,100,100693,100,100041,100,100796,100,100018,100,100935,100,99957,100,100959,100,99945,100,101056,100,99939,100
2019-06-28 09:56:19.596318091,100348,228,100330,228,100381,228,100285,228,100467,100,100192,300,100545,100,100160,200,100593,100,100148,100,100693,100,100041,100,100796,100,100018,100,100935,100,99957,100,100959,100,99945,100,101056,100,99939,100
2019-06-28 09:56:20.000000000,100348,187,100330,187,100381,184,100285,184,100467,184,100192,384,100545,100,100160,200,100593,100,100148,100,100693,100,100041,100,100796,100,100018,100,100935,100,99957,100,100959,100,99945,100,101056,100,99939,100
2019-06-28 09:56:22.346751661,100348,187,100330,187,100381,184,100285,184,100467,184,100192,384,100545,100,100160,200,100593,100,100148,100,100637,100,100041,100,100693,100,100018,100,100796,100,99957,100,100935,100,99945,100,100959,100,99939,100
2019-06-28 09:56:30.000000000,100348,151,100330,151,100381,151,100285,151,100467,151,100192,351,100545,151,100160,251,100593,151,100148,151,100637,100,100041,100,100693,100,100018,100,100796,100,99957,100,100935,100,99945,100,100959,100,99939,100
2019-06-28 09:56:40.000000000,100348,164,100330,164,100381,164,100285,164,100467,164,100192,364,100545,164,100160,264,100593,100,100148,100,100637,100,100041,100,100693,100,100018,100,100796,100,99957,100,100935,100,99945,100,100959,100,99939,100
2019-06-28 09:56:46.124059765,100348,164,100330,164,100381,164,100285,164,100467,164,100192,464,100545,164,100160,264,100593,100,100148,100,100637,100,100041,100,100693,100,100018,100,100796,100,99957,100,100935,100,99945,100,100959,100,99939,100
2019-06-28 09:56:48.976168485,100348,164,100330,164,100381,164,100285,164,100467,164,100192,564,100545,164,100160,264,100593,100,100148,100,100637,100,100041,100,100693,100,100018,100,100796,100,99957,100,100935,100,99945,100,100959,100,99939,100
2019-06-28 09:56:50.000000000,100348,164,100330,164,100381,164,100285,164,100467,164,100192,564,100545,164,100160,264,100593,100,100148,100,100637,100,100041,100,100693,100,100018,100,100796,100,99957,100,100935,100,99945,100,100959,100,99939,100
2019-06-28 09:57:00.000000000,100348,164,100330,164,100381,164,100285,164,100467,164,100192,564,100545,164,100160,264,100593,100,100148,100,100637,100,100041,100,100693,100,100018,100,100796,100,99957,100,100935,100,99945,100,100959,100,99939,100
2019-06-28 09:57:00.225922811,100348,164,100330,164,100381,164,100285,164,100467,164,100209,100,100545,164,100192,564,100593,100,100160,264,100637,100,100148,100,100693,100,100041,100,100796,100,100018,100,100935,100,99957,100,100959,100,99945,100
2019-06-28 09:57:10.000000000,100348,151,100330,151,100381,151,100285,151,100467,151,100209,151,100545,151,100192,551,100593,151,100160,251,100637,100,100148,100,100693,100,100041,100,100796,100,100018,100,100935,100,99957,100,100959,100,99945,100
2019-06-28 09:57:14.631716456,100348,151,100330,151,100381,151,100285,151,100467,151,100209,151,100545,151,100192,451,100593,151,100160,251,100637,100,100148,100,100693,100,100041,100,100796,100,100018,100,100935,100,99957,100,100959,100,99945,100
2019-06-28 09:57:20.000000000,100348,164,100330,164,100381,164,100285,164,100467,164,100209,164,100545,164,100192,464,100593,100,100160,200,100637,100,100148,100,100693,100,100041,100,100796,100,100018,100,100935,100,99957,100,100959,100,99945,100
2019-06-28 09:57:27.556394891,100348,164,100330,64,100381,164,100285,164,100467,164,100209,164,100545,164,100192,464,100593,100,100160,200,100637,100,100148,100,100693,100,100041,100,100796,100,100018,100,100935,100,99957,100,100959,100,99945,100
2019-06-28 09:57:30.000000000,100348,356,100285,356,100381,100,100209,100,100467,100,100192,400,100545,100,100160,200,100593,100,100148,100,100637,100,100041,100,100693,100,100018,100,100796,100,99957,100,100935,100,99945,100,100959,100,99939,100
2019-06-28 09:57:40.000000000,100348,187,100285,187,100381,184,100209,184,100467,184,100192,484,100545,100,100160,200,100593,100,100148,100,100637,100,100041,100,100693,100,100018,100,100796,100,99957,100,100935,100,99945,100,100959,100,99939,100
2019-06-28 09:57:43.447475897,100348,187,100285,87,100381,184,100209,184,100467,184,100192,484,100545,100,100160,200,100593,100,100148,100,100637,100,100041,100,100796,100,100018,100,100935,100,99957,100,100959,100,99945,100,101056,100,99939,100
2019-06-28 09:57:50.000000000,100348,151,100209,151,100381,151,100192,451,100467,151,100160,251,100545,151,100148,151,100593,151,100041,151,100637,100,100018,100,100796,100,99957,100,100935,100,99945,100,100959,100,99939,100,101056,100,99933,100
2019-06-28 09:57:51.625357151,100348,151,100209,51,100381,151,100192,451,100467,151,100160,251,100545,151,100148,151,100593,151,100041,151,100637,100,100018,100,100796,100,99957,100,100935,100,99945,100,100959,100,99939,100,101056,100,99933,100
2019-06-28 09:58:00.000000000,100348,187,100192,487,100381,184,100160,284,100467,184,100148,184,100545,100,100041,100,100593,100,100018,100,100637,100,99957,100,100796,100,99945,100,100935,100,99939,100,100959,100,99933,100,101056,100,99830,100
2019-06-28 09:58:06.114338343,100348,187,100192,387,100381,184,100160,284,100467,184,100148,184,100545,100,100041,100,100593,100,100018,100,100637,100,99957,100,100796,100,99945,100,100935,100,99939,100,100959,100,99933,100,101056,100,99821,100
2019-06-28 09:58:08.730057647,100348,187,100192,287,100381,184,100160,284,100467,184,100148,184,100545,100,100041,100,100593,100,100018,100,100637,100,99957,100,100796,100,99945,100,100935,100,99939,100,100959,100,99933,100,101056,100,99821,100
2019-06-28 09:58:10.000000000,100348,228,100192,328,100381,228,100160,328,100467,100,100148,100,100545,100,100041,100,100593,100,100018,100,100637,100,99957,100,100796,100,99945,100,100935,100,99939,100,100959,100,99933,100,101056,100,99821,100
2019-06-28 09:58:16.731858454,100348,228,100192,228,100381,228,100160,328,100467,100,100148,100,100545,100,100041,100,100593,100,100018,100,100637,100,99957,100,100796,100,99945,100,100935,100,99939,100,100959,100,99933,100,101056,100,99821,100
2019-06-28 09:58:20.000000000,100348,187,100192,187,100381,184,100160,284,100467,184,100148,184,100545,100,100041,100,100593,100,100018,100,100637,100,99957,100,100796,100,99945,100,100935,100,99939,100,100959,100,99933,100,101056,100,99821,100
2019-06-28 09:58:25.146269010,100348,187,100192,187,100381,184,100160,284,100467,184,100148,184,100545,100,100041,100,100593,100,100018,100,100637,100,99957,100,100796,100,99945,100,100935,100,99939,100,100959,100,99933,100,101056,100,99821,100
2019-06-28 09:58:30.000000000,100348,151,100192,151,100381,151,100160,251,100467,151,100148,151,100545,151,100041,151,100593,151,100018,151,100637,100,99957,100,100796,100,99945,100,100935,100,99939,100,100959,100,99933,100,101056,100,99821,100
2019-06-28 09:58:40.000000000,100348,356,100192,356,100381,100,100160,200,100467,100,100148,100,100545,100,100041,100,100593,100,100018,100,100637,100,99957,100,100796,100,99945,100,100935,100,99939,100,100959,100,99933,100,101056,100,99821,100
2019-06-28 09:58:50.000000000,100348,187,100192,187,100381,184,100160,284,100467,184,100148,184,100545,100,100041,100,100593,100,100018,100,100637,100,99957,100,100796,100,99945,100,100935,100,99939,100,100959,100,99933,100,101056,100,99821,100
2019-06-28 09:58:56.740080544,100348,187,100192,87,100381,184,100160,284,100467,184,100148,184,100545,100,100041,100,100593,100,100018,100,100637,100,99957,100,100796,100,99945,100,100935,100,99939,100,100959,100,99821,100,101056,100,99811,100
2019-06-28 09:58:58.891374808,100192,13,100160,284,100348,187,100148,184,100381,184,100041,100,100467,184,100018,100,100545,100,99957,100,100593,100,99945,100,100637,100,99939,100,100796,100,99821,100,100935,100,99811,100,100959,100,99704,100
2019-06-28 09:59:00.000000000,100192,141,100160,328,100348,228,100148,228,100381,100,100041,100,100467,100,100018,100,100545,100,99957,100,100593,100,99945,100,100637,100,99939,100,100796,100,99821,100,100935,100,99811,100,100959,100,99704,100
2019-06-28 09:59:10.000000000,100192,141,100160,328,100348,228,100148,228,100381,100,100041,100,100467,100,100018,100,100545,100,99957,100,100593,100,99945,100,100637,100,99939,100,100796,100,99821,100,100935,100,99811,100,100959,100,99704,100
2019-06-28 09:59:20.000000000,100192,77,100160,264,100348,164,100148,164,100381,164,100041,164,100467,164,100018,164,100545,100,99957,100,100593,100,99945,100,100637,100,99939,100,100796,100,99821,100,100935,100,99811,100,100959,100,99704,100
2019-06-28 09:59:27.861469249,100192,77,100160,264,100348,164,100148,64,100381,164,100041,164,100467,164,100018,164,100545,100,99957,100,100593,100,99945,100,100637,100,99939,100,100796,100,99821,100,100935,100,99811,100,100959,100,99704,100
2019-06-28 09:59:30.000000000,100192,100,100160,287,100348,184,100041,184,100381,184,100018,184,100467,100,99957,100,100545,100,99945,100,100593,100,99939,100,100637,100,99821,100,100796,100,99811,100,100935,100,99704,100,100959,100,99677,100
2019-06-28 09:59:40.000000000,100192,141,100160,328,100348,228,100041,228,100381,100,100018,100,100467,100,99957,100,100545,100,99945,100,100593,100,99939,100,100637,100,99821,100,100796,100,99811,100,100935,100,99704,100,100959,100,99677,100
2019-06-28 09:59:43.262590212,100192,241,100160,328,100348,228,100041,228,100381,100,100018,100,100467,100,99957,100,100545,100,99945,100,100593,100,99939,100,100637,100,99821,100,100796,100,99811,100,100935,100,99704,100,100959,100,99677,100
2019-06-28 09:59:50.000000000,100192,164,100160,251,100348,151,100041,151,100381,151,100018,151,100467,151,99957,151,100545,151,99945,151,100593,100,99939,100,100637,100,99821,100,100796,100,99811,100,100935,100,99704,100,100959,100,99677,100
2019-06-28 09:59:54.399226506,100192,264,100160,251,100348,151,100041,151,100381,151,100018,151,100467,151,99957,151,100545,151,99945,151,100593,100,99939,100,100637,100,99821,100,100796,100,99811,100,100935,100,99704,100,100959,100,99677,100
2019-06-28 09:59:58.829555764,100192,264,100160,151,100348,151,100041,151,100381,151,100018,151,100467,151,99957,151,100545,151,99945,151,100593,100,99939,100,100637,100,99821,100,100796,100,99811,100,100935,100,99704,100,100959,100,99677,100
2019-06-28 10:00:00.000000000,100192,341,100160,228,100348,228,100041,228,100381,100,100018,100,100467,100,99957,100,100545,100,99945,100,100593,100,99939,100,100637,100,99821,100,100796,100,99811,100,100935,100,99704,100,100959,100,99677,100
2019-06-28 10:00:07.276896830,100192,341,100160,228,100348,228,100041,228,100381,100,100018,100,100467,100,99957,100,100545,100,99951,100,100593,100,99945,100,100637,100,99939,100,100796,100,99821,100,100935,100,99811,100,100959,100,99704,100
2019-06-28 10:00:10.000000000,100192,341,100160,228,100348,228,100041,228,100381,100,100018,100,100467,100,99957,100,100545,100,99951,100,100593,100,99945,100,100637,100,99939,100,100796,100,99821,100,100935,100,99811,100,100959,100,99704,100
2019-06-28 10:00:16.390067909,100192,441,100160,228,100348,228,100041,228,100381,100,100018,100,100467,100,99957,100,100545,100,99951,100,100593,100,99945,100,100637,100,99939,100,100796,100,99821,100,100935,100,99811,100,100959,100,99704,100
2019-06-28 10:00:20.000000000,100192,377,100160,164,100348,164,100041,164,100381,164,100018,164,100467,164,99957,164,100545,100,99951,100,100593,100,99945,100,100637,100,99939,100,100796,100,99821,100,100935,100,99811,100,100959,100,99704,100
2019-06-28 10:00:30.000000000,100192,364,100160,151,100348,151,100041,151,100381,151,100018,151,100467,151,99957,151,100545,151,99951,151,100593,100,99945,100,100637,100,99939,100,100796,100,99821,100,100935,100,99811,100,100959,100,99704,100
2019-06-28 10:00:34.151090755,100192,364,100160,51,100348,151,100041,151,100381,151,100018,151,100467,151,99957,151,100545,151,99951,151,100593,100,99945,100,100637,100,99939,100,100796,100,99811,100,100935,100,99704,100,100959,100,99677,100
2019-06-28 10:00:37.330544082,100192,364,100160,51,100348,151,100041,151,100381,151,100018,151,100467,151,99957,151,100545,151,99954,100,100593,100,99951,151,100637,100,99945,100,100796,100,99939,100,100935,100,99811,100,100959,100,99704,100
2019-06-28 10:00:40.000000000,100192,377,100041,164,100348,164,100018,164,100381,164,99957,164,100467,164,99954,164,100545,100,99951,100,100593,100,99945,100,100637,100,99939,100,100796,100,99811,100,100935,100,99704,100,100959,100,99677,100
2019-06-28 10:00:50.000000000,100192,364,100041,151,100348,151,100018,151,100381,151,99957,151,100467,151,99954,151,100545,151,99951,151,100593,100,99945,100,100637,100,99939,100,100796,100,99811,100,100935,100,99704,100,100959,100,99677,100
2019-06-28 10:01:00.000000000,100192,364,100041,151,100348,151,100018,151,100381,151,99957,151,100467,151,99954,151,100545,151,99951,151,100593,100,99945,100,100637,100,99939,100,100796,100,99811,100,100935,100,99704,100,100959,100,99677,100
2019-06-28 10:01:01.712421232,100192,364,100161,100,100348,151,100041,151,100381,151,100018,151,100467,151,99957,151,100545,151,99954,151,100593,100,99951,151,100637,100,99945,100,100796,100,99939,100,100935,100,99811,100,100959,100,99704,100
2019-06-28 10:01:10.000000000,100192,364,100161,151,100348,151,100041,151,100381,151,100018,151,100467,151,99957,151,100545,151,99954,151,100593,100,99951,100,100637,100,99945,100,100796,100,99939,100,100935,100,99811,100,100959,100,99704,100
2019-06-28 10:01:20.000000000,100192,364,100161,151,100348,151,100041,151,100381,151,100018,151,100467,151,99957,151,100545,151,99954,151,100593,100,99951,100,100637,100,99945,100,100796,100,99939,100,100935,100,99811,100,100959,100,99704,100
2019-06-28 10:01:21.423647121,100192,264,100161,151,100348,151,100041,151,100381,151,100018,151,100467,151,99957,151,100545,151,99954,151,100593,100,99951,100,100637,100,99945,100,100796,100,99939,100,100935,100,99811,100,100959,100,99704,100
2019-06-28 10:01:23.655179875,100192,264,100181,100,100348,151,100161,151,100381,151,100041,151,100467,151,100018,151,100545,151,99957,151,100593,100,99954,151,100637,100,99951,100,100796,100,99945,100,100935,100,99939,100,100959,100,99811,100
2019-06-28 10:01:30.000000000,100192,300,100181,187,100348,184,100161,184,100381,184,100041,184,100467,100,100018,100,100545,100,99957,100,100593,100,99954,100,100637,100,99951,100,100796,100,99945,100,100935,100,99939,100,100959,100,99811,100
2019-06-28 10:01:40.000000000,100192,300,100181,187,100348,184,100161,184,100381,184,100041,184,100467,100,100018,100,100545,100,99957,100,100593,100,99954,100,100637,100,99951,100,100796,100,99945,100,100935,100,99939,100,100959,100,99811,100
2019-06-28 10:01:50.000000000,100192,277,100181,164,100348,164,100161,164,100381,164,100041,164,100467,164,100018,164,100545,100,99957,100,100593,100,99954,100,100637,100,99951,100,100796,100,99945,100,100935,100,99939,100,100959,100,99811,100
2019-06-28 10:02:00.000000000,100192,469,100181,356,100348,100,100161,100,100381,100,100041,100,100467,100,100018,100,100545,100,99957,100,100593,100,99954,100,100637,100,99951,100,100796,100,99945,100,100935,100,99939,100,100959,100,99811,100
2019-06-28 10:02:01.093147965,100192,469,100181,356,100348,100,100161,100,100381,100,100041,100,100467,100,100018,100,100545,100,99957,100,100593,100,99954,100,100637,100,99951,100,100711,100,99945,100,100796,100,99939,100,100935,100,99811,100
2019-06-28 10:02:07.770711414,100192,369,100181,356,100348,100,100161,100,100381,100,100041,100,100467,100,100018,100,100545,100,99957,100,100593,100,99954,100,100637,100,99951,100,100711,100,99939,100,100796,100,99811,100,100935,100,99704,100
2019-06-28 10:02:10.000000000,100192,241,100181,228,100348,228,100161,228,100381,100,100041,100,100467,100,100018,100,100545,100,99957,100,100593,100,99954,100,100637,100,99951,100,100711,100,99939,100,100796,100,99811,100,100935,100,99704,100
2019-06-28 10:02:20.000000000,100192,200,100181,187,100348,184,100161,184,100381,184,100041,184,100467,100,100018,100,100545,100,99957,100,100593,100,99954,100,100637,100,99951,100,100711,100,99939,100,100796,100,99811,100,100935,100,99704,100
2019-06-28 10:02:30.000000000,100192,164,100181,151,100348,151,100161,151,100381,151,100041,151,100467,151,100018,151,100545,151,99957,151,100593,100,99954,100,100637,100,99951,100,100711,100,99939,100,100796,100,99811,100,100935,100,99704,100
2019-06-28 10:02:33.307673153,100192,164,100181,151,100268,100,100161,151,100348,151,100041,151,100381,151,100018,151,100467,151,99957,151,100545,151,99954,100,100593,100,99951,100,100637,100,99939,100,100711,100,99811,100,100796,100,99704,100
2019-06-28 10:02:40.000000000,100192,241,100181,228,100268,228,100161,228,100348,100,100041,100,100381,100,100018,100,100467,100,99957,100,100545,100,99954,100,100593,100,99951,100,100637,100,99939,100,100711,100,99811,100,100796,100,99704,100
2019-06-28 10:02:42.370094844,100192,228,100181,228,100268,228,100161,228,100348,100,100041,100,100381,100,100018,100,100467,100,99957,100,100545,100,99954,100,100593,100,99951,100,100637,100,99939,100,100711,100,99811,100,100796,100,99704,100
2019-06-28 10:02:50.000000000,100192,151,100181,151,100268,151,100161,151,100348,151,100041,151,100381,151,100018,151,100467,151,99957,151,100545,100,99954,100,100593,100,99951,100,100637,100,99939,100,100711,100,99811,100,100796,100,99704,100
2019-06-28 10:02:56.641005281,100192,151,100181,51,100268,151,100161,151,100348,151,100041,151,100381,151,100018,151,100467,151,99957,151,100545,100,99954,100,100593,100,99951,100,100637,100,99939,100,100711,100,99811,100,100796,100,99704,100
2019-06-28 10:03:00.000000000,100192,164,100161,164,100268,164,100041,164,100348,164,100018,164,100381,164,99957,164,100467,100,99954,100,100545,100,99951,100,100593,100,99939,100,100637,100,99811,100,100711,100,99704,100,100796,100,99677,100
2019-06-28 10:03:10.000000000,100192,151,100161,151,100268,151,100041,151,100348,151,100018,151,100381,151,99957,151,100467,151,99954,151,100545,100,99951,100,100593,100,99939,100,100637,100,99811,100,100711,100,99704,100,100796,100,99677,100
2019-06-28 10:03:20.000000000,100192,151,100161,151,100268,151,100041,151,100348,151,100018,151,100381,151,99957,151,100467,151,99954,151,100545,100,99951,100,100593,100,99939,100,100637,100,99811,100,100711,100,99704,100,100796,100,99677,100
2019-06-28 10:03:30.000000000,100192,151,100161,151,100268,151,100041,151,100348,151,100018,151,100381,151,99957,151,100467,151,99954,151,100545,100,99951,100,100593,100,99939,100,100637,100,99811,100,100711,100,99704,100,100796,100,99677,100
2019-06-28 10:03:40.000000000,100192,164,100161,164,100268,164,100041,164,100348,164,100018,164,100381,164,99957,164,100467,100,99954,100,100545,100,99951,100,100593,100,99939,100,100637,100,99811,100,100711,100,99704,100,100796,100,99677,100
2019-06-28 10:03:42.462599287,100191,100,100161,64,100192,164,100041,164,100268,164,100018,164,100348,164,99957,164,100381,164,99954,100,100467,100,99951,100,100545,100,99939,100,100593,100,99811,100,100637,100,99704,100,100711,100,99677,100
2019-06-28 10:03:44.139184630,100191,100,100161,64,100192,164,100041,164,100268,164,100018,164,100348,164,99957,164,100381,164,99954,100,100467,100,99951,100,100545,100,99939,100,100637,100,99811,100,100711,100,99704,100,100796,100,99677,100
2019-06-28 10:03:50.000000000,100191,151,100041,151,100192,151,100018,151,100268,151,99957,151,100348,151,99954,151,100381,151,99951,151,100467,100,99939,100,100545,100,99811,100,100637,100,99704,100,100711,100,99677,100,100796,100,99542,100
2019-06-28 10:04:00.000000000,100191,151,100041,151,100192,151,100018,151,100268,151,99957,151,100348,151,99954,151,100381,151,99951,151,100467,100,99939,100,100545,100,99811,100,100637,100,99704,100,100711,100,99677,100,100796,100,99542,100
2019-06-28 10:04:10.000000000,100191,356,100041,356,100192,100,100018,100,100268,100,99957,100,100348,100,99954,100,100381,100,99951,100,100467,100,99939,100,100545,100,99811,100,100637,100,99704,100,100711,100,99677,100,100796,100,99542,100
2019-06-28 10:04:12.766359254,100191,356,100041,256,100192,100,100018,100,100268,100,99957,100,100348,100,99954,100,100381,100,99951,100,100467,100,99939,100,100545,100,99811,100,100637,100,99704,100,100711,100,99677,100,100796,100,99542,100
2019-06-28 10:04:20.000000000,100191,356,100018,356,100192,100,99957,100,100268,100,99954,100,100348,100,99951,100,100381,100,99939,100,100467,100,99811,100,100545,100,99704,100,100637,100,99677,100,100711,100,99542,100,100796,100,99503,100
2019-06-28 10:04:20.806784517,100181,100,100018,356,100191,356,99957,100,100192,100,99954,100,100268,100,99951,100,100348,100,99939,100,100381,100,99811,100,100467,100,99704,100,100545,100,99677,100,100637,100,99542,100,100711,100,99503,100
2019-06-28 10:04:30.000000000,100181,228,100018,228,100191,228,99957,228,100192,100,99954,100,100268,100,99951,100,100348,100,99939,100,100381,100,99811,100,100467,100,99704,100,100545,100,99677,100,100637,100,99542,100,100711,100,99503,100
2019-06-28 10:04:35.458385812,100181,228,100018,128,100191,228,99957,228,100192,100,99954,100,100268,100,99951,100,100348,100,99939,100,100381,100,99811,100,100467,100,99704,100,100545,100,99677,100,100637,100,99542,100,100711,100,99503,100
2019-06-28 10:04:39.562883969,100181,228,100018,128,100191,228,99957,228,100192,100,99954,100,100268,100,99939,100,100348,100,99811,100,100381,100,99704,100,100467,100,99677,100,100545,100,99542,100,100637,100,99503,100,100711,100,99353,100
2019-06-28 10:04:40.000000000,100181,164,99957,164,100191,164,99954,164,100192,164,99939,164,100268,164,99811,164,100348,100,99704,100,100381,100,99677,100,100467,100,99542,100,100545,100,99503,100,100637,100,99353,100,100711,100,,
2019-06-28 10:04:50.000000000,100181,151,99957,151,100191,151,99954,151,100192,151,99939,151,100268,151,99811,151,100348,151,99704,151,100381,100,99677,100,100467,100,99542,100,100545,100,99503,100,100637,100,99353,100,100711,100,,
2019-06-28 10:05:00.000000000,100181,164,99957,164,100191,164,99954,164,100192,164,99939,164,100268,164,99811,164,100348,100,99704,100,100381,100,99677,100,100467,100,99542,100,100545,100,99503,100,100637,100,99353,100,100711,100,,
2019-06-28 10:05:06.062760810,100161,100,99957,164,100181,164,99954,164,100191,164,99939,164,100192,164,99811,164,100268,164,99704,100,100348,100,99677,100,100381,100,99542,100,100467,100,99503,100,100545,100,99353,100,100637,100,,
2019-06-28 10:05:08.455979458,100161,100,99957,164,100181,164,99954,164,100191,164,99939,164,100192,164,99811,164,100268,164,99704,100,100348,100,99677,100,100381,100,99542,100,100467,100,99503,100,100545,100,99416,100,100637,100,99353,100
2019-06-28 10:05:10.000000000,100161,187,99957,187,100181,184,99954,184,100191,184,99939,184,100192,100,99811,100,100268,100,99704,100,100348,100,99677,100,100381,100,99542,100,100467,100,99503,100,100545,100,99416,100,100637,100,99353,100
2019-06-28 10:05:20.000000000,100161,356,99957,356,100181,100,99954,100,100191,100,99939,100,100192,100,99811,100,100268,100,99704,100,100348,100,99677,100,100381,100,99542,100,100467,100,99503,100,100545,100,99416,100,100637,100,99353,100
2019-06-28 10:05:30.000000000,100161,187,99957,187,100181,184,99954,184,100191,184,99939,184,100192,100,99811,100,100268,100,99704,100,100348,100,99677,100,100381,100,99542,100,100467,100,99503,100,100545,100,99416,100,100637,100,99353,100
2019-06-28 10:05:40.000000000,100161,151,99957,151,100181,151,99954,151,100191,151,99939,151,100192,151,99811,151,100268,151,99704,151,100348,100,99677,100,100381,100,99542,100,100467,100,99503,100,100545,100,99416,100,100637,100,99353,100
2019-06-28 10:05:49.164420962,100161,151,99957,51,100181,151,99954,151,100191,151,99939,151,100192,151,99811,51,100268,151,99704,151,100348,100,99677,100,100381,100,99542,100,100467,100,99503,100,100545,100,99416,100,100637,100,99353,100
2019-06-28 10:05:49.428267700,100161,151,99957,51,100181,151,99954,151,100191,151,99939,151,100192,151,99811,51,100268,151,99772,100,100348,100,99704,151,100381,100,99677,100,100467,100,99542,100,100545,100,99416,100,100637,100,99353,100
2019-06-28 10:05:50.000000000,100161,151,99954,151,100181,151,99939,151,100191,151,99772,151,100192,151,99704,151,100268,151,99677,151,100348,100,99542,100,100381,100,99416,100,100467,100,99353,100,100545,100,,,100637,100,,
2019-06-28 10:06:00.000000000,100161,151,99954,151,100181,151,99939,151,100191,151,99772,151,100192,151,99704,151,100268,151,99677,151,100348,100,99542,100,100381,100,99416,100,100467,100,99353,100,100545,100,,,100637,100,,
2019-06-28 10:06:08.097773953,100161,151,99954,151,100181,151,99939,151,100191,51,99772,151,100192,151,99704,151,100268,151,99677,151,100348,100,99542,100,100381,100,99416,100,100467,100,99353,100,100545,100,,,100637,100,,
2019-06-28 10:06:10.000000000,100161,228,99954,228,100181,228,99939,228,100192,100,99772,100,100268,100,99704,100,100348,100,99677,100,100381,100,99542,100,100467,100,99416,100,100545,100,99353,100,100637,100,,,100711,100,,
2019-06-28 10:06:20.000000000,100161,164,99954,164,100181,164,99939,164,100192,164,99772,164,100268,164,99704,164,100348,100,99677,100,100381,100,99542,100,100467,100,99416,100,100545,100,99353,100,100637,100,,,100711,100,,
2019-06-28 10:06:22.010723343,100161,164,99954,164,100174,100,99939,164,100181,164,99772,164,100192,164,99704,164,100268,164,99677,100,100348,100,99542,100,100381,100,99416,100,100467,100,99353,100,100545,100,,,100637,100,,
2019-06-28 10:06:30.000000000,100161,151,99954,151,100174,151,99939,151,100181,151,99772,151,100192,151,99704,151,100268,151,99677,151,100348,100,99542,100,100381,100,99416,100,100467,100,99353,100,100545,100,,,100637,100,,
2019-06-28 10:06:32.237474130,100161,151,99954,151,100174,151,99939,151,100181,151,99871,100,100192,151,99772,151,100268,151,99704,151,100348,100,99677,151,100381,100,99542,100,100467,100,99416,100,100545,100,99353,100,100637,100,,
2019-06-28 10:06:33.713929818,100161,151,99954,51,100174,151,99939,151,100181,151,99871,100,100192,151,99772,151,100268,151,99704,151,100304,100,99677,151,100348,100,99542,100,100381,100,99416,100,100467,100,99353,100,100545,100,,
2019-06-28 10:06:40.000000000,100161,228,99939,228,100174,228,99871,228,100181,100,99772,100,100192,100,99704,100,100268,100,99677,100,100304,100,99542,100,100348,100,99416,100,100381,100,99353,100,100467,100,,,100545,100,,
2019-06-28 10:06:46.944126370,100161,228,99939,228,100174,228,99871,228,100181,100,99772,100,100192,100,99704,100,100244,100,99677,100,100268,100,99542,100,100304,100,99416,100,100348,100,99353,100,100381,100,,,100467,100,,
2019-06-28 10:06:50.000000000,100161,187,99939,187,100174,184,99871,184,100181,184,99772,184,100192,100,99704,100,100244,100,99677,100,100268,100,99542,100,100304,100,99416,100,100348,100,99353,100,100381,100,,,100467,100,,
2019-06-28 10:07:00.000000000,100161,228,99939,228,100174,228,99871,228,100181,100,99772,100,100192,100,99704,100,100244,100,99677,100,100268,100,99542,100,100304,100,99416,100,100348,100,99353,100,100381,100,,,100467,100,,
2019-06-28 10:07:09.853308338,100161,228,99939,128,100174,228,99871,228,100181,100,99772,100,100192,100,99704,100,100268,100,99677,100,100304,100,99542,100,100348,100,99416,100,100381,100,99353,100,100467,100,,,100545,100,,
2019-06-28 10:07:10.000000000,100161,151,99871,151,100174,151,99772,151,100181,151,99704,151,100192,151,99677,151,100268,151,99542,151,100304,100,99416,100,100348,100,99353,100,100381,100,,,100467,100,,,100545,100,,
2019-06-28 10:07:12.671366951,99939,100,99871,151,100161,151,99772,151,100174,151,99704,151,100181,151,99677,151,100192,151,99542,151,100268,151,99416,100,100304,100,99353,100,100348,100,,,100381,100,,,100467,100,,
2019-06-28 10:07:20.000000000,99939,356,99871,356,100161,100,99772,100,100174,100,99704,100,100181,100,99677,100,100192,100,99542,100,100268,100,99416,100,100304,100,99353,100,100348,100,,,100381,100,,,100467,100,,
2019-06-28 10:07:24.554756118,99939,356,99871,356,99957,100,99772,100,100161,100,99704,100,100174,100,99677,100,100181,100,99542,100,100192,100,99416,100,100268,100,99353,100,100304,100,,,100348,100,,,100381,100,,
2019-06-28 10:07:30.000000000,99939,356,99871,356,99957,100,99772,100,100161,100,99704,100,100174,100,99677,100,100181,100,99542,100,100192,100,99416,100,100268,100,99353,100,100304,100,,,100348,100,,,100381,100,,
