,ask_price_1,ask_size_1,bid_price_1,bid_size_1,ask_price_2,ask_size_2,bid_price_2,bid_size_2,ask_price_3,ask_size_3,bid_price_3,bid_size_3,ask_price_4,ask_size_4,bid_price_4,bid_size_4,ask_price_5,ask_size_5,bid_price_5,bid_size_5,ask_price_6,ask_size_6,bid_price_6,bid_size_6,ask_price_7,ask_size_7,bid_price_7,bid_size_7,ask_price_8,ask_size_8,bid_price_8,bid_size_8,ask_price_9,ask_size_9,bid_price_9,bid_size_9,ask_price_10,ask_size_10,bid_price_10,bid_size_10
2019-06-28 09:30:00.000000001,100027,100,99820,100,,,,,,,,,,,,,,,,,,,,,,,,,,,,,,,,,,,,
2019-06-28 09:30:00.000000002,100027,100,99897,100,,,99820,100,,,,,,,,,,,,,,,,,,,,,,,,,,,,,,,,
2019-06-28 09:30:00.000000007,100027,100,99897,100,,,99880,100,,,99820,100,,,,,,,,,,,,,,,,,,,,,,,,,,,,
2019-06-28 09:30:00.000000009,100027,100,99971,100,100109,100,99897,100,,,99880,100,,,99826,100,,,99820,100,,,,,,,,,,,,,,,,,,,,
2019-06-28 09:30:00.000000011,100027,100,99971,100,100036,100,99897,100,100109,100,99880,100,,,99826,100,,,99820,100,,,,,,,,,,,,,,,,,,,,
2019-06-28 09:30:00.000000014,100027,100,100016,100,100036,100,99971,100,100109,100,99897,100,100212,100,99880,100,,,99826,100,,,99820,100,,,,,,,,,,,,,,,,
2019-06-28 09:30:00.000000015,100027,100,100016,100,100036,100,99971,100,100060,100,99905,100,100109,100,99897,100,100212,100,99880,100,,,99826,100,,,99820,100,,,,,,,,,,,,
2019-06-28 09:30:00.000000017,100027,100,100016,100,100036,100,99998,100,100060,100,99971,100,100109,100,99905,100,100212,100,99897,100,,,99880,100,,,99826,100,,,99820,100,,,,,,,,
2019-06-28 09:30:00.000000019,100027,100,100016,100,100036,100,99998,100,100060,100,99985,100,100109,100,99971,100,100212,100,99905,100,,,99897,100,,,99880,100,,,99826,100,,,99820,100,,,,
2019-06-28 09:30:00.000000023,100027,100,100016,100,100036,100,99998,100,100060,100,99985,100,100102,100,99971,100,100109,100,99905,100,100212,100,99897,100,,,99880,100,,,99826,100,,,99820,100,,,,
2019-06-28 09:30:00.000000024,100036,100,100016,100,100060,100,99998,100,100102,100,99985,100,100109,100,99971,100,100212,100,99905,100,,,99897,100,,,99880,100,,,99826,100,,,99820,100,,,,
2019-06-28 09:30:00.000000025,100036,100,100016,100,100060,100,99998,100,100068,100,99985,100,100102,100,99971,100,100109,100,99905,100,100212,100,99897,100,,,99880,100,,,99826,100,,,99820,100,,,,
2019-06-28 09:30:00.000000029,100017,100,100016,100,100036,100,99998,100,100060,200,99985,100,100068,100,99971,100,100102,100,99905,100,100109,100,99897,100,100212,100,99880,100,,,99826,100,,,99820,100,,,,
2019-06-28 09:30:00.000000030,100017,100,100016,100,100028,100,99998,100,100036,100,99985,100,100060,200,99971,100,100068,100,99918,100,100102,100,99905,100,100109,100,99897,100,100212,100,99880,100,,,99826,100,,,99820,100
2019-06-28 09:30:00.000000031,100017,100,100016,100,100028,100,99998,100,100036,100,99985,100,100039,100,99971,100,100060,200,99918,100,100068,100,99905,100,100102,100,99897,100,100109,100,99880,100,100212,100,99826,100,,,99820,100
2019-06-28 09:30:00.000000032,100017,100,99998,100,100028,100,99985,100,100036,100,99971,100,100039,100,99923,100,100060,200,99918,100,100068,100,99905,100,100102,100,99897,100,100109,100,99880,100,100212,100,99826,100,,,99820,100
2019-06-28 09:30:00.000000036,100028,100,99998,100,100036,100,99985,100,100039,100,99971,100,100060,200,99923,100,100068,100,99918,100,100102,100,99905,100,100109,100,99897,100,100212,100,99880,100,,,99826,100,,,99820,100
2019-06-28 09:30:00.000000037,100028,100,99998,100,100036,100,99985,100,100039,100,99971,100,100060,200,99931,100,100068,100,99923,100,100102,100,99918,100,100109,100,99905,100,100212,100,99897,100,,,99880,100,,,99826,100
2019-06-28 09:30:00.000000038,100017,100,99998,100,100028,100,99985,100,100036,100,99971,100,100039,100,99931,100,100060,200,99923,100,100068,100,99918,100,100102,100,99905,100,100109,100,99897,100,100212,100,99880,100,,,99826,100
2019-06-28 09:30:00.000000039,100017,200,99998,100,100028,100,99985,100,100036,100,99971,100,100039,100,99931,100,100060,200,99923,100,100068,100,99920,100,100102,100,99918,100,100109,100,99905,100,100212,100,99897,100,,,99880,100
2019-06-28 09:30:00.000000045,100017,200,100016,100,100028,100,99998,100,100036,100,99985,100,100039,100,99971,100,100060,200,99931,100,100068,100,99923,100,100102,100,99920,100,100109,100,99918,100,100212,100,99905,100,,,99897,100
2019-06-28 09:30:00.000000047,100017,200,100016,100,100028,100,99998,100,100036,100,99985,100,100039,100,99971,100,100060,200,99931,100,100068,100,99923,100,100085,100,99920,100,100102,100,99918,100,100109,100,99905,100,100212,100,99897,100
2019-06-28 09:30:00.000000053,100017,200,100016,100,100028,100,99998,100,100036,100,99985,100,100039,100,99971,100,100060,200,99931,100,100068,100,99923,100,100085,100,99920,100,100102,100,99918,100,100109,100,99905,100,100162,100,99897,100
2019-06-28 09:30:00.000000055,100017,200,100016,100,100028,100,99998,100,100036,100,99985,100,100039,100,99976,100,100060,200,99971,100,100068,100,99931,100,100085,100,99923,100,100102,100,99920,100,100109,100,99918,100,100141,100,99905,100
2019-06-28 09:30:00.000000056,100017,300,100016,100,100028,100,99998,100,100036,100,99985,100,100039,100,99976,100,100060,200,99971,100,100068,100,99931,100,100085,100,99923,100,100102,100,99920,100,100109,100,99918,100,100141,100,99905,100
2019-06-28 09:30:00.000000060,100017,300,100016,200,100028,100,99998,100,100036,100,99985,100,100039,100,99976,100,100060,200,99971,100,100068,100,99931,100,100085,100,99923,100,100102,100,99920,100,100109,100,99918,100,100141,100,99905,100
2019-06-28 09:30:00.000000061,100017,400,100016,200,100028,100,99998,100,100036,100,99985,100,100039,100,99976,100,100060,200,99971,100,100068,100,99931,100,100085,100,99923,100,100102,100,99920,100,100109,100,99918,100,100141,100,99905,100
2019-06-28 09:30:00.000000064,100017,200,100016,200,100028,100,99998,100,100036,100,99985,100,100039,100,99976,100,100060,200,99971,100,100068,100,99931,100,100085,100,99923,100,100102,100,99920,100,100109,100,99918,100,100141,100,99905,100
2019-06-28 09:30:00.000000066,100017,200,100016,200,100028,100,99998,100,100036,100,99985,100,100039,100,99976,100,100060,200,99971,100,100068,100,99931,100,100085,100,99923,100,100102,100,99920,100,100109,100,99918,100,100141,100,99905,100
2019-06-28 09:30:00.000000071,100017,200,100016,200,100028,100,99998,100,100036,100,99985,100,100039,100,99976,100,100060,200,99971,100,100068,100,99931,100,100085,100,99923,100,100102,100,99920,100,100109,100,99918,100,100141,100,99905,100
2019-06-28 09:30:00.000000072,100017,200,100016,100,100028,100,99998,100,100036,100,99985,100,100039,100,99976,100,100060,200,99971,100,100068,100,99931,100,100085,100,99923,100,100102,100,99920,100,100109,100,99918,100,100141,100,99905,100
2019-06-28 09:30:00.000000074,100017,200,99998,100,100028,100,99985,100,100036,100,99976,100,100039,100,99971,100,100060,200,99931,100,100068,100,99923,100,100085,100,99920,100,100102,100,99918,100,100109,100,99905,100,100141,100,99897,100
2019-06-28 09:30:00.000000075,100017,200,99998,100,100028,100,99985,100,100036,100,99976,100,100039,100,99971,100,100060,200,99931,100,100068,100,99923,100,100085,100,99920,100,100102,100,99918,100,100109,100,99905,100,100141,100,99897,100
2019-06-28 09:30:00.000000076,100017,200,100009,100,100028,100,99998,100,100036,100,99985,100,100039,100,99976,100,100060,200,99971,100,100068,100,99931,100,100070,100,99923,100,100085,100,99920,100,100102,100,99918,100,100109,100,99905,100
2019-06-28 09:30:00.000000079,100017,200,99998,100,100028,100,99985,100,100036,100,99976,100,100039,100,99971,100,100060,200,99931,100,100068,100,99923,100,100070,100,99920,100,100072,100,99918,100,100085,100,99905,100,100102,100,99897,100
2019-06-28 09:30:00.000000081,100017,200,99998,100,100028,100,99985,100,100036,100,99976,100,100039,100,99971,100,100060,200,99963,100,100068,100,99931,100,100070,100,99923,100,100072,100,99920,100,100085,100,99918,100,100102,100,99905,100
2019-06-28 09:30:00.000000084,100017,200,99998,100,100028,100,99985,100,100036,100,99976,100,100039,100,99971,100,100060,200,99963,100,100068,100,99931,100,100070,100,99923,100,100072,100,99920,100,100085,100,99918,100,100102,100,99905,100
2019-06-28 09:30:00.000000087,100017,200,100009,100,100028,100,99998,100,100036,100,99985,100,100039,100,99976,100,100060,200,99971,100,100068,100,99963,100,100070,100,99931,100,100072,100,99923,100,100085,100,99920,100,100102,100,99918,100
2019-06-28 09:30:00.000000090,100017,200,100009,100,100028,100,99998,100,100036,100,99985,100,100039,100,99976,100,100060,200,99971,100,100068,100,99963,100,100070,100,99931,100,100072,100,99923,100,100085,100,99920,100,100101,100,99918,100
2019-06-28 09:30:00.000000091,100017,200,100009,100,100028,100,99998,100,100036,100,99985,100,100039,100,99976,100,100051,100,99971,100,100060,200,99963,100,100068,100,99931,100,100070,100,99923,100,100072,100,99920,100,100085,100,99918,100
2019-06-28 09:30:00.000000092,100017,200,100009,100,100028,100,100008,100,100036,100,99998,100,100039,100,99985,100,100051,100,99976,100,100060,200,99971,100,100068,100,99963,100,100070,100,99931,100,100072,100,99923,100,100085,100,99920,100
2019-06-28 09:30:00.000000093,100017,200,100009,100,100028,100,100008,100,100036,100,99998,100,100039,100,99985,100,100051,100,99976,100,100060,200,99971,100,100068,100,99963,100,100070,100,99931,100,100072,100,99923,100,100085,100,99920,100
2019-06-28 09:30:00.000000094,100017,100,100009,100,100028,100,100008,100,100036,100,99998,100,100039,100,99985,100,100051,100,99976,100,100060,200,99971,100,100068,100,99963,100,100070,100,99931,100,100072,100,99923,100,100085,100,99920,100
2019-06-28 09:30:00.000000095,100017,100,100009,100,100028,100,100008,100,100036,100,99998,100,100039,100,99985,100,100051,100,99976,100,100060,200,99971,100,100068,100,99963,100,100070,100,99931,100,100072,100,99923,100,100085,100,99920,100
2019-06-28 09:30:00.000000097,100028,100,100009,100,100036,100,100008,100,100039,100,99998,100,100051,100,99985,100,100060,200,99976,100,100068,100,99971,100,100070,100,99963,100,100072,100,99931,100,100085,100,99923,100,100101,100,99920,100
2019-06-28 09:30:00.000000098,100028,100,100009,100,100036,100,100008,100,100039,100,99998,100,100051,100,99985,100,100060,200,99980,100,100063,100,99976,100,100068,100,99971,100,100070,100,99963,100,100072,100,99931,100,100085,100,99923,100
2019-06-28 09:30:00.000000099,100028,100,100017,100,100036,100,100009,100,100039,100,100008,100,100051,100,99998,100,100060,200,99985,100,100063,100,99980,100,100068,100,99976,100,100070,100,99971,100,100072,100,99963,100,100085,100,99931,100
2019-06-28 09:30:10.000000000,100028,167,100017,167,100036,167,100009,167,100039,167,100008,167,100051,167,99998,167,100060,267,99985,167,100063,100,99980,100,100068,100,99976,100,100070,100,99971,100,100072,100,99963,100,100085,100,99931,100
2019-06-28 09:30:15.118339874,100028,67,100017,167,100036,167,100009,167,100039,167,100008,167,100051,167,99998,167,100060,267,99985,167,100063,100,99980,100,100068,100,99976,100,100070,100,99971,100,100072,100,99963,100,100085,100,99931,100
2019-06-28 09:30:19.639420854,100028,67,100017,167,100036,167,100009,167,100039,167,100008,167,100051,167,99998,167,100060,267,99985,167,100063,100,99980,100,100068,100,99976,100,100070,100,99971,100,100072,100,99963,100,100085,100,99923,100
2019-06-28 09:30:20.000000000,100036,267,100017,267,100039,267,100009,267,100051,100,100008,100,100060,200,99998,100,100063,100,99985,100,100068,100,99980,100,100070,100,99976,100,100072,100,99971,100,100085,100,99963,100,100101,100,99923,100
2019-06-28 09:30:30.000000000,100036,184,100017,184,100039,184,100009,184,100051,184,100008,184,100060,284,99998,184,100063,100,99985,100,100068,100,99980,100,100070,100,99976,100,100072,100,99971,100,100085,100,99963,100,100101,100,99923,100
2019-06-28 09:30:40.000000000,100036,184,100017,184,100039,184,100009,184,100051,184,100008,184,100060,284,99998,184,100063,100,99985,100,100068,100,99980,100,100070,100,99976,100,100072,100,99971,100,100085,100,99963,100,100101,100,99923,100
2019-06-28 09:30:40.405330249,100036,184,100017,184,100039,184,100009,184,100051,184,100008,184,100060,184,99998,184,100063,100,99985,100,100068,100,99980,100,100070,100,99976,100,100072,100,99971,100,100085,100,99963,100,100101,100,99923,100
2019-06-28 09:30:41.721504277,100036,84,100017,184,100039,184,100009,184,100051,184,100008,184,100060,184,99998,184,100063,100,99985,100,100068,100,99980,100,100070,100,99976,100,100072,100,99971,100,100085,100,99963,100,100101,100,99923,100
2019-06-28 09:30:50.000000000,100039,214,100017,214,100051,210,100009,210,100060,210,100008,210,100063,100,99998,100,100068,100,99985,100,100070,100,99980,100,100072,100,99976,100,100085,100,99971,100,100101,100,99963,100,100102,100,99923,100
2019-06-28 09:31:00.000000000,100039,214,100017,214,100051,210,100009,210,100060,210,100008,210,100063,100,99998,100,100068,100,99985,100,100070,100,99980,100,100072,100,99976,100,100085,100,99971,100,100101,100,99963,100,100102,100,99923,100
2019-06-28 09:31:10.000000000,100039,214,100017,214,100051,210,100009,210,100060,210,100008,210,100063,100,99998,100,100068,100,99985,100,100070,100,99980,100,100072,100,99976,100,100085,100,99971,100,100101,100,99963,100,100102,100,99923,100
2019-06-28 09:31:12.830207833,100039,214,100017,214,100051,210,100009,210,100060,210,100008,210,100063,100,99998,100,100068,100,99985,100,100070,100,99980,100,100072,100,99976,100,100085,100,99971,100,100102,100,99963,100,100109,100,99923,100
2019-06-28 09:31:20.000000000,100039,434,100017,434,100051,100,100009,100,100060,100,100008,100,100063,100,99998,100,100068,100,99985,100,100070,100,99980,100,100072,100,99976,100,100085,100,99971,100,100102,100,99963,100,100109,100,99923,100
2019-06-28 09:31:25.139353464,100039,334,100017,434,100051,100,100009,100,100060,100,100008,100,100063,100,99998,100,100068,100,99985,100,100070,100,99980,100,100072,100,99976,100,100085,100,99971,100,100102,100,99963,100,100109,100,99923,100
2019-06-28 09:31:29.022311991,100039,334,100017,434,100051,100,100009,100,100060,100,100008,100,100063,100,99998,100,100068,100,99985,100,100070,100,99980,100,100072,100,99976,100,100085,100,99971,100,100102,100,99963,100,100109,100,99923,100
2019-06-28 09:31:30.000000000,100051,267,100017,267,100060,267,100009,267,100063,100,100008,100,100068,100,99998,100,100070,100,99985,100,100072,100,99980,100,100085,100,99976,100,100102,100,99971,100,100109,100,99963,100,100140,100,99923,100
2019-06-28 09:31:40.000000000,100051,434,100017,434,100060,100,100009,100,100063,100,100008,100,100068,100,99998,100,100070,100,99985,100,100072,100,99980,100,100085,100,99976,100,100102,100,99971,100,100109,100,99963,100,100140,100,99923,100
2019-06-28 09:31:50.000000000,100051,184,100017,184,100060,184,100009,184,100063,184,100008,184,100068,184,99998,184,100070,100,99985,100,100072,100,99980,100,100085,100,99976,100,100102,100,99971,100,100109,100,99963,100,100140,100,99923,100
2019-06-28 09:32:00.000000000,100051,267,100017,267,100060,267,100009,267,100063,100,100008,100,100068,100,99998,100,100070,100,99985,100,100072,100,99980,100,100085,100,99976,100,100102,100,99971,100,100109,100,99963,100,100140,100,99923,100
2019-06-28 09:32:10.000000000,100051,184,100017,184,100060,184,100009,184,100063,184,100008,184,100068,184,99998,184,100070,100,99985,100,100072,100,99980,100,100085,100,99976,100,100102,100,99971,100,100109,100,99963,100,100140,100,99923,100
2019-06-28 09:32:10.351217319,100051,184,100045,100,100060,184,100017,184,100063,184,100009,184,100068,184,100008,184,100070,100,99998,184,100072,100,99985,100,100085,100,99980,100,100102,100,99976,100,100109,100,99971,100,100140,100,99963,100
2019-06-28 09:32:20.000000000,100051,214,100045,214,100060,210,100017,210,100063,210,100009,210,100068,100,100008,100,100070,100,99998,100,100072,100,99985,100,100085,100,99980,100,100102,100,99976,100,100109,100,99971,100,100140,100,99963,100
2019-06-28 09:32:21.278080578,100051,214,100045,214,100060,210,100017,210,100063,210,100009,210,100068,100,100008,100,100072,100,99998,100,100085,100,99985,100,100102,100,99980,100,100109,100,99976,100,100140,100,99971,100,100141,100,99963,100
2019-06-28 09:32:30.000000000,100051,167,100045,167,100060,167,100017,167,100063,167,100009,167,100068,167,100008,167,100072,167,99998,167,100085,100,99985,100,100102,100,99980,100,100109,100,99976,100,100140,100,99971,100,100141,100,99963,100
2019-06-28 09:32:36.740690937,100051,167,100045,167,100060,167,100017,167,100063,167,100009,167,100068,167,100008,167,100072,167,99998,167,100085,100,99985,100,100102,100,99980,100,100109,100,99976,100,100140,100,99971,100,100141,100,99963,100
2019-06-28 09:32:40.000000000,100051,167,100045,167,100060,167,100017,167,100063,167,100009,167,100068,167,100008,167,100072,167,99998,167,100085,100,99985,100,100102,100,99980,100,100109,100,99976,100,100140,100,99971,100,100141,100,99963,100
2019-06-28 09:32:50.000000000,100051,184,100045,184,100060,184,100017,184,100063,184,100009,184,100068,184,100008,184,100072,100,99998,100,100085,100,99985,100,100102,100,99980,100,100109,100,99976,100,100140,100,99971,100,100141,100,99963,100
2019-06-28 09:33:00.000000000,100051,214,100045,214,100060,210,100017,210,100063,210,100009,210,100068,100,100008,100,100072,100,99998,100,100085,100,99985,100,100102,100,99980,100,100109,100,99976,100,100140,100,99971,100,100141,100,99963,100
2019-06-28 09:33:09.354944334,100051,214,100045,114,100060,210,100017,210,100063,210,100009,210,100068,100,100008,100,100072,100,99998,100,100085,100,99985,100,100102,100,99980,100,100109,100,99976,100,100140,100,99971,100,100141,100,99963,100
2019-06-28 09:33:10.000000000,100051,434,100017,434,100060,100,100009,100,100063,100,100008,100,100068,100,99998,100,100072,100,99985,100,100085,100,99980,100,100102,100,99976,100,100109,100,99971,100,100140,100,99963,100,100141,100,99920,100
2019-06-28 09:33:10.081928448,100051,434,100046,100,100060,100,100017,434,100063,100,100009,100,100068,100,100008,100,100072,100,99998,100,100085,100,99985,100,100102,100,99980,100,100109,100,99976,100,100140,100,99971,100,100141,100,99963,100
2019-06-28 09:33:20.000000000,100051,267,100046,267,100060,267,100017,267,100063,100,100009,100,100068,100,100008,100,100072,100,99998,100,100085,100,99985,100,100102,100,99980,100,100109,100,99976,100,100140,100,99971,100,100141,100,99963,100
2019-06-28 09:33:29.075228892,100051,267,100046,267,100060,267,100017,267,100063,100,100009,100,100068,100,100008,100,100072,100,99998,100,100085,100,99985,100,100102,100,99980,100,100109,100,99976,100,100140,100,99971,100,100141,100,99963,100
2019-06-28 09:33:30.000000000,100051,434,100046,434,100060,100,100017,100,100063,100,100009,100,100068,100,100008,100,100072,100,99998,100,100085,100,99985,100,100102,100,99980,100,100109,100,99976,100,100140,100,99971,100,100141,100,99963,100
2019-06-28 09:33:36.710096836,100051,434,100046,434,100060,100,100017,100,100063,100,100009,100,100068,100,100008,100,100072,100,99998,100,100085,100,99985,100,100102,100,99980,100,100109,100,99976,100,100140,100,99971,100,100141,100,99963,100
2019-06-28 09:33:37.907394746,100051,434,100046,434,100060,100,100017,100,100063,100,100009,100,100068,100,100008,100,100072,100,99998,100,100085,100,99985,100,100102,100,99980,100,100109,100,99976,100,100140,100,99971,100,100141,100,99963,100
2019-06-28 09:33:40.000000000,100051,167,100046,167,100060,167,100017,167,100063,167,100009,167,100068,167,100008,167,100072,167,99998,167,100085,100,99985,100,100102,100,99980,100,100109,100,99976,100,100140,100,99971,100,100141,100,99963,100
2019-06-28 09:33:50.000000000,100051,214,100046,214,100060,210,100017,210,100063,210,100009,210,100068,100,100008,100,100072,100,99998,100,100085,100,99985,100,100102,100,99980,100,100109,100,99976,100,100140,100,99971,100,100141,100,99963,100
2019-06-28 09:33:52.307038992,100051,214,100046,314,100060,210,100017,210,100063,210,100009,210,100068,100,100008,100,100072,100,99998,100,100085,100,99985,100,100102,100,99980,100,100109,100,99976,100,100140,100,99971,100,100141,100,99963,100
2019-06-28 09:34:00.000000000,100051,434,100046,534,100060,100,100017,100,100063,100,100009,100,100068,100,100008,100,100072,100,99998,100,100085,100,99985,100,100102,100,99980,100,100109,100,99976,100,100140,100,99971,100,100141,100,99963,100
2019-06-28 09:34:10.000000000,100051,267,100046,367,100060,267,100017,267,100063,100,100009,100,100068,100,100008,100,100072,100,99998,100,100085,100,99985,100,100102,100,99980,100,100109,100,99976,100,100140,100,99971,100,100141,100,99963,100
2019-06-28 09:34:10.992533492,100051,167,100046,367,100060,267,100017,267,100063,100,100009,100,100068,100,100008,100,100072,100,99998,100,100085,100,99985,100,100102,100,99980,100,100109,100,99976,100,100140,100,99971,100,100141,100,99963,100
2019-06-28 09:34:11.071061396,100051,67,100046,367,100060,267,100017,267,100063,100,100009,100,100068,100,100008,100,100072,100,99998,100,100085,100,99985,100,100102,100,99980,100,100109,100,99976,100,100141,100,99971,100,100161,100,99963,100
2019-06-28 09:34:19.404242028,100060,267,100051,33,100063,100,100046,367,100068,100,100017,267,100072,100,100009,100,100085,100,100008,100,100102,100,99998,100,100109,100,99985,100,100141,100,99980,100,100161,100,99976,100,100162,100,99971,100
2019-06-28 09:34:20.000000000,100060,434,100051,367,100063,100,100046,200,100068,100,100017,100,100072,100,100009,100,100085,100,100008,100,100102,100,99998,100,100109,100,99985,100,100141,100,99980,100,100161,100,99976,100,100162,100,99971,100
2019-06-28 09:34:24.172117276,100060,434,100051,367,100063,100,100046,200,100068,100,100017,100,100072,100,100009,100,100085,100,100008,100,100102,100,99998,100,100109,100,99985,100,100141,100,99980,100,100161,100,99971,100,100162,100,99963,100
2019-06-28 09:34:30.000000000,100060,214,100051,147,100063,210,100046,310,100068,210,100017,210,100072,100,100009,100,100085,100,100008,100,100102,100,99998,100,100109,100,99985,100,100141,100,99980,100,100161,100,99971,100,100162,100,99963,100
2019-06-28 09:34:34.408565209,100060,214,100051,247,100063,210,100046,310,100068,210,100017,210,100072,100,100009,100,100085,100,100008,100,100102,100,99998,100,100109,100,99985,100,100141,100,99980,100,100161,100,99971,100,100162,100,99963,100
2019-06-28 09:34:39.235499548,100060,114,100051,247,100063,210,100046,310,100068,210,100017,210,100072,100,100009,100,100085,100,100008,100,100102,100,99998,100,100109,100,99985,100,100141,100,99980,100,100161,100,99971,100,100162,100,99963,100
2019-06-28 09:34:39.256385256,100060,114,100051,247,100063,210,100046,310,100068,210,100017,210,100072,100,100009,100,100085,100,100008,100,100102,100,99998,100,100109,100,99985,100,100141,100,99980,100,100161,100,99971,100,100162,100,99963,100
2019-06-28 09:34:40.000000000,100063,214,100051,247,100068,210,100046,310,100072,210,100017,210,100085,100,100009,100,100102,100,100008,100,100109,100,99998,100,100141,100,99985,100,100161,100,99980,100,100162,100,99971,100,100175,100,99963,100
2019-06-28 09:34:48.823610515,100063,114,100051,247,100068,210,100046,310,100072,210,100017,210,100085,100,100009,100,100102,100,100008,100,100109,100,99998,100,100141,100,99985,100,100161,100,99980,100,100162,100,99971,100,100175,100,99963,100
2019-06-28 09:34:50.000000000,100068,214,100051,247,100072,210,100046,310,100085,210,100017,210,100102,100,100009,100,100109,100,100008,100,100141,100,99998,100,100161,100,99985,100,100162,100,99980,100,100175,100,99971,100,100179,100,99963,100
2019-06-28 09:35:00.000000000,100068,267,100051,300,100072,267,100046,367,100085,100,100017,100,100102,100,100009,100,100109,100,100008,100,100141,100,99998,100,100161,100,99985,100,100162,100,99980,100,100175,100,99971,100,100179,100,99963,100
2019-06-28 09:35:10.000000000,100068,184,100051,217,100072,184,100046,284,100085,184,100017,184,100102,184,100009,184,100109,100,100008,100,100141,100,99998,100,100161,100,99985,100,100162,100,99980,100,100175,100,99971,100,100179,100,99963,100
2019-06-28 09:35:20.000000000,100068,167,100051,200,100072,167,100046,267,100085,167,100017,167,100102,167,100009,167,100109,167,100008,167,100141,100,99998,100,100161,100,99985,100,100162,100,99980,100,100175,100,99971,100,100179,100,99963,100
2019-06-28 09:35:26.386904262,100068,167,100051,200,100072,167,100046,267,100085,167,100017,167,100102,167,100009,167,100109,167,100008,167,100141,100,99998,100,100161,100,99985,100,100162,100,99980,100,100175,100,99971,100,100179,100,99963,100
2019-06-28 09:35:30.000000000,100068,167,100051,200,100072,167,100046,267,100085,167,100017,167,100102,167,100009,167,100109,167,100008,167,100141,100,99998,100,100161,100,99985,100,100162,100,99980,100,100175,100,99971,100,100179,100,99963,100
2019-06-28 09:35:31.898756768,100068,167,100051,200,100072,167,100046,267,100085,167,100017,167,100102,167,100009,167,100109,167,100008,167,100141,100,99998,100,100161,100,99985,100,100162,100,99980,100,100175,100,99971,100,100179,100,99921,100
2019-06-28 09:35:40.000000000,100068,267,100051,300,100072,267,100046,367,100085,100,100017,100,100102,100,100009,100,100109,100,100008,100,100141,100,99998,100,100161,100,99985,100,100162,100,99980,100,100175,100,99971,100,100179,100,99921,100
2019-06-28 09:35:50.000000000,100068,267,100051,300,100072,267,100046,367,100085,100,100017,100,100102,100,100009,100,100109,100,100008,100,100141,100,99998,100,100161,100,99985,100,100162,100,99980,100,100175,100,99971,100,100179,100,99921,100
2019-06-28 09:35:58.378813281,100068,167,100051,300,100072,267,100046,367,100085,100,100017,100,100102,100,100009,100,100109,100,100008,100,100141,100,99998,100,100161,100,99985,100,100162,100,99980,100,100175,100,99971,100,100179,100,99921,100
2019-06-28 09:36:00.000000000,100072,184,100051,217,100085,184,100046,284,100102,184,100017,184,100109,184,100009,184,100141,100,100008,100,100161,100,99998,100,100162,100,99985,100,100175,100,99980,100,100179,100,99971,100,100212,100,99921,100
2019-06-28 09:36:07.929030188,100072,184,100051,217,100085,184,100046,284,100102,184,100017,184,100109,184,100009,184,100141,100,100008,100,100161,100,99998,100,100162,100,99985,100,100175,100,99980,100,100179,100,99971,100,100212,100,99921,100
2019-06-28 09:36:10.000000000,100072,434,100051,467,100085,100,100046,200,100102,100,100017,100,100109,100,100009,100,100141,100,100008,100,100161,100,99998,100,100162,100,99985,100,100175,100,99980,100,100179,100,99971,100,100212,100,99921,100
2019-06-28 09:36:16.567266499,100072,334,100051,467,100085,100,100046,200,100102,100,100017,100,100109,100,100009,100,100141,100,100008,100,100161,100,99998,100,100162,100,99985,100,100175,100,99980,100,100179,100,99971,100,100212,100,99921,100
2019-06-28 09:36:20.000000000,100085,167,100051,200,100102,167,100046,267,100109,167,100017,167,100141,167,100009,167,100161,167,100008,167,100162,100,99998,100,100175,100,99985,100,100179,100,99980,100,100212,100,99971,100,100244,100,99921,100
2019-06-28 09:36:30.000000000,100085,214,100051,247,100102,210,100046,310,100109,210,100017,210,100141,100,100009,100,100161,100,100008,100,100162,100,99998,100,100175,100,99985,100,100179,100,99980,100,100212,100,99971,100,100244,100,99921,100
2019-06-28 09:36:31.716181696,100085,214,100051,247,100102,210,100046,310,100109,210,100017,210,100141,100,100009,100,100161,100,100008,100,100162,100,99998,100,100169,100,99985,100,100175,100,99980,100,100179,100,99971,100,100212,100,99921,100
2019-06-28 09:36:37.886639847,100085,214,100068,100,100102,210,100051,247,100109,210,100046,310,100141,100,100017,210,100161,100,100009,100,100162,100,100008,100,100169,100,99998,100,100175,100,99985,100,100179,100,99980,100,100212,100,99971,100
2019-06-28 09:36:40.000000000,100085,167,100068,167,100102,167,100051,200,100109,167,100046,267,100141,167,100017,167,100161,167,100009,167,100162,100,100008,100,100169,100,99998,100,100175,100,99985,100,100179,100,99980,100,100212,100,99971,100
2019-06-28 09:36:50.000000000,100085,167,100068,167,100102,167,100051,200,100109,167,100046,267,100141,167,100017,167,100161,167,100009,167,100162,100,100008,100,100169,100,99998,100,100175,100,99985,100,100179,100,99980,100,100212,100,99971,100
2019-06-28 09:37:00.000000000,100085,214,100068,214,100102,210,100051,243,100109,210,100046,310,100141,100,100017,100,100161,100,100009,100,100162,100,100008,100,100169,100,99998,100,100175,100,99985,100,100179,100,99980,100,100212,100,99971,100
2019-06-28 09:37:10.000000000,100085,167,100068,167,100102,167,100051,200,100109,167,100046,267,100141,167,100017,167,100161,167,100009,167,100162,100,100008,100,100169,100,99998,100,100175,100,99985,100,100179,100,99980,100,100212,100,99971,100
2019-06-28 09:37:16.522694593,100085,167,100068,67,100102,167,100051,200,100109,167,100046,267,100141,167,100017,167,100161,167,100009,167,100162,100,100008,100,100169,100,99998,100,100175,100,99985,100,100179,100,99980,100,100212,100,99971,100
2019-06-28 09:37:20.000000000,100085,167,100051,200,100102,167,100046,267,100109,167,100017,167,100141,167,100009,167,100161,167,100008,167,100162,100,99998,100,100169,100,99985,100,100175,100,99980,100,100179,100,99971,100,100212,100,99921,100
2019-06-28 09:37:30.000000000,100085,434,100051,467,100102,100,100046,200,100109,100,100017,100,100141,100,100009,100,100161,100,100008,100,100162,100,99998,100,100169,100,99985,100,100175,100,99980,100,100179,100,99971,100,100212,100,99921,100
2019-06-28 09:37:40.000000000,100085,184,100051,217,100102,184,100046,284,100109,184,100017,184,100141,184,100009,184,100161,100,100008,100,100162,100,99998,100,100169,100,99985,100,100175,100,99980,100,100179,100,99971,100,100212,100,99921,100
2019-06-28 09:37:50.000000000,100085,214,100051,247,100102,210,100046,310,100109,210,100017,210,100141,100,100009,100,100161,100,100008,100,100162,100,99998,100,100169,100,99985,100,100175,100,99980,100,100179,100,99971,100,100212,100,99921,100
2019-06-28 09:37:56.822307064,100085,214,100051,247,100102,210,100046,310,100109,210,100017,210,100141,100,100009,100,100161,100,100008,100,100162,100,99998,100,100169,100,99985,100,100175,100,99980,100,100179,100,99971,100,100212,100,99921,100
2019-06-28 09:38:00.000000000,100085,214,100051,247,100102,210,100046,310,100109,210,100017,210,100141,100,100009,100,100161,100,100008,100,100162,100,99998,100,100169,100,99985,100,100175,100,99980,100,100179,100,99971,100,100212,100,99921,100
2019-06-28 09:38:07.404531347,100085,214,100051,147,100102,210,100046,310,100109,210,100017,210,100141,100,100009,100,100161,100,100008,100,100162,100,99998,100,100169,100,99985,100,100175,100,99971,100,100179,100,99921,100,100212,100,99918,100
2019-06-28 09:38:10.000000000,100085,267,100051,200,100102,267,100046,367,100109,100,100017,100,100141,100,100009,100,100161,100,100008,100,100162,100,99998,100,100169,100,99985,100,100175,100,99971,100,100179,100,99921,100,100212,100,99918,100
2019-06-28 09:38:20.000000000,100085,267,100051,200,100102,267,100046,367,100109,100,100017,100,100141,100,100009,100,100161,100,100008,100,100162,100,99998,100,100169,100,99985,100,100175,100,99971,100,100179,100,99921,100,100212,100,99918,100
2019-06-28 09:38:30.000000000,100085,214,100051,147,100102,210,100046,310,100109,210,100017,210,100141,100,100009,100,100161,100,100008,100,100162,100,99998,100,100169,100,99985,100,100175,100,99971,100,100179,100,99921,100,100212,100,99918,100
2019-06-28 09:38:38.503681879,100085,214,100051,147,100102,210,100046,310,100109,210,100017,210,100141,100,100009,100,100161,100,100008,100,100162,100,99998,100,100169,100,99985,100,100175,100,99971,100,100179,100,99921,100,100212,100,99918,100
2019-06-28 09:38:40.000000000,100085,184,100051,117,100102,184,100046,284,100109,184,100017,184,100141,184,100009,184,100161,100,100008,100,100162,100,99998,100,100169,100,99985,100,100175,100,99971,100,100179,100,99921,100,100212,100,99918,100
2019-06-28 09:38:43.954938472,100085,184,100051,17,100102,184,100046,284,100109,184,100017,184,100141,184,100009,184,100161,100,100008,100,100162,100,99998,100,100169,100,99985,100,100175,100,99971,100,100179,100,99921,100,100244,100,99918,100
2019-06-28 09:38:50.000000000,100085,267,100046,367,100102,267,100017,267,100109,100,100009,100,100141,100,100008,100,100161,100,99998,100,100162,100,99985,100,100169,100,99971,100,100175,100,99921,100,100179,100,99918,100,100244,100,99908,100
2019-06-28 09:39:00.000000000,100085,184,100046,284,100102,184,100017,184,100109,184,100009,184,100141,184,100008,184,100161,100,99998,100,100162,100,99985,100,100169,100,99971,100,100175,100,99921,100,100179,100,99918,100,100244,100,99908,100
2019-06-28 09:39:02.750069908,100085,184,100046,184,100102,184,100017,184,100109,184,100009,184,100141,184,100008,184,100161,100,99998,100,100162,100,99985,100,100169,100,99971,100,100175,100,99921,100,100179,100,99918,100,100244,100,99908,100
2019-06-28 09:39:10.000000000,100085,434,100046,434,100102,100,100017,100,100109,100,100009,100,100141,100,100008,100,100161,100,99998,100,100162,100,99985,100,100169,100,99971,100,100175,100,99921,100,100179,100,99918,100,100244,100,99908,100
2019-06-28 09:39:12.442300743,100085,434,100046,434,100102,100,100017,100,100109,100,100009,100,100141,100,99998,100,100161,100,99985,100,100162,100,99971,100,100169,100,99921,100,100175,100,99918,100,100179,100,99908,100,100244,100,99905,100
2019-06-28 09:39:12.912398591,100051,100,100046,434,100085,434,100017,100,100102,100,100009,100,100109,100,99998,100,100141,100,99985,100,100161,100,99971,100,100162,100,99921,100,100169,100,99918,100,100175,100,99908,100,100179,100,99905,100
2019-06-28 09:39:20.000000000,100051,214,100046,214,100085,210,100017,210,100102,210,100009,210,100109,100,99998,100,100141,100,99985,100,100161,100,99971,100,100162,100,99921,100,100169,100,99918,100,100175,100,99908,100,100179,100,99905,100
2019-06-28 09:39:30.000000000,100051,184,100046,184,100085,184,100017,184,100102,184,100009,184,100109,184,99998,184,100141,100,99985,100,100161,100,99971,100,100162,100,99921,100,100169,100,99918,100,100175,100,99908,100,100179,100,99905,100
2019-06-28 09:39:40.000000000,100051,167,100046,167,100085,167,100017,167,100102,167,100009,167,100109,167,99998,167,100141,167,99985,167,100161,100,99971,100,100162,100,99921,100,100169,100,99918,100,100175,100,99908,100,100179,100,99905,100
2019-06-28 09:39:40.920924349,100051,167,100046,67,100085,167,100017,167,100102,167,100009,167,100109,167,99998,167,100141,167,99985,167,100161,100,99971,100,100162,100,99921,100,100169,100,99918,100,100175,100,99908,100,100179,100,99905,100
2019-06-28 09:39:50.000000000,100051,167,100017,167,100085,167,100009,167,100102,167,99998,167,100109,167,99985,167,100141,167,99971,167,100161,100,99921,100,100162,100,99918,100,100169,100,99908,100,100175,100,99905,100,100179,100,99904,100
2019-06-28 09:39:55.581105475,100051,167,100017,167,100085,167,100009,167,100102,167,99998,167,100109,167,99985,167,100141,167,99971,167,100161,100,99921,100,100162,100,99918,100,100169,100,99908,100,100175,100,99905,100,100179,100,99904,100
2019-06-28 09:40:00.000000000,100051,434,100017,434,100085,100,100009,100,100102,100,99998,100,100109,100,99985,100,100141,100,99971,100,100161,100,99921,100,100162,100,99918,100,100169,100,99908,100,100175,100,99905,100,100179,100,99904,100
2019-06-28 09:40:03.739164788,100051,434,100047,100,100085,100,100017,434,100102,100,100009,100,100109,100,99998,100,100141,100,99985,100,100161,100,99971,100,100162,100,99921,100,100169,100,99918,100,100175,100,99908,100,100179,100,99905,100
2019-06-28 09:40:10.000000000,100051,434,100047,434,100085,100,100017,100,100102,100,100009,100,100109,100,99998,100,100141,100,99985,100,100161,100,99971,100,100162,100,99921,100,100169,100,99918,100,100175,100,99908,100,100179,100,99905,100
2019-06-28 09:40:20.000000000,100051,167,100047,167,100085,167,100017,167,100102,167,100009,167,100109,167,99998,167,100141,167,99985,167,100161,100,99971,100,100162,100,99921,100,100169,100,99918,100,100175,100,99908,100,100179,100,99905,100
2019-06-28 09:40:30.000000000,100051,167,100047,167,100085,167,100017,167,100102,167,100009,167,100109,167,99998,167,100141,167,99985,167,100161,100,99971,100,100162,100,99921,100,100169,100,99918,100,100175,100,99908,100,100179,100,99905,100
2019-06-28 09:40:40.000000000,100051,214,100047,214,100085,210,100017,210,100102,210,100009,210,100109,100,99998,100,100141,100,99985,100,100161,100,99971,100,100162,100,99921,100,100169,100,99918,100,100175,100,99908,100,100179,100,99905,100
2019-06-28 09:40:46.021876685,100051,214,100047,114,100085,210,100017,210,100102,210,100009,210,100109,100,99998,100,100141,100,99985,100,100161,100,99971,100,100162,100,99921,100,100169,100,99918,100,100175,100,99908,100,100179,100,99905,100
2019-06-28 09:40:50.000000000,100051,167,100017,167,100085,167,100009,167,100102,167,99998,167,100109,167,99985,167,100141,167,99971,167,100161,100,99921,100,100162,100,99918,100,100169,100,99908,100,100175,100,99905,100,100179,100,99904,100
2019-06-28 09:40:53.569169844,100051,167,100017,167,100085,167,100009,167,100102,167,99998,167,100109,167,99985,167,100141,167,99971,167,100161,100,99921,100,100162,100,99918,100,100169,100,99908,100,100175,100,99905,100,100179,100,99904,100
2019-06-28 09:41:00.000000000,100051,214,100017,214,100085,210,100009,210,100102,210,99998,210,100109,100,99985,100,100141,100,99971,100,100161,100,99921,100,100162,100,99918,100,100169,100,99908,100,100175,100,99905,100,100179,100,99904,100
2019-06-28 09:41:10.000000000,100051,434,100017,434,100085,100,100009,100,100102,100,99998,100,100109,100,99985,100,100141,100,99971,100,100161,100,99921,100,100162,100,99918,100,100169,100,99908,100,100175,100,99905,100,100179,100,99904,100
2019-06-28 09:41:12.136616089,100051,434,100017,334,100085,100,100009,100,100109,100,99998,100,100141,100,99985,100,100161,100,99971,100,100162,100,99921,100,100169,100,99918,100,100175,100,99908,100,100179,100,99905,100,100244,100,99904,100
2019-06-28 09:41:20.000000000,100051,434,100009,434,100085,100,99998,100,100109,100,99985,100,100141,100,99971,100,100161,100,99921,100,100162,100,99918,100,100169,100,99908,100,100175,100,99905,100,100179,100,99904,100,100244,100,99891,100
2019-06-28 09:41:30.000000000,100051,434,100009,434,100085,100,99998,100,100109,100,99985,100,100141,100,99971,100,100161,100,99921,100,100162,100,99918,100,100169,100,99908,100,100175,100,99905,100,100179,100,99904,100,100244,100,99891,100
2019-06-28 09:41:39.012892480,100047,100,100009,434,100051,434,99998,100,100085,100,99985,100,100109,100,99971,100,100141,100,99921,100,100161,100,99918,100,100162,100,99908,100,100169,100,99905,100,100175,100,99904,100,100179,100,99891,100
2019-06-28 09:41:40.000000000,100047,167,100009,167,100051,167,99998,167,100085,167,99985,167,100109,167,99971,167,100141,167,99921,167,100161,100,99918,100,100162,100,99908,100,100169,100,99905,100,100175,100,99904,100,100179,100,99891,100
2019-06-28 09:41:50.000000000,100047,214,100009,214,100051,210,99998,210,100085,210,99985,210,100109,100,99971,100,100141,100,99921,100,100161,100,99918,100,100162,100,99908,100,100169,100,99905,100,100175,100,99904,100,100179,100,99891,100
2019-06-28 09:41:58.637340910,100047,114,100009,214,100051,210,99998,210,100085,210,99985,210,100109,100,99971,100,100141,100,99921,100,100161,100,99918,100,100162,100,99908,100,100169,100,99905,100,100175,100,99904,100,100179,100,99891,100
2019-06-28 09:42:00.000000000,100051,184,100009,184,100085,184,99998,184,100109,184,99985,184,100141,184,99971,184,100161,100,99921,100,100162,100,99918,100,100169,100,99908,100,100175,100,99905,100,100179,100,99904,100,100244,100,99891,100
2019-06-28 09:42:10.000000000,100051,267,100009,267,100085,267,99998,267,100109,100,99985,100,100141,100,99971,100,100161,100,99921,100,100162,100,99918,100,100169,100,99908,100,100175,100,99905,100,100179,100,99904,100,100244,100,99891,100
2019-06-28 09:42:20.000000000,100051,434,100009,434,100085,100,99998,100,100109,100,99985,100,100141,100,99971,100,100161,100,99921,100,100162,100,99918,100,100169,100,99908,100,100175,100,99905,100,100179,100,99904,100,100244,100,99891,100
2019-06-28 09:42:30.000000000,100051,167,100009,167,100085,167,99998,167,100109,167,99985,167,100141,167,99971,167,100161,167,99921,167,100162,100,99918,100,100169,100,99908,100,100175,100,99905,100,100179,100,99904,100,100244,100,99891,100
2019-06-28 09:42:40.000000000,100051,267,100009,267,100085,267,99998,267,100109,100,99985,100,100141,100,99971,100,100161,100,99921,100,100162,100,99918,100,100169,100,99908,100,100175,100,99905,100,100179,100,99904,100,100244,100,99891,100
2019-06-28 09:42:50.000000000,100051,267,100009,267,100085,267,99998,267,100109,100,99985,100,100141,100,99971,100,100161,100,99921,100,100162,100,99918,100,100169,100,99908,100,100175,100,99905,100,100179,100,99904,100,100244,100,99891,100
2019-06-28 09:43:00.000000000,100051,167,100009,167,100085,167,99998,167,100109,167,99985,167,100141,167,99971,167,100161,167,99921,167,100162,100,99918,100,100169,100,99908,100,100175,100,99905,100,100179,100,99904,100,100244,100,99891,100
2019-06-28 09:43:03.041715596,100051,167,100009,167,100085,167,99998,167,100109,167,99985,167,100141,167,99971,167,100161,167,99921,167,100162,100,99918,100,100169,100,99908,100,100175,100,99905,100,100179,100,99904,100,100244,100,99891,100
2019-06-28 09:43:05.220134659,100051,167,100018,100,100085,167,100009,167,100109,167,99998,167,100141,167,99985,167,100161,167,99971,167,100162,100,99921,167,100169,100,99918,100,100175,100,99908,100,100179,100,99905,100,100244,100,99904,100
2019-06-28 09:43:10.000000000,100051,267,100018,267,100085,267,100009,267,100109,100,99998,100,100141,100,99985,100,100161,100,99971,100,100162,100,99921,100,100169,100,99918,100,100175,100,99908,100,100179,100,99905,100,100244,100,99904,100
2019-06-28 09:43:11.860182862,100051,267,100018,267,100085,267,100009,267,100109,100,99998,100,100141,100,99985,100,100161,100,99971,100,100169,100,99921,100,100175,100,99918,100,100179,100,99908,100,100244,100,99905,100,100326,100,99904,100
2019-06-28 09:43:20.000000000,100051,214,100018,214,100085,210,100009,210,100109,210,99998,210,100141,100,99985,100,100161,100,99971,100,100169,100,99921,100,100175,100,99918,100,100179,100,99908,100,100244,100,99905,100,100326,100,99904,100
2019-06-28 09:43:20.018165705,100051,214,100018,214,100085,210,100009,210,100109,210,99998,210,100141,100,99985,100,100161,100,99971,100,100169,100,99921,100,100175,100,99918,100,100179,100,99908,100,100244,100,99905,100,100326,100,99904,100
2019-06-28 09:43:30.000000000,100051,167,100018,167,100085,167,100009,167,100109,167,99998,167,100141,167,99985,167,100161,167,99971,167,100169,100,99921,100,100175,100,99918,100,100179,100,99908,100,100244,100,99905,100,100326,100,99904,100
2019-06-28 09:43:40.000000000,100051,214,100018,214,100085,210,100009,210,100109,210,99998,210,100141,100,99985,100,100161,100,99971,100,100169,100,99921,100,100175,100,99918,100,100179,100,99908,100,100244,100,99905,100,100326,100,99904,100
2019-06-28 09:43:40.056131931,100051,214,100018,214,100085,210,100009,210,100109,210,99998,210,100141,100,99985,100,100161,100,99971,100,100169,100,99921,100,100175,100,99908,100,100179,100,99905,100,100244,100,99904,100,100326,100,99891,100
2019-06-28 09:43:50.000000000,100051,167,100018,167,100085,167,100009,167,100109,167,99998,167,100141,167,99985,167,100161,167,99971,167,100169,100,99921,100,100175,100,99908,100,100179,100,99905,100,100244,100,99904,100,100326,100,99891,100
2019-06-28 09:43:59.719309201,100051,67,100018,167,100085,167,100009,167,100109,167,99998,167,100141,167,99985,167,100161,167,99971,167,100169,100,99921,100,100175,100,99908,100,100179,100,99905,100,100244,100,99904,100,100326,100,99891,100
2019-06-28 09:44:00.000000000,100085,434,100018,434,100109,100,100009,100,100141,100,99998,100,100161,100,99985,100,100169,100,99971,100,100175,100,99921,100,100179,100,99908,100,100244,100,99905,100,100326,100,99904,100,100449,100,99891,100
2019-06-28 09:44:06.367167594,100085,434,100018,434,100109,100,100009,100,100141,100,99998,100,100161,100,99971,100,100169,100,99921,100,100175,100,99908,100,100179,100,99905,100,100244,100,99904,100,100326,100,99891,100,100449,100,99874,100
2019-06-28 09:44:10.000000000,100085,214,100018,214,100109,210,100009,210,100141,210,99998,210,100161,100,99971,100,100169,100,99921,100,100175,100,99908,100,100179,100,99905,100,100244,100,99904,100,100326,100,99891,100,100449,100,99874,100
2019-06-28 09:44:20.000000000,100085,214,100018,214,100109,210,100009,210,100141,210,99998,210,100161,100,99971,100,100169,100,99921,100,100175,100,99908,100,100179,100,99905,100,100244,100,99904,100,100326,100,99891,100,100449,100,99874,100
2019-06-28 09:44:30.000000000,100085,267,100018,267,100109,267,100009,267,100141,100,99998,100,100161,100,99971,100,100169,100,99921,100,100175,100,99908,100,100179,100,99905,100,100244,100,99904,100,100326,100,99891,100,100449,100,99874,100
2019-06-28 09:44:33.146977643,100085,267,100047,100,100109,267,100018,267,100141,100,100009,267,100161,100,99998,100,100169,100,99971,100,100175,100,99921,100,100179,100,99908,100,100244,100,99905,100,100326,100,99904,100,100449,100,99891,100
2019-06-28 09:44:40.000000000,100085,167,100047,167,100109,167,100018,167,100141,167,100009,167,100161,167,99998,167,100169,167,99971,167,100175,100,99921,100,100179,100,99908,100,100244,100,99905,100,100326,100,99904,100,100449,100,99891,100
2019-06-28 09:44:45.836610530,100085,167,100047,267,100109,167,100018,167,100141,167,100009,167,100161,167,99998,167,100169,167,99971,167,100175,100,99921,100,100179,100,99908,100,100244,100,99905,100,100326,100,99904,100,100449,100,99891,100
2019-06-28 09:44:50.000000000,100085,184,100047,284,100109,184,100018,184,100141,184,100009,184,100161,184,99998,184,100169,100,99971,100,100175,100,99921,100,100179,100,99908,100,100244,100,99905,100,100326,100,99904,100,100449,100,99891,100
2019-06-28 09:44:51.570475913,100085,184,100047,284,100109,184,100018,184,100141,184,100009,184,100161,184,99998,184,100169,100,99971,100,100175,100,99921,100,100179,100,99908,100,100244,100,99905,100,100326,100,99904,100,100449,100,99891,100
2019-06-28 09:44:59.973145320,100085,184,100047,284,100109,184,100018,184,100141,184,100009,184,100161,184,99998,184,100169,100,99971,100,100175,100,99921,100,100179,100,99908,100,100244,100,99905,100,100326,100,99904,100,100449,100,99891,100
2019-06-28 09:45:00.000000000,100085,214,100047,314,100109,210,100018,210,100141,210,100009,210,100161,100,99998,100,100169,100,99971,100,100175,100,99921,100,100179,100,99908,100,100244,100,99905,100,100326,100,99904,100,100449,100,99891,100
2019-06-28 09:45:09.877518815,100085,114,100047,314,100109,210,100018,210,100141,210,100009,210,100161,100,99998,100,100169,100,99971,100,100175,100,99921,100,100179,100,99908,100,100244,100,99905,100,100326,100,99904,100,100449,100,99891,100
2019-06-28 09:45:10.000000000,100109,184,100047,284,100141,184,100018,184,100161,184,100009,184,100169,184,99998,184,100175,100,99971,100,100179,100,99921,100,100244,100,99908,100,100326,100,99905,100,100449,100,99904,100,100460,100,99891,100
2019-06-28 09:45:20.000000000,100109,434,100047,534,100141,100,100018,100,100161,100,100009,100,100169,100,99998,100,100175,100,99971,100,100179,100,99921,100,100244,100,99908,100,100326,100,99905,100,100449,100,99904,100,100460,100,99891,100
2019-06-28 09:45:30.000000000,100109,167,100047,267,100141,167,100018,167,100161,167,100009,167,100169,167,99998,167,100175,167,99971,167,100179,100,99921,100,100244,100,99908,100,100326,100,99905,100,100449,100,99904,100,100460,100,99891,100
2019-06-28 09:45:40.000000000,100109,167,100047,267,100141,167,100018,167,100161,167,100009,167,100169,167,99998,167,100175,167,99971,167,100179,100,99921,100,100244,100,99908,100,100326,100,99905,100,100449,100,99904,100,100460,100,99891,100
2019-06-28 09:45:42.776529513,100109,167,100047,167,100141,167,100018,167,100161,167,100009,167,100169,167,99998,167,100175,167,99971,167,100179,100,99921,100,100244,100,99908,100,100326,100,99905,100,100449,100,99904,100,100460,100,99891,100
2019-06-28 09:45:45.219906305,100109,167,100047,167,100141,167,100018,167,100161,167,100009,167,100169,167,99998,167,100175,167,99971,167,100179,100,99921,100,100244,100,99908,100,100326,100,99905,100,100390,100,99904,100,100449,100,99891,100
2019-06-28 09:45:49.972555968,100109,167,100047,167,100141,167,100018,167,100161,167,100009,167,100169,167,99998,167,100175,167,99971,167,100179,100,99921,100,100244,100,99908,100,100326,100,99905,100,100348,100,99891,100,100390,100,99874,100
2019-06-28 09:45:50.000000000,100109,434,100047,434,100141,100,100018,100,100161,100,100009,100,100169,100,99998,100,100175,100,99971,100,100179,100,99921,100,100244,100,99908,100,100326,100,99905,100,100348,100,99891,100,100390,100,99874,100
2019-06-28 09:45:50.881772579,100109,434,100047,434,100141,100,100029,100,100161,100,100018,100,100169,100,100009,100,100175,100,99998,100,100179,100,99971,100,100244,100,99921,100,100326,100,99908,100,100348,100,99905,100,100390,100,99891,100
2019-06-28 09:46:00.000000000,100109,267,100047,267,100141,267,100029,267,100161,100,100018,100,100169,100,100009,100,100175,100,99998,100,100179,100,99971,100,100244,100,99921,100,100326,100,99908,100,100348,100,99905,100,100390,100,99891,100
2019-06-28 09:46:07.165995457,100084,100,100047,267,100109,267,100029,267,100141,267,100018,100,100161,100,100009,100,100169,100,99998,100,100175,100,99971,100,100179,100,99921,100,100244,100,99908,100,100326,100,99905,100,100348,100,99891,100
2019-06-28 09:46:10.000000000,100084,434,100047,434,100109,100,100029,100,100141,100,100018,100,100161,100,100009,100,100169,100,99998,100,100175,100,99971,100,100179,100,99921,100,100244,100,99908,100,100326,100,99905,100,100348,100,99891,100
2019-06-28 09:46:20.000000000,100084,434,100047,434,100109,100,100029,100,100141,100,100018,100,100161,100,100009,100,100169,100,99998,100,100175,100,99971,100,100179,100,99921,100,100244,100,99908,100,100326,100,99905,100,100348,100,99891,100
2019-06-28 09:46:28.128744855,100050,100,100047,434,100084,434,100029,100,100109,100,100018,100,100141,100,100009,100,100161,100,99998,100,100169,100,99971,100,100175,100,99921,100,100179,100,99908,100,100244,100,99905,100,100326,100,99891,100
2019-06-28 09:46:30.000000000,100050,184,100047,184,100084,184,100029,184,100109,184,100018,184,100141,184,100009,184,100161,100,99998,100,100169,100,99971,100,100175,100,99921,100,100179,100,99908,100,100244,100,99905,100,100326,100,99891,100
2019-06-28 09:46:35.207253592,100050,184,100047,184,100084,184,100029,184,100109,184,100018,184,100136,100,100009,184,100141,184,99998,100,100161,100,99971,100,100169,100,99921,100,100175,100,99908,100,100179,100,99905,100,100244,100,99891,100
2019-06-28 09:46:40.000000000,100050,267,100047,267,100084,267,100029,267,100109,100,100018,100,100136,100,100009,100,100141,100,99998,100,100161,100,99971,100,100169,100,99921,100,100175,100,99908,100,100179,100,99905,100,100244,100,99891,100
2019-06-28 09:46:44.414535060,100050,267,100047,267,100084,267,100029,267,100109,100,100018,100,100136,100,100009,100,100141,100,99998,100,100161,100,99971,100,100169,100,99921,100,100175,100,99908,100,100179,100,99905,100,100244,100,99891,100
2019-06-28 09:46:45.987580060,100050,167,100047,267,100084,267,100029,267,100109,100,100018,100,100136,100,100009,100,100141,100,99998,100,100161,100,99971,100,100169,100,99921,100,100175,100,99908,100,100179,100,99905,100,100244,100,99891,100
2019-06-28 09:46:50.000000000,100084,184,100047,184,100109,184,100029,184,100136,184,100018,184,100141,184,100009,184,100161,100,99998,100,100169,100,99971,100,100175,100,99921,100,100179,100,99908,100,100244,100,99905,100,100303,100,99891,100
2019-06-28 09:46:56.863731398,100084,184,100047,184,100109,184,100029,184,100136,184,100018,184,100141,184,100009,184,100161,100,99998,100,100169,100,99971,100,100175,100,99921,100,100179,100,99908,100,100244,100,99905,100,100303,100,99891,100
2019-06-28 09:47:00.000000000,100084,434,100047,434,100109,100,100029,100,100136,100,100018,100,100141,100,100009,100,100161,100,99998,100,100169,100,99971,100,100175,100,99921,100,100179,100,99908,100,100244,100,99905,100,100303,100,99891,100
2019-06-28 09:47:10.000000000,100084,267,100047,267,100109,267,100029,267,100136,100,100018,100,100141,100,100009,100,100161,100,99998,100,100169,100,99971,100,100175,100,99921,100,100179,100,99908,100,100244,100,99905,100,100303,100,99891,100
2019-06-28 09:47:12.091778803,100084,267,100047,267,100109,267,100029,267,100136,100,100018,100,100141,100,100009,100,100161,100,99998,100,100169,100,99971,100,100175,100,99921,100,100179,100,99908,100,100244,100,99905,100,100303,100,99891,100
2019-06-28 09:47:20.000000000,100084,184,100047,184,100109,184,100029,184,100136,184,100018,184,100141,184,100009,184,100161,100,99998,100,100169,100,99971,100,100175,100,99921,100,100179,100,99908,100,100244,100,99905,100,100303,100,99891,100
2019-06-28 09:47:26.360837211,100084,184,100050,100,100109,184,100047,184,100136,184,100029,184,100141,184,100018,184,100161,100,100009,184,100169,100,99998,100,100175,100,99971,100,100179,100,99921,100,100244,100,99908,100,100303,100,99905,100
2019-06-28 09:47:27.468828835,100084,84,100050,100,100109,184,100047,184,100136,84,100029,184,100141,184,100018,184,100161,100,100009,184,100169,100,99998,100,100175,100,99971,100,100179,100,99921,100,100244,100,99908,100,100303,100,99905,100
2019-06-28 09:47:29.397204566,100109,184,100084,16,100136,84,100050,100,100141,184,100047,184,100161,100,100029,184,100175,100,100018,184,100179,100,100009,184,100244,100,99998,100,100303,100,99971,100,100326,100,99921,100,100338,100,99908,100
2019-06-28 09:47:30.000000000,100109,214,100084,130,100141,210,100050,210,100161,210,100047,210,100175,100,100029,100,100179,100,100018,100,100244,100,100009,100,100303,100,99998,100,100326,100,99971,100,100338,100,99921,100,100348,100,99908,100
2019-06-28 09:47:30.776109446,100109,214,100084,230,100141,210,100050,210,100161,210,100047,210,100175,100,100029,100,100179,100,100018,100,100244,100,100009,100,100303,100,99998,100,100326,100,99971,100,100338,100,99921,100,100348,100,99908,100
2019-06-28 09:47:40.000000000,100109,167,100084,183,100141,167,100050,167,100161,167,100047,167,100175,167,100029,167,100179,167,100018,167,100244,100,100009,100,100303,100,99998,100,100326,100,99971,100,100338,100,99921,100,100348,100,99908,100
2019-06-28 09:47:43.816858205,100109,67,100084,183,100141,167,100050,167,100161,167,100047,167,100175,167,100029,167,100179,167,100018,167,100244,100,100009,100,100303,100,99998,100,100326,100,99971,100,100338,100,99921,100,100348,100,99908,100
2019-06-28 09:47:50.000000000,100141,434,100084,450,100161,100,100050,100,100175,100,100047,100,100179,100,100029,100,100244,100,100018,100,100303,100,100009,100,100326,100,99998,100,100338,100,99971,100,100348,100,99921,100,100390,100,99908,100
2019-06-28 09:47:50.465171778,100141,434,100084,350,100161,100,100050,100,100175,100,100047,100,100179,100,100029,100,100244,100,100018,100,100303,100,100009,100,100326,100,99998,100,100338,100,99971,100,100348,100,99921,100,100390,100,99908,100
2019-06-28 09:47:52.798965882,100141,334,100084,350,100161,100,100050,100,100175,100,100047,100,100179,100,100029,100,100244,100,100018,100,100303,100,100009,100,100326,100,99998,100,100338,100,99921,100,100348,100,99908,100,100390,100,99905,100
2019-06-28 09:48:00.000000000,100161,184,100084,100,100175,184,100050,184,100179,184,100047,184,100244,184,100029,184,100303,100,100018,100,100326,100,100009,100,100338,100,99998,100,100348,100,99921,100,100390,100,99908,100,100449,100,99905,100
2019-06-28 09:48:02.803849769,100161,184,100109,100,100175,184,100084,100,100179,184,100050,184,100244,184,100047,184,100303,100,100029,184,100326,100,100018,100,100338,100,100009,100,100348,100,99998,100,100390,100,99921,100,100449,100,99908,100
2019-06-28 09:48:10.000000000,100161,214,100109,214,100175,210,100084,126,100179,210,100050,210,100244,100,100047,100,100303,100,100029,100,100326,100,100018,100,100338,100,100009,100,100348,100,99998,100,100390,100,99921,100,100449,100,99908,100
2019-06-28 09:48:20.000000000,100161,434,100109,434,100175,100,100084,16,100179,100,100050,100,100244,100,100047,100,100303,100,100029,100,100326,100,100018,100,100338,100,100009,100,100348,100,99998,100,100390,100,99921,100,100449,100,99908,100
2019-06-28 09:48:30.000000000,100161,267,100109,267,100175,267,100084,183,100179,100,100050,100,100244,100,100047,100,100303,100,100029,100,100326,100,100018,100,100338,100,100009,100,100348,100,99998,100,100390,100,99921,100,100449,100,99908,100
2019-06-28 09:48:31.828503842,100161,267,100109,367,100175,267,100084,183,100179,100,100050,100,100244,100,100047,100,100303,100,100029,100,100326,100,100018,100,100338,100,100009,100,100348,100,99998,100,100390,100,99921,100,100449,100,99908,100
2019-06-28 09:48:40.000000000,100161,434,100109,534,100175,100,100084,16,100179,100,100050,100,100244,100,100047,100,100303,100,100029,100,100326,100,100018,100,100338,100,100009,100,100348,100,99998,100,100390,100,99921,100,100449,100,99908,100
2019-06-28 09:48:44.854945291,100161,434,100109,534,100175,100,100084,16,100179,100,100050,100,100244,100,100047,100,100303,100,100029,100,100326,100,100018,100,100338,100,100009,100,100348,100,99998,100,100382,100,99921,100,100390,100,99908,100
2019-06-28 09:48:46.922548079,100161,434,100109,534,100175,100,100084,16,100179,100,100050,100,100244,100,100047,100,100303,100,100029,100,100326,100,100018,100,100348,100,100009,100,100382,100,99998,100,100390,100,99921,100,100449,100,99908,100
2019-06-28 09:48:50.000000000,100161,214,100109,314,100175,210,100084,126,100179,210,100050,210,100244,100,100047,100,100303,100,100029,100,100326,100,100018,100,100348,100,100009,100,100382,100,99998,100,100390,100,99921,100,100449,100,99908,100
2019-06-28 09:48:52.983772709,100161,114,100109,314,100175,210,100084,126,100179,210,100050,210,100244,100,100047,100,100303,100,100029,100,100326,100,100018,100,100382,100,100009,100,100390,100,99998,100,100449,100,99921,100,100460,100,99908,100
2019-06-28 09:49:00.000000000,100175,167,100109,267,100179,167,100084,83,100244,167,100050,167,100303,167,100047,167,100326,167,100029,167,100382,100,100018,100,100390,100,100009,100,100449,100,99998,100,100460,100,99921,100,100478,100,99908,100
2019-06-28 09:49:02.816272735,100175,67,100109,267,100179,167,100084,83,100244,167,100050,167,100303,167,100047,167,100326,167,100029,67,100382,100,100018,100,100390,100,100009,100,100449,100,99998,100,100460,100,99921,100,100478,100,99908,100
2019-06-28 09:49:10.000000000,100179,434,100109,534,100244,100,100084,16,100303,100,100050,100,100326,100,100047,100,100382,100,100018,100,100390,100,100009,100,100449,100,99998,100,100460,100,99921,100,100478,100,99908,100,100569,100,99905,100
2019-06-28 09:49:20.000000000,100179,434,100109,534,100244,100,100084,16,100303,100,100050,100,100326,100,100047,100,100382,100,100018,100,100390,100,100009,100,100449,100,99998,100,100460,100,99921,100,100478,100,99908,100,100569,100,99905,100
2019-06-28 09:49:26.192240906,100179,334,100109,534,100244,100,100084,16,100303,100,100050,100,100326,100,100047,100,100382,100,100018,100,100390,100,100009,100,100449,100,99998,100,100460,100,99921,100,100478,100,99908,100,100569,100,99905,100
2019-06-28 09:49:30.000000000,100244,267,100109,367,100303,267,100084,183,100326,100,100050,100,100382,100,100047,100,100390,100,100018,100,100449,100,100009,100,100460,100,99998,100,100478,100,99921,100,100569,100,99908,100,100590,100,99905,100
2019-06-28 09:49:40.000000000,100244,434,100109,534,100303,100,100084,16,100326,100,100050,100,100382,100,100047,100,100390,100,100018,100,100449,100,100009,100,100460,100,99998,100,100478,100,99921,100,100569,100,99908,100,100590,100,99905,100
2019-06-28 09:49:44.102216500,100244,434,100175,100,100303,100,100109,434,100326,100,100084,16,100382,100,100050,100,100390,100,100047,100,100449,100,100018,100,100460,100,100009,100,100478,100,99998,100,100569,100,99921,100,100590,100,99908,100
2019-06-28 09:49:48.425457985,100244,334,100175,100,100303,100,100109,434,100326,100,100050,100,100382,100,100047,100,100390,100,100018,100,100449,100,100009,100,100460,100,99998,100,100478,100,99921,100,100569,100,99908,100,100590,100,99905,100
2019-06-28 09:49:50.000000000,100303,267,100175,267,100326,267,100109,267,100382,100,100050,100,100390,100,100047,100,100449,100,100018,100,100460,100,100009,100,100478,100,99998,100,100569,100,99921,100,100590,100,99908,100,100808,100,99905,100
2019-06-28 09:49:54.994513196,100303,267,100175,267,100326,267,100109,267,100382,100,100050,100,100390,100,100047,100,100449,100,100018,100,100460,100,100009,100,100478,100,99998,100,100569,100,99921,100,100590,100,99908,100,100808,100,99905,100
2019-06-28 09:50:00.000000000,100303,267,100175,267,100326,267,100109,267,100382,100,100050,100,100390,100,100047,100,100449,100,100018,100,100460,100,100009,100,100478,100,99998,100,100569,100,99921,100,100590,100,99908,100,100808,100,99905,100
2019-06-28 09:50:10.000000000,100303,267,100175,267,100326,267,100109,267,100382,100,100050,100,100390,100,100047,100,100449,100,100018,100,100460,100,100009,100,100478,100,99998,100,100569,100,99921,100,100590,100,99908,100,100808,100,99905,100
2019-06-28 09:50:20.000000000,100303,434,100175,434,100326,100,100109,100,100382,100,100050,100,100390,100,100047,100,100449,100,100018,100,100460,100,100009,100,100478,100,99998,100,100569,100,99921,100,100590,100,99908,100,100808,100,99905,100
2019-06-28 09:50:30.000000000,100303,434,100175,434,100326,100,100109,100,100382,100,100050,100,100390,100,100047,100,100449,100,100018,100,100460,100,100009,100,100478,100,99998,100,100569,100,99921,100,100590,100,99908,100,100808,100,99905,100
2019-06-28 09:50:40.000000000,100303,184,100175,184,100326,184,100109,184,100382,184,100050,184,100390,184,100047,184,100449,100,100018,100,100460,100,100009,100,100478,100,99998,100,100569,100,99921,100,100590,100,99908,100,100808,100,99905,100
2019-06-28 09:50:42.874854991,100303,184,100175,184,100326,184,100109,184,100382,184,100050,184,100390,184,100047,184,100449,100,100018,100,100460,100,100009,100,100478,100,99998,100,100503,100,99921,100,100569,100,99908,100,100590,100,99905,100
2019-06-28 09:50:47.554865582,100303,184,100175,184,100326,184,100109,184,100382,184,100050,184,100390,184,100047,184,100449,100,100018,100,100460,100,100009,100,100478,100,99998,100,100503,100,99921,100,100569,100,99908,100,100590,100,99905,100
2019-06-28 09:50:50.000000000,100303,267,100175,267,100326,267,100109,267,100382,100,100050,100,100390,100,100047,100,100449,100,100018,100,100460,100,100009,100,100478,100,99998,100,100503,100,99921,100,100569,100,99908,100,100590,100,99905,100
2019-06-28 09:51:00.000000000,100303,214,100175,214,100326,210,100109,210,100382,210,100050,210,100390,100,100047,100,100449,100,100018,100,100460,100,100009,100,100478,100,99998,100,100503,100,99921,100,100569,100,99908,100,100590,100,99905,100
2019-06-28 09:51:10.000000000,100303,184,100175,184,100326,184,100109,184,100382,184,100050,184,100390,184,100047,184,100449,100,100018,100,100460,100,100009,100,100478,100,99998,100,100503,100,99921,100,100569,100,99908,100,100590,100,99905,100
2019-06-28 09:51:20.000000000,100303,184,100175,184,100326,184,100109,184,100382,184,100050,184,100390,184,100047,184,100449,100,100018,100,100460,100,100009,100,100478,100,99998,100,100503,100,99921,100,100569,100,99908,100,100590,100,99905,100
2019-06-28 09:51:30.000000000,100303,267,100175,267,100326,267,100109,267,100382,100,100050,100,100390,100,100047,100,100449,100,100018,100,100460,100,100009,100,100478,100,99998,100,100503,100,99921,100,100569,100,99908,100,100590,100,99905,100
2019-06-28 09:51:35.659729758,100303,267,100175,267,100326,267,100109,267,100382,100,100050,100,100390,100,100047,100,100449,100,100009,100,100460,100,99998,100,100478,100,99921,100,100503,100,99908,100,100569,100,99905,100,100590,100,99891,100
2019-06-28 09:51:40.000000000,100303,214,100175,214,100326,210,100109,210,100382,210,100050,210,100390,100,100047,100,100449,100,100009,100,100460,100,99998,100,100478,100,99921,100,100503,100,99908,100,100569,100,99905,100,100590,100,99891,100
2019-06-28 09:51:46.497930641,100303,214,100175,114,100326,210,100109,210,100382,210,100050,210,100390,100,100047,100,100449,100,100009,100,100460,100,99998,100,100478,100,99921,100,100503,100,99908,100,100569,100,99905,100,100590,100,99891,100
2019-06-28 09:51:50.000000000,100303,434,100109,434,100326,100,100050,100,100382,100,100047,100,100390,100,100009,100,100449,100,99998,100,100460,100,99921,100,100478,100,99908,100,100503,100,99905,100,100569,100,99891,100,100590,100,99822,100
2019-06-28 09:51:55.196300304,100303,434,100109,334,100326,100,100050,100,100382,100,100047,100,100390,100,100009,100,100449,100,99998,100,100460,100,99921,100,100478,100,99908,100,100503,100,99905,100,100569,100,99891,100,100590,100,99822,100
2019-06-28 09:52:00.000000000,100303,267,100050,267,100326,267,100047,267,100382,100,100009,100,100390,100,99998,100,100449,100,99921,100,100460,100,99908,100,100478,100,99905,100,100503,100,99891,100,100569,100,99822,100,100590,100,99820,100
2019-06-28 09:52:10.000000000,100303,434,100050,434,100326,100,100047,100,100382,100,100009,100,100390,100,99998,100,100449,100,99921,100,100460,100,99908,100,100478,100,99905,100,100503,100,99891,100,100569,100,99822,100,100590,100,99820,100
2019-06-28 09:52:11.200086538,100303,434,100050,434,100326,100,100047,100,100382,100,100016,100,100390,100,100009,100,100449,100,99998,100,100460,100,99921,100,100478,100,99908,100,100503,100,99905,100,100569,100,99891,100,100590,100,99822,100
2019-06-28 09:52:20.000000000,100303,214,100050,214,100326,210,100047,210,100382,210,100016,210,100390,100,100009,100,100449,100,99998,100,100460,100,99921,100,100478,100,99908,100,100503,100,99905,100,100569,100,99891,100,100590,100,99822,100
2019-06-28 09:52:30.000000000,100303,214,100050,214,100326,210,100047,210,100382,210,100016,210,100390,100,100009,100,100449,100,99998,100,100460,100,99921,100,100478,100,99908,100,100503,100,99905,100,100569,100,99891,100,100590,100,99822,100
2019-06-28 09:52:35.015030417,100175,100,100050,214,100303,214,100047,210,100326,210,100016,210,100382,210,100009,100,100390,100,99998,100,100449,100,99921,100,100460,100,99908,100,100478,100,99905,100,100503,100,99891,100,100569,100,99822,100
2019-06-28 09:52:40.000000000,100175,214,100050,214,100303,210,100047,210,100326,210,100016,210,100382,100,100009,100,100390,100,99998,100,100449,100,99921,100,100460,100,99908,100,100478,100,99905,100,100503,100,99891,100,100569,100,99822,100
2019-06-28 09:52:50.000000000,100175,434,100050,434,100303,100,100047,100,100326,100,100016,100,100382,100,100009,100,100390,100,99998,100,100449,100,99921,100,100460,100,99908,100,100478,100,99905,100,100503,100,99891,100,100569,100,99822,100
2019-06-28 09:52:53.679230471,100175,434,100050,434,100303,100,100047,100,100326,100,100016,100,100382,100,100009,100,100390,100,99998,100,100449,100,99921,100,100460,100,99908,100,100478,100,99905,100,100503,100,99891,100,100569,100,99833,100
2019-06-28 09:53:00.000000000,100175,434,100050,434,100303,100,100047,100,100326,100,100016,100,100382,100,100009,100,100390,100,99998,100,100449,100,99921,100,100460,100,99908,100,100478,100,99905,100,100503,100,99891,100,100569,100,99833,100
2019-06-28 09:53:06.894200165,100175,434,100054,100,100303,100,100050,434,100326,100,100047,100,100382,100,100016,100,100390,100,100009,100,100449,100,99998,100,100460,100,99921,100,100478,100,99908,100,100503,100,99905,100,100569,100,99891,100
2019-06-28 09:53:10.000000000,100175,434,100054,434,100303,100,100050,100,100326,100,100047,100,100382,100,100016,100,100390,100,100009,100,100449,100,99998,100,100460,100,99921,100,100478,100,99908,100,100503,100,99905,100,100569,100,99891,100
2019-06-28 09:53:20.000000000,100175,214,100054,214,100303,210,100050,210,100326,210,100047,210,100382,100,100016,100,100390,100,100009,100,100449,100,99998,100,100460,100,99921,100,100478,100,99908,100,100503,100,99905,100,100569,100,99891,100
2019-06-28 09:53:29.318665492,100175,214,100054,214,100303,210,100050,210,100326,210,100047,210,100382,100,100016,100,100390,100,100009,100,100449,100,99998,100,100460,100,99921,100,100478,100,99908,100,100503,100,99905,100,100569,100,99891,200
2019-06-28 09:53:30.000000000,100175,214,100054,214,100303,210,100050,210,100326,210,100047,210,100382,100,100016,100,100390,100,100009,100,100449,100,99998,100,100460,100,99921,100,100478,100,99908,100,100503,100,99905,100,100569,100,99891,200
2019-06-28 09:53:32.249633365,100175,114,100054,214,100303,210,100050,210,100326,210,100047,210,100382,100,100016,100,100390,100,100009,100,100449,100,99998,100,100460,100,99921,100,100478,100,99908,100,100503,100,99905,100,100569,100,99891,200
2019-06-28 09:53:39.150604378,100175,114,100054,214,100231,100,100050,210,100303,210,100047,210,100326,210,100016,100,100382,100,100009,100,100390,100,99998,100,100449,100,99921,100,100460,100,99908,100,100478,100,99905,100,100503,100,99891,200
2019-06-28 09:53:40.000000000,100231,267,100054,267,100303,267,100050,267,100326,100,100047,100,100382,100,100016,100,100390,100,100009,100,100449,100,99998,100,100460,100,99921,100,100478,100,99908,100,100503,100,99905,100,100569,100,99891,200
2019-06-28 09:53:44.528997964,100231,267,100054,267,100303,267,100050,267,100326,100,100047,100,100382,100,100016,100,100390,100,100009,100,100449,100,99998,100,100460,100,99921,100,100478,100,99908,100,100503,100,99905,100,100509,100,99891,200
2019-06-28 09:53:50.000000000,100231,184,100054,184,100303,184,100050,184,100326,184,100047,184,100382,184,100016,184,100390,100,100009,100,100449,100,99998,100,100460,100,99921,100,100478,100,99908,100,100503,100,99905,100,100509,100,99891,200
2019-06-28 09:54:00.000000000,100231,267,100054,267,100303,267,100050,267,100326,100,100047,100,100382,100,100016,100,100390,100,100009,100,100449,100,99998,100,100460,100,99921,100,100478,100,99908,100,100503,100,99905,100,100509,100,99891,200
2019-06-28 09:54:05.918515197,100231,267,100054,267,100303,267,100050,267,100326,100,100047,100,100382,100,100016,100,100390,100,100009,100,100427,100,99998,100,100449,100,99921,100,100460,100,99908,100,100478,100,99905,100,100503,100,99891,200
2019-06-28 09:54:07.941614750,100231,267,100054,267,100303,267,100050,267,100326,100,100047,100,100382,100,100016,100,100390,100,100009,100,100427,100,99998,100,100449,100,99921,100,100460,100,99908,100,100478,100,99905,100,100503,100,99891,200
2019-06-28 09:54:10.000000000,100231,434,100054,434,100303,100,100050,100,100326,100,100047,100,100382,100,100016,100,100390,100,100009,100,100427,100,99998,100,100449,100,99921,100,100460,100,99908,100,100478,100,99905,100,100503,100,99891,200
2019-06-28 09:54:20.000000000,100231,184,100054,184,100303,184,100050,184,100326,184,100047,184,100382,184,100016,184,100390,100,100009,100,100427,100,99998,100,100449,100,99921,100,100460,100,99908,100,100478,100,99905,100,100503,100,99891,200
2019-06-28 09:54:30.000000000,100231,184,100054,184,100303,184,100050,184,100326,184,100047,184,100382,184,100016,184,100390,100,100009,100,100427,100,99998,100,100449,100,99921,100,100460,100,99908,100,100478,100,99905,100,100503,100,99891,200
2019-06-28 09:54:35.214841285,100231,184,100054,184,100241,100,100050,184,100303,184,100047,184,100326,184,100016,184,100382,184,100009,100,100390,100,99998,100,100427,100,99921,100,100449,100,99908,100,100460,100,99905,100,100478,100,99891,200
2019-06-28 09:54:40.000000000,100231,434,100054,434,100241,100,100050,100,100303,100,100047,100,100326,100,100016,100,100382,100,100009,100,100390,100,99998,100,100427,100,99921,100,100449,100,99908,100,100460,100,99905,100,100478,100,99891,200
2019-06-28 09:54:40.503438487,100231,434,100176,100,100241,100,100054,434,100303,100,100050,100,100326,100,100047,100,100382,100,100016,100,100390,100,100009,100,100427,100,99998,100,100449,100,99921,100,100460,100,99908,100,100478,100,99905,100
2019-06-28 09:54:50.000000000,100231,267,100176,267,100241,267,100054,267,100303,100,100050,100,100326,100,100047,100,100382,100,100016,100,100390,100,100009,100,100427,100,99998,100,100449,100,99921,100,100460,100,99908,100,100478,100,99905,100
2019-06-28 09:55:00.000000000,100231,167,100176,167,100241,167,100054,167,100303,167,100050,167,100326,167,100047,167,100382,167,100016,167,100390,100,100009,100,100427,100,99998,100,100449,100,99921,100,100460,100,99908,100,100478,100,99905,100
2019-06-28 09:55:10.000000000,100231,214,100176,214,100241,210,100054,210,100303,210,100050,210,100326,100,100047,100,100382,100,100016,100,100390,100,100009,100,100427,100,99998,100,100449,100,99921,100,100460,100,99908,100,100478,100,99905,100
2019-06-28 09:55:12.903258512,100231,214,100176,214,100241,210,100054,210,100303,210,100050,210,100326,100,100047,100,100382,100,100016,100,100390,100,100009,100,100427,100,99998,100,100449,100,99921,100,100478,100,99908,100,100503,100,99905,100
2019-06-28 09:55:20.000000000,100231,167,100176,167,100241,167,100054,167,100303,167,100050,167,100326,167,100047,167,100382,167,100016,167,100390,100,100009,100,100427,100,99998,100,100449,100,99921,100,100478,100,99908,100,100503,100,99905,100
2019-06-28 09:55:30.000000000,100231,184,100176,184,100241,184,100054,184,100303,184,100050,184,100326,184,100047,184,100382,100,100016,100,100390,100,100009,100,100427,100,99998,100,100449,100,99921,100,100478,100,99908,100,100503,100,99905,100
2019-06-28 09:55:40.000000000,100231,214,100176,214,100241,210,100054,210,100303,210,100050,210,100326,100,100047,100,100382,100,100016,100,100390,100,100009,100,100427,100,99998,100,100449,100,99921,100,100478,100,99908,100,100503,100,99905,100
2019-06-28 09:55:43.724346183,100231,114,100176,214,100241,210,100054,210,100303,210,100050,210,100326,100,100047,100,100382,100,100009,100,100390,100,99998,100,100427,100,99921,100,100449,100,99908,100,100478,100,99905,100,100503,100,99891,200
2019-06-28 09:55:50.000000000,100241,434,100176,434,100303,100,100054,100,100326,100,100050,100,100382,100,100047,100,100390,100,100009,100,100427,100,99998,100,100449,100,99921,100,100478,100,99908,100,100503,100,99905,100,100509,100,99891,200
2019-06-28 09:56:00.000000000,100241,267,100176,267,100303,267,100054,267,100326,100,100050,100,100382,100,100047,100,100390,100,100009,100,100427,100,99998,100,100449,100,99921,100,100478,100,99908,100,100503,100,99905,100,100509,100,99891,200
2019-06-28 09:56:08.938475202,100241,167,100176,267,100303,267,100054,267,100326,100,100050,100,100382,100,100047,100,100390,100,100009,100,100427,100,99998,100,100449,100,99921,100,100478,100,99908,100,100503,100,99905,100,100509,100,99891,200
2019-06-28 09:56:10.000000000,100303,214,100176,214,100326,210,100054,210,100382,210,100050,210,100390,100,100047,100,100427,100,100009,100,100449,100,99998,100,100478,100,99921,100,100503,100,99908,100,100509,100,99905,100,100590,100,99891,200
2019-06-28 09:56:20.000000000,100303,167,100176,167,100326,167,100054,167,100382,167,100050,167,100390,167,100047,167,100427,167,100009,167,100449,100,99998,100,100478,100,99921,100,100503,100,99908,100,100509,100,99905,100,100590,100,99891,200
2019-06-28 09:56:30.000000000,100303,214,100176,214,100326,210,100054,210,100382,210,100050,210,100390,100,100047,100,100427,100,100009,100,100449,100,99998,100,100478,100,99921,100,100503,100,99908,100,100509,100,99905,100,100590,100,99891,200
2019-06-28 09:56:40.000000000,100303,267,100176,267,100326,267,100054,267,100382,100,100050,100,100390,100,100047,100,100427,100,100009,100,100449,100,99998,100,100478,100,99921,100,100503,100,99908,100,100509,100,99905,100,100590,100,99891,200
2019-06-28 09:56:43.204097273,100303,267,100176,267,100326,267,100054,267,100382,100,100050,100,100390,100,100047,100,100427,100,100009,100,100449,100,99998,100,100478,100,99921,100,100503,100,99908,100,100509,100,99905,100,100590,100,99891,200
2019-06-28 09:56:50.000000000,100303,434,100176,434,100326,100,100054,100,100382,100,100050,100,100390,100,100047,100,100427,100,100009,100,100449,100,99998,100,100478,100,99921,100,100503,100,99908,100,100509,100,99905,100,100590,100,99891,200
2019-06-28 09:56:52.798285453,100303,334,100176,434,100326,100,100054,100,100382,100,100050,100,100390,100,100047,100,100427,100,100009,100,100449,100,99998,100,100478,100,99921,100,100503,100,99908,100,100509,100,99905,100,100590,100,99891,200
2019-06-28 09:56:55.957154813,100303,234,100176,434,100326,100,100054,100,100382,100,100050,100,100390,100,100047,100,100427,100,100009,100,100449,100,99998,100,100478,100,99921,100,100503,100,99908,100,100509,100,99905,100,100590,100,99891,200
2019-06-28 09:57:00.000000000,100326,434,100176,434,100382,100,100054,100,100390,100,100050,100,100427,100,100047,100,100449,100,100009,100,100478,100,99998,100,100503,100,99921,100,100509,100,99908,100,100590,100,99905,100,100593,100,99891,200
2019-06-28 09:57:05.420007070,100326,434,100176,434,100382,100,100054,100,100390,100,100050,100,100427,100,100047,100,100449,100,100009,100,100478,100,99998,100,100503,100,99921,100,100509,100,99908,100,100590,100,99905,100,100593,100,99891,200
2019-06-28 09:57:10.000000000,100326,214,100176,214,100382,210,100054,210,100390,210,100050,210,100427,100,100047,100,100449,100,100009,100,100478,100,99998,100,100503,100,99921,100,100509,100,99908,100,100590,100,99905,100,100593,100,99891,200
2019-06-28 09:57:20.000000000,100326,214,100176,214,100382,210,100054,210,100390,210,100050,210,100427,100,100047,100,100449,100,100009,100,100478,100,99998,100,100503,100,99921,100,100509,100,99908,100,100590,100,99905,100,100593,100,99891,200
2019-06-28 09:57:30.000000000,100326,267,100176,267,100382,267,100054,267,100390,100,100050,100,100427,100,100047,100,100449,100,100009,100,100478,100,99998,100,100503,100,99921,100,100509,100,99908,100,100590,100,99905,100,100593,100,99891,200
2019-06-28 09:57:40.000000000,100326,214,100176,214,100382,210,100054,210,100390,210,100050,210,100427,100,100047,100,100449,100,100009,100,100478,100,99998,100,100503,100,99921,100,100509,100,99908,100,100590,100,99905,100,100593,100,99891,200
2019-06-28 09:57:50.000000000,100326,434,100176,434,100382,100,100054,100,100390,100,100050,100,100427,100,100047,100,100449,100,100009,100,100478,100,99998,100,100503,100,99921,100,100509,100,99908,100,100590,100,99905,100,100593,100,99891,200
2019-06-28 09:58:00.000000000,100326,434,100176,434,100382,100,100054,100,100390,100,100050,100,100427,100,100047,100,100449,100,100009,100,100478,100,99998,100,100503,100,99921,100,100509,100,99908,100,100590,100,99905,100,100593,100,99891,200
2019-06-28 09:58:00.799025818,100326,334,100176,434,100382,100,100054,100,100390,100,100050,100,100427,100,100047,100,100449,100,100009,100,100478,100,99998,100,100503,100,99921,100,100509,100,99908,100,100590,100,99905,100,100593,100,99891,200
2019-06-28 09:58:10.000000000,100382,267,100176,267,100390,267,100054,267,100427,100,100050,100,100449,100,100047,100,100478,100,100009,100,100503,100,99998,100,100509,100,99921,100,100590,100,99908,100,100593,100,99905,100,100601,100,99891,200
2019-06-28 09:58:14.366902005,100382,267,100176,267,100390,267,100054,267,100427,100,100050,100,100449,100,100047,100,100478,100,100009,100,100503,100,99998,100,100509,100,99921,100,100590,100,99908,100,100593,100,99905,100,100601,100,99891,200
2019-06-28 09:58:20.000000000,100382,214,100176,214,100390,210,100054,210,100427,210,100050,210,100449,100,100047,100,100478,100,100009,100,100503,100,99998,100,100509,100,99921,100,100590,100,99908,100,100593,100,99905,100,100601,100,99891,200
2019-06-28 09:58:30.000000000,100382,167,100176,167,100390,167,100054,167,100427,167,100050,167,100449,167,100047,167,100478,167,100009,167,100503,100,99998,100,100509,100,99921,100,100590,100,99908,100,100593,100,99905,100,100601,100,99891,200
2019-06-28 09:58:31.476212718,100382,67,100176,167,100390,167,100054,167,100427,167,100050,167,100449,167,100047,167,100478,167,100009,167,100503,100,99998,100,100509,100,99921,100,100590,100,99908,100,100593,100,99905,100,100601,100,99891,200
2019-06-28 09:58:40.000000000,100390,267,100176,267,100427,267,100054,267,100449,100,100050,100,100478,100,100047,100,100503,100,100009,100,100509,100,99998,100,100590,100,99921,100,100593,100,99908,100,100601,100,99905,100,100636,100,99891,200
2019-06-28 09:58:50.000000000,100390,184,100176,184,100427,184,100054,184,100449,184,100050,184,100478,184,100047,184,100503,100,100009,100,100509,100,99998,100,100590,100,99921,100,100593,100,99908,100,100601,100,99905,100,100636,100,99891,200
2019-06-28 09:59:00.000000000,100390,267,100176,267,100427,267,100054,267,100449,100,100050,100,100478,100,100047,100,100503,100,100009,100,100509,100,99998,100,100590,100,99921,100,100593,100,99908,100,100601,100,99905,100,100636,100,99891,200
2019-06-28 09:59:00.675704700,100390,167,100176,267,100427,267,100054,267,100449,100,100050,100,100478,100,100047,100,100503,100,100009,100,100509,100,99998,100,100590,100,99921,100,100593,100,99908,100,100601,100,99905,100,100636,100,99891,200
2019-06-28 09:59:10.000000000,100427,434,100176,434,100449,100,100054,100,100478,100,100050,100,100503,100,100047,100,100509,100,100009,100,100590,100,99998,100,100593,100,99921,100,100601,100,99908,100,100636,100,99905,100,100884,100,99891,200
2019-06-28 09:59:12.872033395,100427,434,100176,434,100449,100,100054,100,100478,100,100050,100,100503,100,100047,100,100509,100,100009,100,100593,100,99998,100,100601,100,99921,100,100636,100,99908,100,100757,100,99905,100,100884,100,99891,200
2019-06-28 09:59:20.000000000,100427,184,100176,184,100449,184,100054,184,100478,184,100050,184,100503,184,100047,184,100509,100,100009,100,100593,100,99998,100,100601,100,99921,100,100636,100,99908,100,100757,100,99905,100,100884,100,99891,200
2019-06-28 09:59:30.000000000,100427,214,100176,214,100449,210,100054,210,100478,210,100050,210,100503,100,100047,100,100509,100,100009,100,100593,100,99998,100,100601,100,99921,100,100636,100,99908,100,100757,100,99905,100,100884,100,99891,200
2019-06-28 09:59:40.000000000,100427,184,100176,184,100449,184,100054,184,100478,184,100050,184,100503,184,100047,184,100509,100,100009,100,100593,100,99998,100,100601,100,99921,100,100636,100,99908,100,100757,100,99905,100,100884,100,99891,200
2019-06-28 09:59:50.000000000,100427,184,100176,184,100449,184,100054,184,100478,184,100050,184,100503,184,100047,184,100509,100,100009,100,100593,100,99998,100,100601,100,99921,100,100636,100,99908,100,100757,100,99905,100,100884,100,99891,200
2019-06-28 10:00:00.000000000,100427,267,100176,267,100449,267,100054,267,100478,100,100050,100,100503,100,100047,100,100509,100,100009,100,100593,100,99998,100,100601,100,99921,100,100636,100,99908,100,100757,100,99905,100,100884,100,99891,200
2019-06-28 10:00:10.000000000,100427,167,100176,167,100449,167,100054,167,100478,167,100050,167,100503,167,100047,167,100509,167,100009,167,100593,100,99998,100,100601,100,99921,100,100636,100,99908,100,100757,100,99905,100,100884,100,99891,200
2019-06-28 10:00:16.395971035,100427,167,100415,100,100449,167,100176,167,100478,167,100054,167,100503,167,100050,167,100509,167,100047,167,100593,100,100009,167,100601,100,99998,100,100636,100,99921,100,100757,100,99908,100,100884,100,99905,100
2019-06-28 10:00:20.000000000,100427,434,100415,434,100449,100,100176,100,100478,100,100054,100,100503,100,100050,100,100509,100,100047,100,100593,100,100009,100,100601,100,99998,100,100636,100,99921,100,100757,100,99908,100,100884,100,99905,100
2019-06-28 10:00:20.840820854,100427,434,100421,100,100449,100,100415,434,100478,100,100176,100,100503,100,100054,100,100509,100,100050,100,100593,100,100047,100,100601,100,100009,100,100636,100,99998,100,100757,100,99921,100,100884,100,99908,100
2019-06-28 10:00:25.607214456,100427,434,100421,100,100449,100,100415,434,100478,100,100176,100,100509,100,100054,100,100593,100,100050,100,100601,100,100047,100,100636,100,100009,100,100646,100,99998,100,100757,100,99921,100,100884,100,99908,100
2019-06-28 10:00:30.000000000,100427,184,100421,184,100449,184,100415,184,100478,184,100176,184,100509,184,100054,184,100593,100,100050,100,100601,100,100047,100,100636,100,100009,100,100646,100,99998,100,100757,100,99921,100,100884,100,99908,100
2019-06-28 10:00:34.679771600,100427,84,100421,184,100449,184,100415,184,100478,84,100176,184,100509,184,100054,184,100593,100,100050,100,100601,100,100047,100,100636,100,100009,100,100646,100,99998,100,100757,100,99921,100,100884,100,99908,100
2019-06-28 10:00:40.000000000,100449,167,100421,167,100509,167,100415,167,100593,167,100176,167,100601,167,100054,167,100636,167,100050,167,100646,100,100047,100,100757,100,100009,100,100884,100,99998,100,100891,100,99921,100,100975,100,99908,100
2019-06-28 10:00:50.000000000,100449,167,100421,167,100509,167,100415,167,100593,167,100176,167,100601,167,100054,167,100636,167,100050,167,100646,100,100047,100,100757,100,100009,100,100884,100,99998,100,100891,100,99921,100,100975,100,99908,100
2019-06-28 10:00:51.952686657,100449,167,100421,167,100509,167,100415,167,100593,167,100390,100,100601,167,100176,167,100636,167,100054,167,100646,100,100050,167,100757,100,100047,100,100884,100,100009,100,100891,100,99998,100,100975,100,99921,100
2019-06-28 10:01:00.000000000,100449,167,100421,167,100509,167,100415,167,100593,167,100390,167,100601,167,100176,167,100636,167,100054,167,100646,100,100050,100,100757,100,100047,100,100884,100,100009,100,100891,100,99998,100,100975,100,99921,100
2019-06-28 10:01:10.000000000,100449,167,100421,167,100509,167,100415,167,100593,167,100390,167,100601,167,100176,167,100636,167,100054,167,100646,100,100050,100,100757,100,100047,100,100884,100,100009,100,100891,100,99998,100,100975,100,99921,100
2019-06-28 10:01:15.355973447,100449,167,100422,100,100509,167,100421,167,100593,167,100415,167,100601,167,100390,167,100636,167,100176,167,100646,100,100054,167,100757,100,100050,100,100884,100,100047,100,100891,100,100009,100,100975,100,99998,100
2019-06-28 10:01:18.825511146,100449,67,100422,100,100509,167,100421,167,100593,167,100415,167,100601,167,100390,167,100636,167,100176,167,100646,100,100054,167,100757,100,100050,100,100884,100,100047,100,100891,100,100009,100,100975,100,99998,100
2019-06-28 10:01:20.000000000,100509,434,100422,434,100593,100,100421,100,100601,100,100415,100,100636,100,100390,100,100646,100,100176,100,100757,100,100054,100,100884,100,100050,100,100891,100,100047,100,100975,100,100009,100,101062,100,99998,100
2019-06-28 10:01:25.896508457,100509,434,100422,434,100593,100,100421,100,100601,100,100415,100,100636,100,100390,100,100757,100,100176,100,100785,100,100054,100,100884,100,100050,100,100891,100,100047,100,100975,100,100009,100,101062,100,99998,100
2019-06-28 10:01:30.000000000,100509,167,100422,167,100593,167,100421,167,100601,167,100415,167,100636,167,100390,167,100757,167,100176,167,100785,100,100054,100,100884,100,100050,100,100891,100,100047,100,100975,100,100009,100,101062,100,99998,100
2019-06-28 10:01:30.343046742,100509,167,100422,167,100593,167,100421,167,100601,167,100415,167,100636,167,100390,167,100757,167,100176,167,100785,100,100054,100,100884,100,100047,100,100891,100,100009,100,100975,100,99998,100,101062,100,99921,100
2019-06-28 10:01:39.742147979,100509,167,100422,167,100535,100,100421,167,100593,167,100415,167,100601,167,100390,167,100636,167,100176,167,100757,167,100054,100,100785,100,100047,100,100884,100,100009,100,100891,100,99998,100,100975,100,99921,100
2019-06-28 10:01:40.000000000,100509,267,100422,267,100535,267,100421,267,100593,100,100415,100,100601,100,100390,100,100636,100,100176,100,100757,100,100054,100,100785,100,100047,100,100884,100,100009,100,100891,100,99998,100,100975,100,99921,100
2019-06-28 10:01:41.209041109,100509,267,100427,100,100535,267,100422,267,100593,100,100421,267,100601,100,100415,100,100636,100,100390,100,100757,100,100176,100,100785,100,100054,100,100884,100,100047,100,100891,100,100009,100,100975,100,99998,100
2019-06-28 10:01:44.230075379,100509,267,100427,100,100535,267,100422,267,100593,100,100421,267,100601,100,100415,100,100636,100,100390,100,100757,100,100176,100,100785,100,100054,100,100883,100,100047,100,100884,100,100009,100,100891,100,99998,100
2019-06-28 10:01:50.000000000,100509,214,100427,214,100535,210,100422,210,100593,210,100421,210,100601,100,100415,100,100636,100,100390,100,100757,100,100176,100,100785,100,100054,100,100883,100,100047,100,100884,100,100009,100,100891,100,99998,100
2019-06-28 10:02:00.000000000,100509,184,100427,184,100535,184,100422,184,100593,184,100421,184,100601,184,100415,184,100636,100,100390,100,100757,100,100176,100,100785,100,100054,100,100883,100,100047,100,100884,100,100009,100,100891,100,99998,100
2019-06-28 10:02:10.000000000,100509,184,100427,184,100535,184,100422,184,100593,184,100421,184,100601,184,100415,184,100636,100,100390,100,100757,100,100176,100,100785,100,100054,100,100883,100,100047,100,100884,100,100009,100,100891,100,99998,100
2019-06-28 10:02:20.000000000,100509,214,100427,214,100535,210,100422,210,100593,210,100421,210,100601,100,100415,100,100636,100,100390,100,100757,100,100176,100,100785,100,100054,100,100883,100,100047,100,100884,100,100009,100,100891,100,99998,100
2019-06-28 10:02:30.000000000,100509,184,100427,184,100535,184,100422,184,100593,184,100421,184,100601,184,100415,184,100636,100,100390,100,100757,100,100176,100,100785,100,100054,100,100883,100,100047,100,100884,100,100009,100,100891,100,99998,100
2019-06-28 10:02:36.074296703,100509,184,100427,184,100535,184,100422,184,100593,184,100421,184,100601,184,100415,184,100636,100,100390,100,100757,100,100176,100,100785,100,100054,100,100883,100,100047,100,100884,100,100009,100,100885,100,99998,100
2019-06-28 10:02:40.000000000,100509,214,100427,214,100535,210,100422,210,100593,210,100421,210,100601,100,100415,100,100636,100,100390,100,100757,100,100176,100,100785,100,100054,100,100883,100,100047,100,100884,100,100009,100,100885,100,99998,100
2019-06-28 10:02:50.000000000,100509,267,100427,267,100535,267,100422,267,100593,100,100421,100,100601,100,100415,100,100636,100,100390,100,100757,100,100176,100,100785,100,100054,100,100883,100,100047,100,100884,100,100009,100,100885,100,99998,100
2019-06-28 10:03:00.000000000,100509,214,100427,214,100535,210,100422,210,100593,210,100421,210,100601,100,100415,100,100636,100,100390,100,100757,100,100176,100,100785,100,100054,100,100883,100,100047,100,100884,100,100009,100,100885,100,99998,100
2019-06-28 10:03:10.000000000,100509,214,100427,214,100535,210,100422,210,100593,210,100421,210,100601,100,100415,100,100636,100,100390,100,100757,100,100176,100,100785,100,100054,100,100883,100,100047,100,100884,100,100009,100,100885,100,99998,100
2019-06-28 10:03:11.520445151,100509,114,100427,214,100535,210,100422,210,100593,210,100421,210,100601,100,100415,100,100636,100,100390,100,100757,100,100176,100,100785,100,100054,100,100883,100,100047,100,100884,100,100009,100,100885,100,99998,100
2019-06-28 10:03:20.000000000,100535,214,100427,214,100593,210,100422,210,100601,210,100421,210,100636,100,100415,100,100757,100,100390,100,100785,100,100176,100,100883,100,100054,100,100884,100,100047,100,100885,100,100009,100,100891,100,99998,100
2019-06-28 10:03:30.000000000,100535,434,100427,434,100593,100,100422,100,100601,100,100421,100,100636,100,100415,100,100757,100,100390,100,100785,100,100176,100,100883,100,100054,100,100884,100,100047,100,100885,100,100009,100,100891,100,99998,100
2019-06-28 10:03:35.630713184,100535,334,100427,434,100593,100,100422,100,100601,100,100421,100,100636,100,100415,100,100757,100,100390,100,100785,100,100176,100,100883,100,100054,100,100884,100,100047,100,100885,100,100009,100,100891,100,99998,100
2019-06-28 10:03:40.000000000,100593,214,100427,214,100601,210,100422,210,100636,210,100421,210,100757,100,100415,100,100785,100,100390,100,100883,100,100176,100,100884,100,100054,100,100885,100,100047,100,100891,100,100009,100,100975,100,99998,100
2019-06-28 10:03:47.235520338,100508,100,100427,214,100593,214,100422,210,100601,210,100421,210,100636,210,100415,100,100757,100,100176,100,100785,100,100054,100,100883,100,100047,100,100884,100,100009,100,100885,100,99998,100,100891,100,99921,100
2019-06-28 10:03:50.000000000,100508,167,100427,167,100593,167,100422,167,100601,167,100421,167,100636,167,100415,167,100757,167,100176,167,100785,100,100054,100,100883,100,100047,100,100884,100,100009,100,100885,100,99998,100,100891,100,99921,100
2019-06-28 10:03:58.269196152,100508,167,100427,167,100593,167,100422,167,100601,167,100421,167,100636,167,100415,167,100757,167,100176,167,100785,100,100091,100,100883,100,100054,100,100884,100,100047,100,100885,100,100009,100,100891,100,99998,100
2019-06-28 10:03:58.771886651,100508,167,100427,167,100593,167,100422,167,100601,167,100421,167,100636,167,100415,167,100757,167,100176,167,100785,100,100091,100,100883,100,100054,100,100884,100,100047,100,100885,100,100045,100,100891,100,100009,100
2019-06-28 10:04:00.000000000,100508,267,100427,267,100593,267,100422,267,100601,100,100421,100,100636,100,100415,100,100757,100,100176,100,100785,100,100091,100,100883,100,100054,100,100884,100,100047,100,100885,100,100045,100,100891,100,100009,100
2019-06-28 10:04:02.587183587,100508,267,100427,267,100593,267,100422,267,100601,100,100421,100,100636,100,100415,100,100757,100,100278,100,100785,100,100176,100,100883,100,100091,100,100884,100,100054,100,100885,100,100047,100,100891,100,100045,100
2019-06-28 10:04:02.909227392,100508,267,100427,267,100593,267,100422,267,100601,100,100421,100,100636,100,100415,100,100785,100,100278,100,100883,100,100176,100,100884,100,100091,100,100885,100,100088,100,100891,100,100054,100,100975,100,100047,100
2019-06-28 10:04:05.675861159,100508,267,100427,267,100593,267,100422,267,100601,100,100421,100,100636,100,100415,100,100785,100,100278,100,100883,100,100176,100,100884,100,100091,100,100885,100,100088,100,100891,100,100054,100,100975,100,100048,100
2019-06-28 10:04:10.000000000,100508,267,100427,267,100593,267,100422,267,100601,100,100421,100,100636,100,100415,100,100785,100,100278,100,100883,100,100176,100,100884,100,100091,100,100885,100,100088,100,100891,100,100054,100,100975,100,100048,100
2019-06-28 10:04:20.000000000,100508,184,100427,184,100593,184,100422,184,100601,184,100421,184,100636,184,100415,184,100785,100,100278,100,100883,100,100176,100,100884,100,100091,100,100885,100,100088,100,100891,100,100054,100,100975,100,100048,100
2019-06-28 10:04:30.000000000,100508,167,100427,167,100593,167,100422,167,100601,167,100421,167,100636,167,100415,167,100785,167,100278,167,100883,100,100176,100,100884,100,100091,100,100885,100,100088,100,100891,100,100054,100,100975,100,100048,100
2019-06-28 10:04:40.000000000,100508,184,100427,184,100593,184,100422,184,100601,184,100421,184,100636,184,100415,184,100785,100,100278,100,100883,100,100176,100,100884,100,100091,100,100885,100,100088,100,100891,100,100054,100,100975,100,100048,100
2019-06-28 10:04:49.193116188,100508,184,100427,184,100593,184,100422,184,100601,184,100421,184,100636,184,100415,184,100785,100,100278,100,100883,100,100176,100,100884,100,100091,100,100885,100,100088,100,100891,100,100054,100,100975,100,100048,100
2019-06-28 10:04:50.000000000,100508,214,100427,214,100593,210,100422,210,100601,210,100421,210,100636,100,100415,100,100785,100,100278,100,100883,100,100176,100,100884,100,100091,100,100885,100,100088,100,100891,100,100054,100,100975,100,100048,100
2019-06-28 10:04:51.821822158,100508,314,100427,214,100593,210,100422,210,100601,210,100421,210,100636,100,100415,100,100785,100,100278,100,100883,100,100091,100,100884,100,100088,100,100885,100,100054,100,100891,100,100048,100,100975,100,100047,100
2019-06-28 10:05:00.000000000,100508,314,100427,214,100593,210,100422,210,100601,210,100421,210,100636,100,100415,100,100785,100,100278,100,100883,100,100091,100,100884,100,100088,100,100885,100,100054,100,100891,100,100048,100,100975,100,100047,100
2019-06-28 10:05:10.000000000,100508,267,100427,167,100593,167,100422,167,100601,167,100421,167,100636,167,100415,167,100785,167,100278,167,100883,100,100091,100,100884,100,100088,100,100885,100,100054,100,100891,100,100048,100,100975,100,100047,100
2019-06-28 10:05:20.000000000,100508,534,100427,434,100593,100,100422,100,100601,100,100421,100,100636,100,100415,100,100785,100,100278,100,100883,100,100091,100,100884,100,100088,100,100885,100,100054,100,100891,100,100048,100,100975,100,100047,100
2019-06-28 10:05:27.537804304,100508,534,100427,434,100593,100,100422,100,100601,100,100415,100,100636,100,100278,100,100785,100,100091,100,100868,100,100088,100,100883,100,100054,100,100884,100,100048,100,100885,100,100047,100,100891,100,100045,100
2019-06-28 10:05:30.000000000,100508,314,100427,214,100593,210,100422,210,100601,210,100415,210,100636,100,100278,100,100785,100,100091,100,100868,100,100088,100,100883,100,100054,100,100884,100,100048,100,100885,100,100047,100,100891,100,100045,100
2019-06-28 10:05:40.000000000,100508,314,100427,214,100593,210,100422,210,100601,210,100415,210,100636,100,100278,100,100785,100,100091,100,100868,100,100088,100,100883,100,100054,100,100884,100,100048,100,100885,100,100047,100,100891,100,100045,100
2019-06-28 10:05:46.344029275,100508,314,100427,114,100593,210,100422,210,100601,210,100415,210,100636,100,100278,100,100785,100,100091,100,100868,100,100088,100,100883,100,100054,100,100884,100,100048,100,100885,100,100047,100,100891,100,100045,100
2019-06-28 10:05:50.000000000,100508,534,100422,434,100593,100,100415,100,100601,100,100278,100,100636,100,100091,100,100785,100,100088,100,100868,100,100054,100,100883,100,100048,100,100884,100,100047,100,100885,100,100045,100,100891,100,100027,100
2019-06-28 10:06:00.000000000,100508,534,100422,434,100593,100,100415,100,100601,100,100278,100,100636,100,100091,100,100785,100,100088,100,100868,100,100054,100,100883,100,100048,100,100884,100,100047,100,100885,100,100045,100,100891,100,100027,100
2019-06-28 10:06:04.268552197,100508,634,100422,434,100593,100,100415,100,100601,100,100278,100,100636,100,100091,100,100785,100,100088,100,100868,100,100054,100,100883,100,100048,100,100884,100,100047,100,100885,100,100045,100,100891,100,100027,100
2019-06-28 10:06:10.000000000,100508,367,100422,167,100593,167,100415,167,100601,167,100278,167,100636,167,100091,167,100785,167,100088,167,100868,100,100054,100,100883,100,100048,100,100884,100,100047,100,100885,100,100045,100,100891,100,100027,100
2019-06-28 10:06:13.136094244,100508,367,100422,67,100593,167,100415,167,100601,167,100278,167,100636,167,100091,167,100785,167,100088,167,100868,100,100054,100,100883,100,100048,100,100884,100,100047,100,100885,100,100027,100,100891,100,100009,100
2019-06-28 10:06:19.960592757,100508,367,100422,67,100593,167,100415,167,100601,167,100278,167,100636,167,100238,100,100785,167,100091,167,100868,100,100088,167,100883,100,100054,100,100884,100,100048,100,100885,100,100047,100,100891,100,100027,100
2019-06-28 10:06:20.000000000,100508,467,100415,267,100593,267,100278,267,100601,100,100238,100,100636,100,100091,100,100785,100,100088,100,100868,100,100054,100,100883,100,100048,100,100884,100,100047,100,100885,100,100027,100,100891,100,100009,100
2019-06-28 10:06:30.000000000,100508,384,100415,184,100593,184,100278,184,100601,184,100238,184,100636,184,100091,184,100785,100,100088,100,100868,100,100054,100,100883,100,100048,100,100884,100,100047,100,100885,100,100027,100,100891,100,100009,100
2019-06-28 10:06:30.450086767,100508,284,100415,184,100593,184,100278,184,100601,184,100238,184,100636,184,100091,184,100785,100,100088,100,100868,100,100054,100,100883,100,100048,100,100884,100,100047,100,100885,100,100027,100,100891,100,100009,100
