,ask_price_1,ask_size_1,bid_price_1,bid_size_1,ask_price_2,ask_size_2,bid_price_2,bid_size_2,ask_price_3,ask_size_3,bid_price_3,bid_size_3,ask_price_4,ask_size_4,bid_price_4,bid_size_4,ask_price_5,ask_size_5,bid_price_5,bid_size_5,ask_price_6,ask_size_6,bid_price_6,bid_size_6,ask_price_7,ask_size_7,bid_price_7,bid_size_7,ask_price_8,ask_size_8,bid_price_8,bid_size_8,ask_price_9,ask_size_9,bid_price_9,bid_size_9,ask_price_10,ask_size_10,bid_price_10,bid_size_10
2019-06-28 09:30:00.000000000,,,99978,100,,,99857,100,,,,,,,,,,,,,,,,,,,,,,,,,,,,,,,,
2019-06-28 09:30:00.000000002,,,99978,100,,,99902,100,,,99857,100,,,,,,,,,,,,,,,,,,,,,,,,,,,,
2019-06-28 09:30:00.000000003,100044,100,99978,100,,,99902,100,,,99857,100,,,,,,,,,,,,,,,,,,,,,,,,,,,,
2019-06-28 09:30:00.000000004,100044,100,99989,100,,,99978,100,,,99902,100,,,99857,100,,,,,,,,,,,,,,,,,,,,,,,,
2019-06-28 09:30:00.000000005,100044,100,99989,100,,,99978,100,,,99902,100,,,99868,100,,,99857,100,,,99839,100,,,,,,,,,,,,,,,,
2019-06-28 09:30:00.000000006,100044,100,99978,100,,,99902,100,,,99868,100,,,99857,100,,,99839,100,,,,,,,,,,,,,,,,,,,,
2019-06-28 09:30:00.000000007,100044,100,99978,100,,,99939,100,,,99908,100,,,99902,100,,,99868,100,,,99857,100,,,99839,100,,,,,,,,,,,,
2019-06-28 09:30:00.000000008,99981,100,99978,100,100044,100,99939,100,,,99908,100,,,99902,100,,,99868,100,,,99857,100,,,99850,100,,,99839,100,,,,,,,,
2019-06-28 09:30:00.000000009,99981,100,99978,100,100044,100,99939,100,100101,100,99908,100,,,99902,100,,,99868,100,,,99857,100,,,99850,100,,,99839,100,,,,,,,,
2019-06-28 09:30:00.000000010,99981,100,99978,100,100044,100,99939,100,100101,100,99908,100,100115,100,99902,100,,,99868,100,,,99857,100,,,99850,100,,,99839,100,,,,,,,,
2019-06-28 09:30:00.000000011,99981,100,99978,100,100044,100,99939,100,100101,100,99908,100,100115,100,99902,100,,,99868,100,,,99863,100,,,99857,100,,,99850,100,,,99839,100,,,,
2019-06-28 09:30:00.000000012,99981,100,99978,100,100044,100,99950,100,100101,100,99939,100,100115,100,99908,100,,,99902,100,,,99868,100,,,99863,100,,,99857,100,,,99850,100,,,99839,100
2019-06-28 09:30:00.000000013,100044,100,99996,100,100101,100,99978,100,100115,100,99950,100,,,99939,100,,,99908,100,,,99902,100,,,99868,100,,,99863,100,,,99857,100,,,99850,100
2019-06-28 09:30:00.000000016,100044,100,99978,100,100101,100,99950,100,100115,100,99939,100,,,99908,100,,,99902,100,,,99868,100,,,99863,100,,,99857,100,,,99850,100,,,99839,100
2019-06-28 09:30:00.000000022,100044,100,99978,100,100101,100,99950,100,100115,100,99939,100,,,99917,100,,,99908,100,,,99902,100,,,99868,100,,,99863,100,,,99857,100,,,99850,100
2019-06-28 09:30:00.000000024,100044,100,99981,100,100101,100,99978,100,100115,100,99950,100,,,99939,100,,,99917,100,,,99908,100,,,99905,100,,,99902,100,,,99890,100,,,99868,100
2019-06-28 09:30:00.000000025,100044,100,99981,100,100101,100,99978,100,100115,100,99950,100,,,99946,100,,,99939,100,,,99917,100,,,99908,100,,,99905,100,,,99902,100,,,99890,100
2019-06-28 09:30:00.000000026,100044,100,99981,100,100083,100,99978,100,100101,100,99950,100,100115,100,99946,100,,,99939,100,,,99917,100,,,99908,100,,,99905,100,,,99902,100,,,99890,100
2019-06-28 09:30:00.000000028,100003,100,99981,200,100044,100,99978,100,100083,100,99950,100,100101,100,99946,100,100115,100,99939,100,,,99917,100,,,99908,100,,,99905,100,,,99902,100,,,99890,100
2019-06-28 09:30:00.000000034,100003,100,99981,300,100041,100,99978,100,100044,100,99950,100,100083,100,99946,100,100101,100,99939,100,100115,100,99917,100,100234,100,99908,100,,,99905,100,,,99902,100,,,99890,100
2019-06-28 09:30:00.000000037,100003,100,99981,300,100041,100,99978,100,100044,100,99958,100,100083,100,99950,100,100101,100,99946,100,100115,100,99939,100,100234,100,99917,100,,,99908,100,,,99905,100,,,99902,100
2019-06-28 09:30:00.000000038,100003,100,99981,400,100041,100,99978,100,100044,100,99958,100,100083,100,99950,100,100101,100,99946,100,100115,100,99939,100,100234,100,99917,100,,,99908,100,,,99905,100,,,99902,100
2019-06-28 09:30:00.000000044,99990,100,99981,400,100003,100,99978,100,100041,100,99958,100,100044,100,99950,100,100083,100,99946,100,100101,100,99939,100,100115,100,99917,100,100234,100,99908,100,,,99905,100,,,99902,100
2019-06-28 09:30:00.000000045,99990,100,99981,400,100003,100,99978,100,100041,100,99958,100,100044,100,99950,100,100083,100,99946,100,100101,100,99939,100,100115,100,99917,100,100135,100,99908,100,100234,100,99905,100,,,99902,100
2019-06-28 09:30:00.000000046,100003,100,99989,100,100041,100,99981,400,100044,100,99978,100,100053,100,99958,100,100083,100,99950,100,100101,100,99946,100,100115,100,99939,100,100135,100,99917,100,100234,100,99913,100,,,99908,100
2019-06-28 09:30:00.000000047,99996,100,99989,100,100003,100,99981,400,100041,100,99978,100,100044,100,99958,100,100053,100,99950,100,100083,100,99946,100,100101,100,99939,100,100115,100,99917,100,100135,100,99913,100,100234,100,99908,100
2019-06-28 09:30:00.000000051,99996,100,99989,100,100003,100,99981,400,100041,100,99978,100,100044,100,99967,100,100053,100,99958,100,100083,100,99950,100,100101,100,99946,100,100115,100,99939,100,100135,100,99917,100,100234,100,99913,100
2019-06-28 09:30:00.000000059,100003,100,99989,100,100041,100,99981,400,100044,100,99978,100,100053,100,99967,100,100083,100,99958,100,100101,100,99950,100,100115,100,99946,100,100135,100,99939,100,100234,100,99917,100,,,99913,100
2019-06-28 09:30:00.000000061,100003,100,99989,100,100041,100,99981,400,100044,100,99978,100,100053,100,99967,100,100066,100,99958,100,100083,100,99950,100,100101,100,99946,100,100115,100,99939,100,100135,100,99917,100,100234,100,99913,100
2019-06-28 09:30:00.000000062,100003,100,99990,100,100041,100,99989,100,100044,100,99981,400,100053,100,99978,100,100066,100,99967,100,100083,100,99958,100,100101,100,99950,100,100115,100,99946,100,100135,100,99939,100,100234,100,99917,100
2019-06-28 09:30:00.000000063,100041,100,99990,100,100044,100,99989,100,100053,100,99981,400,100066,100,99978,100,100083,100,99967,100,100101,100,99958,100,100115,100,99950,100,100135,100,99946,100,100234,100,99939,100,,,99917,100
2019-06-28 09:30:00.000000064,100041,100,99990,100,100044,100,99989,100,100053,100,99981,400,100057,100,99978,100,100066,100,99967,100,100083,100,99958,100,100101,100,99950,100,100115,100,99946,100,100135,100,99939,100,100234,100,99917,100
2019-06-28 09:30:00.000000066,100041,100,99989,100,100044,100,99981,400,100053,100,99978,100,100057,100,99967,100,100066,100,99958,100,100083,100,99950,100,100101,100,99946,100,100115,100,99939,100,100135,100,99917,100,100234,100,99913,100
2019-06-28 09:30:00.000000068,100041,100,99989,100,100044,100,99981,400,100053,100,99978,100,100057,100,99967,100,100066,100,99958,100,100083,100,99950,100,100101,100,99946,100,100115,100,99939,100,100135,100,99920,100,100234,100,99917,100
2019-06-28 09:30:00.000000070,100037,100,99989,100,100041,100,99981,400,100044,100,99978,100,100053,100,99967,100,100057,100,99958,100,100066,100,99950,100,100083,100,99946,100,100101,100,99939,100,100114,100,99920,100,100115,100,99917,100
2019-06-28 09:30:00.000000071,100037,100,99989,100,100041,100,99981,400,100044,100,99978,100,100053,100,99967,100,100057,100,99958,100,100066,100,99950,100,100083,100,99946,100,100092,100,99939,100,100101,100,99920,100,100114,100,99917,100
2019-06-28 09:30:00.000000072,100037,100,99989,100,100041,100,99981,400,100044,100,99978,100,100053,100,99967,100,100057,100,99958,100,100066,100,99950,100,100083,100,99946,100,100092,100,99939,100,100101,100,99920,100,100114,100,99917,100
2019-06-28 09:30:00.000000073,100023,100,99989,100,100037,100,99981,400,100041,100,99978,100,100044,100,99967,100,100053,100,99958,100,100057,100,99950,100,100066,100,99946,100,100083,100,99939,100,100092,100,99920,100,100101,100,99917,100
2019-06-28 09:30:00.000000074,100003,100,99989,100,100023,100,99981,400,100037,100,99978,100,100041,100,99967,100,100044,100,99958,100,100053,100,99950,100,100057,100,99946,100,100066,100,99939,100,100083,100,99920,100,100092,100,99917,100
2019-06-28 09:30:00.000000075,100003,100,99989,100,100023,100,99981,400,100037,100,99978,100,100041,100,99967,100,100044,100,99958,100,100053,100,99950,100,100057,100,99946,100,100066,100,99939,100,100083,100,99920,100,100092,100,99917,100
2019-06-28 09:30:00.000000077,100003,100,99989,100,100023,100,99981,400,100037,100,99978,100,100041,100,99967,100,100044,100,99958,100,100053,100,99950,100,100057,100,99946,100,100066,100,99939,100,100083,100,99920,100,100092,100,99917,100
2019-06-28 09:30:00.000000078,100003,100,99990,100,100023,100,99989,100,100037,100,99981,400,100041,100,99978,100,100044,100,99967,100,100053,100,99958,100,100057,100,99950,100,100066,100,99946,100,100083,100,99939,100,100092,100,99920,100
2019-06-28 09:30:00.000000079,100003,100,99989,100,100023,100,99981,400,100037,100,99978,100,100041,100,99967,100,100044,100,99958,100,100053,100,99950,100,100057,100,99946,100,100066,100,99939,100,100083,100,99920,100,100092,100,99917,100
2019-06-28 09:30:00.000000083,100003,100,99990,100,100023,100,99989,100,100037,100,99981,400,100041,100,99978,100,100044,100,99967,100,100053,100,99958,100,100057,100,99950,100,100066,100,99946,100,100083,100,99939,100,100092,100,99920,100
2019-06-28 09:30:00.000000085,100003,100,99990,100,100023,100,99989,100,100037,100,99981,400,100041,100,99978,100,100044,100,99967,100,100053,100,99958,100,100057,100,99950,100,100066,100,99946,100,100083,100,99939,100,100092,100,99920,100
2019-06-28 09:30:00.000000088,100003,100,99990,100,100023,100,99989,100,100037,100,99981,400,100041,100,99978,100,100044,100,99967,100,100053,100,99958,100,100057,100,99950,100,100066,100,99946,100,100083,100,99939,100,100092,100,99920,100
2019-06-28 09:30:00.000000089,100003,100,99990,100,100023,100,99989,100,100037,100,99981,400,100041,100,99978,100,100044,100,99967,100,100053,100,99958,100,100057,100,99950,100,100066,100,99946,100,100083,100,99939,100,100092,100,99920,100
2019-06-28 09:30:00.000000091,100003,100,99990,100,100023,100,99989,100,100037,100,99981,400,100041,100,99978,100,100044,100,99967,100,100053,100,99958,100,100056,100,99950,100,100057,100,99946,100,100066,100,99939,100,100083,100,99920,100
2019-06-28 09:30:00.000000094,100003,100,99990,100,100023,100,99989,100,100037,100,99981,400,100041,100,99978,100,100044,100,99967,100,100053,100,99958,100,100056,100,99956,100,100057,100,99950,100,100066,100,99946,100,100083,100,99939,100
2019-06-28 09:30:00.000000096,100003,100,99990,100,100023,100,99989,100,100037,100,99981,400,100041,100,99978,100,100044,100,99967,100,100053,100,99958,100,100056,100,99956,100,100057,100,99950,100,100066,100,99946,100,100083,100,99939,100
2019-06-28 09:30:00.000000097,100023,100,99990,100,100037,100,99989,100,100041,100,99981,400,100044,100,99978,100,100053,100,99967,100,100056,100,99958,100,100057,100,99956,100,100066,100,99950,100,100083,100,99946,100,100092,100,99939,100
2019-06-28 09:30:00.815437477,100023,100,99991,100,100037,100,99990,100,100041,100,99989,100,100044,100,99981,400,100053,100,99978,100,100056,100,99967,100,100057,100,99958,100,100066,100,99956,100,100083,100,99950,100,100092,100,99946,100
2019-06-28 09:30:01.443325794,100023,100,99990,100,100037,100,99989,100,100041,100,99981,400,100044,100,99978,100,100053,100,99967,100,100056,100,99958,100,100057,100,99956,100,100066,100,99950,100,100083,100,99946,100,100092,100,99939,100
2019-06-28 09:30:10.000000000,100023,305,99990,305,100037,305,99989,305,100041,100,99981,400,100044,100,99978,100,100053,100,99967,100,100056,100,99958,100,100057,100,99956,100,100066,100,99950,100,100083,100,99946,100,100092,100,99939,100
2019-06-28 09:30:12.845222663,100023,205,99990,305,100037,305,99989,305,100041,100,99981,400,100044,100,99978,100,100053,100,99967,100,100056,100,99958,100,100057,100,99956,100,100066,100,99950,100,100083,100,99946,100,100092,100,99939,100
2019-06-28 09:30:18.118774218,100023,205,99990,305,100037,305,99989,305,100041,100,99981,400,100044,100,99978,100,100053,100,99967,100,100056,100,99958,100,100057,100,99956,100,100066,100,99950,100,100083,100,99946,100,100092,100,99939,100
2019-06-28 09:30:20.000000000,100037,305,99990,305,100041,305,99989,305,100044,100,99981,400,100053,100,99978,100,100056,100,99967,100,100057,100,99958,100,100066,100,99956,100,100083,100,99950,100,100092,100,99946,100,100101,100,99939,100
2019-06-28 09:30:30.000000000,100037,239,99990,239,100041,235,99989,235,100044,235,99981,535,100053,100,99978,100,100056,100,99967,100,100057,100,99958,100,100066,100,99956,100,100083,100,99950,100,100092,100,99946,100,100101,100,99939,100
2019-06-28 09:30:40.000000000,100037,202,99990,202,100041,202,99989,202,100044,202,99981,502,100053,202,99978,202,100056,100,99967,100,100057,100,99958,100,100066,100,99956,100,100083,100,99950,100,100092,100,99946,100,100101,100,99939,100
2019-06-28 09:30:50.000000000,100037,510,99990,510,100041,100,99989,100,100044,100,99981,400,100053,100,99978,100,100056,100,99967,100,100057,100,99958,100,100066,100,99956,100,100083,100,99950,100,100092,100,99946,100,100101,100,99939,100
2019-06-28 09:31:00.000000000,100037,305,99990,305,100041,305,99989,305,100044,100,99981,400,100053,100,99978,100,100056,100,99967,100,100057,100,99958,100,100066,100,99956,100,100083,100,99950,100,100092,100,99946,100,100101,100,99939,100
2019-06-28 09:31:10.000000000,100037,239,99990,239,100041,235,99989,235,100044,235,99981,535,100053,100,99978,100,100056,100,99967,100,100057,100,99958,100,100066,100,99956,100,100083,100,99950,100,100092,100,99946,100,100101,100,99939,100
2019-06-28 09:31:16.891140569,100037,239,99990,239,100041,235,99989,235,100044,235,99981,535,100053,100,99978,100,100056,100,99967,100,100057,100,99958,100,100066,100,99956,100,100083,100,99950,100,100092,100,99946,100,100101,100,99939,100
2019-06-28 09:31:20.000000000,100037,305,99990,305,100041,305,99989,305,100044,100,99981,400,100053,100,99978,100,100056,100,99967,100,100057,100,99958,100,100066,100,99956,100,100083,100,99950,100,100092,100,99946,100,100101,100,99939,100
2019-06-28 09:31:30.000000000,100037,182,99990,182,100041,182,99989,182,100044,182,99981,482,100053,182,99978,182,100056,182,99967,182,100057,100,99958,100,100066,100,99956,100,100083,100,99950,100,100092,100,99946,100,100101,100,99939,100
2019-06-28 09:31:39.124687599,100037,182,99991,100,100041,182,99990,182,100044,182,99989,182,100053,182,99981,482,100056,182,99978,182,100057,100,99967,182,100066,100,99958,100,100083,100,99956,100,100092,100,99950,100,100101,100,99946,100
2019-06-28 09:31:40.000000000,100037,305,99991,305,100041,305,99990,305,100044,100,99989,100,100053,100,99981,400,100056,100,99978,100,100057,100,99967,100,100066,100,99958,100,100083,100,99956,100,100092,100,99950,100,100101,100,99946,100
2019-06-28 09:31:50.000000000,100037,182,99991,182,100041,182,99990,182,100044,182,99989,182,100053,182,99981,482,100056,182,99978,182,100057,100,99967,100,100066,100,99958,100,100083,100,99956,100,100092,100,99950,100,100101,100,99946,100
2019-06-28 09:31:57.397655070,100037,82,99991,182,100041,182,99990,182,100044,182,99989,182,100053,182,99981,482,100056,182,99978,182,100057,100,99967,100,100083,100,99958,100,100092,100,99956,100,100101,100,99950,100,100114,100,99946,100
2019-06-28 09:32:00.000000000,100041,202,99991,202,100044,202,99990,202,100053,202,99989,202,100056,202,99981,502,100057,100,99978,100,100083,100,99967,100,100092,100,99958,100,100101,100,99956,100,100114,100,99950,100,100131,100,99946,100
2019-06-28 09:32:09.189658212,100041,102,99991,202,100044,202,99990,202,100053,202,99989,202,100056,202,99981,502,100057,100,99978,100,100083,100,99967,100,100092,100,99958,100,100101,100,99956,100,100114,100,99950,100,100131,100,99946,100
2019-06-28 09:32:10.000000000,100044,182,99991,182,100053,182,99990,182,100056,182,99989,182,100057,182,99981,482,100083,182,99978,182,100092,100,99967,100,100101,100,99958,100,100114,100,99956,100,100131,100,99950,100,100135,100,99946,100
2019-06-28 09:32:18.180965009,100044,182,99991,182,100053,182,99990,182,100056,182,99989,182,100057,182,99981,482,100083,182,99978,182,100092,100,99967,100,100101,100,99958,100,100114,100,99956,100,100131,100,99950,100,100135,100,99946,100
2019-06-28 09:32:20.000000000,100044,239,99991,239,100053,235,99990,235,100056,235,99989,235,100057,100,99981,400,100083,100,99978,100,100092,100,99967,100,100101,100,99958,100,100114,100,99956,100,100131,100,99950,100,100135,100,99946,100
2019-06-28 09:32:30.000000000,100044,182,99991,182,100053,182,99990,182,100056,182,99989,182,100057,182,99981,482,100083,182,99978,182,100092,100,99967,100,100101,100,99958,100,100114,100,99956,100,100131,100,99950,100,100135,100,99946,100
2019-06-28 09:32:40.000000000,100044,182,99991,182,100053,182,99990,182,100056,182,99989,182,100057,182,99981,482,100083,182,99978,182,100092,100,99967,100,100101,100,99958,100,100114,100,99956,100,100131,100,99950,100,100135,100,99946,100
2019-06-28 09:32:50.000000000,100044,510,99991,510,100053,100,99990,100,100056,100,99989,100,100057,100,99981,400,100083,100,99978,100,100092,100,99967,100,100101,100,99958,100,100114,100,99956,100,100131,100,99950,100,100135,100,99946,100
2019-06-28 09:32:55.998155767,100044,510,99991,510,100053,100,99990,100,100056,100,99989,100,100057,100,99981,400,100083,100,99978,100,100092,100,99967,100,100101,100,99958,100,100114,100,99956,100,100131,100,99950,100,100135,100,99946,100
2019-06-28 09:33:00.000000000,100044,182,99991,182,100053,182,99990,182,100056,182,99989,182,100057,182,99981,482,100083,182,99978,182,100092,100,99967,100,100101,100,99958,100,100114,100,99956,100,100131,100,99950,100,100135,100,99946,100
2019-06-28 09:33:10.000000000,100044,305,99991,305,100053,305,99990,305,100056,100,99989,100,100057,100,99981,400,100083,100,99978,100,100092,100,99967,100,100101,100,99958,100,100114,100,99956,100,100131,100,99950,100,100135,100,99946,100
2019-06-28 09:33:10.509015953,100044,205,99991,305,100053,305,99990,305,100056,100,99989,100,100057,100,99981,400,100083,100,99978,100,100092,100,99967,100,100101,100,99958,100,100114,100,99956,100,100131,100,99950,100,100135,100,99946,100
2019-06-28 09:33:13.414571343,100044,205,100041,100,100053,305,99991,305,100056,100,99990,305,100057,100,99989,100,100083,100,99981,400,100092,100,99978,100,100101,100,99967,100,100114,100,99958,100,100131,100,99956,100,100135,100,99950,100
2019-06-28 09:33:13.770011355,100044,205,100041,100,100053,305,99991,205,100056,100,99990,305,100057,100,99989,100,100083,100,99981,400,100092,100,99978,100,100101,100,99967,100,100114,100,99958,100,100131,100,99956,100,100135,100,99950,100
2019-06-28 09:33:19.785785370,100044,105,100041,100,100053,305,99991,205,100056,100,99990,305,100057,100,99989,100,100083,100,99981,400,100092,100,99978,100,100101,100,99967,100,100114,100,99958,100,100131,100,99956,100,100135,100,99950,100
2019-06-28 09:33:20.000000000,100053,305,100041,305,100056,305,99990,305,100057,100,99989,100,100083,100,99981,400,100092,100,99978,100,100101,100,99967,100,100114,100,99958,100,100131,100,99956,100,100135,100,99950,100,100140,100,99946,100
2019-06-28 09:33:20.154738092,100053,305,100041,305,100056,305,99990,305,100057,100,99989,100,100083,100,99981,400,100092,100,99978,100,100101,100,99967,100,100114,100,99958,100,100135,100,99956,100,100140,100,99950,100,100234,100,99946,100
2019-06-28 09:33:30.000000000,100053,182,100041,182,100056,182,99990,182,100057,182,99989,182,100083,182,99981,482,100092,182,99978,182,100101,100,99967,100,100114,100,99958,100,100135,100,99956,100,100140,100,99950,100,100234,100,99946,100
2019-06-28 09:33:39.418460155,100053,82,100041,182,100056,182,99990,182,100057,182,99989,182,100083,182,99981,482,100092,182,99978,182,100101,100,99967,100,100114,100,99958,100,100135,100,99956,100,100140,100,99950,100,100234,100,99946,100
2019-06-28 09:33:40.000000000,100056,202,100041,202,100057,202,99990,202,100083,202,99989,202,100092,202,99981,502,100101,100,99978,100,100114,100,99967,100,100135,100,99958,100,100140,100,99956,100,100234,100,99950,100,100327,100,99946,100
2019-06-28 09:33:50.000000000,100056,510,100041,510,100057,100,99990,100,100083,100,99989,100,100092,100,99981,400,100101,100,99978,100,100114,100,99967,100,100135,100,99958,100,100140,100,99956,100,100234,100,99950,100,100327,100,99946,100
2019-06-28 09:33:53.196403335,100056,510,100041,510,100057,100,100007,100,100083,100,99990,100,100092,100,99989,100,100101,100,99981,400,100114,100,99978,100,100135,100,99967,100,100140,100,99958,100,100234,100,99956,100,100327,100,99950,100
2019-06-28 09:34:00.000000000,100056,305,100041,305,100057,305,100007,305,100083,100,99990,100,100092,100,99989,100,100101,100,99981,400,100114,100,99978,100,100135,100,99967,100,100140,100,99958,100,100234,100,99956,100,100327,100,99950,100
2019-06-28 09:34:10.000000000,100056,239,100041,239,100057,235,100007,235,100083,235,99990,235,100092,100,99989,100,100101,100,99981,400,100114,100,99978,100,100135,100,99967,100,100140,100,99958,100,100234,100,99956,100,100327,100,99950,100
2019-06-28 09:34:14.193819264,100056,239,100041,239,100057,235,100007,235,100083,235,99990,235,100092,100,99981,400,100101,100,99978,100,100114,100,99967,100,100135,100,99958,100,100140,100,99956,100,100234,100,99950,100,100327,100,99946,100
2019-06-28 09:34:20.000000000,100056,202,100041,202,100057,202,100007,202,100083,202,99990,202,100092,202,99981,502,100101,100,99978,100,100114,100,99967,100,100135,100,99958,100,100140,100,99956,100,100234,100,99950,100,100327,100,99946,100
2019-06-28 09:34:30.000000000,100056,510,100041,510,100057,100,100007,100,100083,100,99990,100,100092,100,99981,400,100101,100,99978,100,100114,100,99967,100,100135,100,99958,100,100140,100,99956,100,100234,100,99950,100,100327,100,99946,100
2019-06-28 09:34:40.000000000,100056,239,100041,239,100057,235,100007,235,100083,235,99990,235,100092,100,99981,400,100101,100,99978,100,100114,100,99967,100,100135,100,99958,100,100140,100,99956,100,100234,100,99950,100,100327,100,99946,100
2019-06-28 09:34:43.233825320,100052,100,100041,239,100056,239,100007,235,100057,235,99990,235,100083,235,99981,400,100092,100,99978,100,100101,100,99967,100,100114,100,99958,100,100135,100,99956,100,100140,100,99950,100,100234,100,99946,100
2019-06-28 09:34:50.000000000,100052,305,100041,305,100056,305,100007,305,100057,100,99990,100,100083,100,99981,400,100092,100,99978,100,100101,100,99967,100,100114,100,99958,100,100135,100,99956,100,100140,100,99950,100,100234,100,99946,100
2019-06-28 09:35:00.000000000,100052,510,100041,510,100056,100,100007,100,100057,100,99990,100,100083,100,99981,400,100092,100,99978,100,100101,100,99967,100,100114,100,99958,100,100135,100,99956,100,100140,100,99950,100,100234,100,99946,100
2019-06-28 09:35:03.788570209,100052,610,100041,510,100056,100,100007,100,100057,100,99990,100,100083,100,99981,300,100092,100,99978,100,100101,100,99967,100,100114,100,99958,100,100135,100,99956,100,100140,100,99950,100,100234,100,99946,100
2019-06-28 09:35:10.000000000,100052,339,100041,239,100056,235,100007,235,100057,235,99990,235,100083,100,99981,300,100092,100,99978,100,100101,100,99967,100,100114,100,99958,100,100135,100,99956,100,100140,100,99950,100,100234,100,99946,100
2019-06-28 09:35:20.000000000,100052,405,100041,305,100056,305,100007,305,100057,100,99990,100,100083,100,99981,300,100092,100,99978,100,100101,100,99967,100,100114,100,99958,100,100135,100,99956,100,100140,100,99950,100,100234,100,99946,100
2019-06-28 09:35:30.000000000,100052,339,100041,239,100056,235,100007,235,100057,235,99990,235,100083,100,99981,300,100092,100,99978,100,100101,100,99967,100,100114,100,99958,100,100135,100,99956,100,100140,100,99950,100,100234,100,99946,100
2019-06-28 09:35:40.000000000,100052,405,100041,305,100056,305,100007,305,100057,100,99990,100,100083,100,99981,300,100092,100,99978,100,100101,100,99967,100,100114,100,99958,100,100135,100,99956,100,100140,100,99950,100,100234,100,99946,100
2019-06-28 09:35:50.000000000,100052,302,100041,202,100056,202,100007,202,100057,202,99990,202,100083,202,99981,402,100092,100,99978,100,100101,100,99967,100,100114,100,99958,100,100135,100,99956,100,100140,100,99950,100,100234,100,99946,100
2019-06-28 09:36:00.000000000,100052,339,100041,239,100056,235,100007,235,100057,235,99990,235,100083,100,99981,300,100092,100,99978,100,100101,100,99967,100,100114,100,99958,100,100135,100,99956,100,100140,100,99950,100,100234,100,99946,100
2019-06-28 09:36:10.000000000,100052,302,100041,202,100056,202,100007,202,100057,202,99990,202,100083,202,99981,402,100092,100,99978,100,100101,100,99967,100,100114,100,99958,100,100135,100,99956,100,100140,100,99950,100,100234,100,99946,100
2019-06-28 09:36:20.000000000,100052,302,100041,202,100056,202,100007,202,100057,202,99990,202,100083,202,99981,402,100092,100,99978,100,100101,100,99967,100,100114,100,99958,100,100135,100,99956,100,100140,100,99950,100,100234,100,99946,100
2019-06-28 09:36:30.000000000,100052,282,100041,182,100056,182,100007,182,100057,182,99990,182,100083,182,99981,382,100092,182,99978,182,100101,100,99967,100,100114,100,99958,100,100135,100,99956,100,100140,100,99950,100,100234,100,99946,100
2019-06-28 09:36:40.000000000,100052,405,100041,305,100056,305,100007,305,100057,100,99990,100,100083,100,99981,300,100092,100,99978,100,100101,100,99967,100,100114,100,99958,100,100135,100,99956,100,100140,100,99950,100,100234,100,99946,100
2019-06-28 09:36:50.000000000,100052,302,100041,202,100056,202,100007,202,100057,202,99990,202,100083,202,99981,402,100092,100,99978,100,100101,100,99967,100,100114,100,99958,100,100135,100,99956,100,100140,100,99950,100,100234,100,99946,100
2019-06-28 09:37:00.000000000,100052,405,100041,305,100056,305,100007,305,100057,100,99990,100,100083,100,99981,300,100092,100,99978,100,100101,100,99967,100,100114,100,99958,100,100135,100,99956,100,100140,100,99950,100,100234,100,99946,100
2019-06-28 09:37:04.405221285,100052,405,100041,205,100056,305,100007,305,100057,100,99990,100,100083,100,99981,300,100092,100,99978,100,100101,100,99967,100,100114,100,99956,100,100135,100,99950,100,100140,100,99946,100,100234,100,99939,100
2019-06-28 09:37:08.693157490,100052,405,100041,105,100056,305,100007,305,100057,100,99990,100,100083,100,99981,300,100092,100,99978,100,100101,100,99967,100,100114,100,99956,100,100135,100,99950,100,100140,100,99946,100,100234,100,99939,100
2019-06-28 09:37:10.000000000,100052,282,100007,182,100056,182,99990,182,100057,182,99981,382,100083,182,99978,182,100092,182,99967,182,100101,100,99956,100,100114,100,99950,100,100135,100,99946,100,100140,100,99939,100,100234,100,99920,100
2019-06-28 09:37:20.000000000,100052,339,100007,239,100056,235,99990,235,100057,235,99981,435,100083,100,99978,100,100092,100,99967,100,100101,100,99956,100,100114,100,99950,100,100135,100,99946,100,100140,100,99939,100,100234,100,99920,100
2019-06-28 09:37:27.584605247,100052,339,100007,139,100056,235,99990,235,100057,235,99981,435,100083,100,99978,100,100092,100,99967,100,100101,100,99956,100,100114,100,99950,100,100135,100,99946,100,100140,100,99939,100,100234,100,99920,100
2019-06-28 09:37:30.000000000,100052,405,99990,305,100056,305,99981,505,100057,100,99978,100,100083,100,99967,100,100092,100,99956,100,100101,100,99950,100,100114,100,99946,100,100135,100,99939,100,100140,100,99920,100,100234,100,99908,100
2019-06-28 09:37:37.277291927,100052,405,99990,205,100056,305,99981,505,100057,100,99978,100,100083,100,99967,100,100092,100,99956,100,100101,100,99950,100,100114,100,99946,100,100135,100,99939,100,100140,100,99920,100,100234,100,99908,100
2019-06-28 09:37:39.407368599,100007,100,99990,205,100052,405,99981,505,100056,305,99978,100,100057,100,99967,100,100083,100,99956,100,100092,100,99950,100,100101,100,99946,100,100114,100,99939,100,100135,100,99920,100,100140,100,99908,100
2019-06-28 09:37:40.000000000,100007,305,99981,505,100052,405,99978,305,100056,100,99967,100,100057,100,99956,100,100083,100,99950,100,100092,100,99946,100,100101,100,99939,100,100114,100,99920,100,100135,100,99908,100,100140,100,99905,100
2019-06-28 09:37:43.546932972,100007,305,99981,505,100052,405,99978,305,100056,100,99956,100,100057,100,99950,100,100083,100,99946,100,100092,100,99939,100,100101,100,99920,100,100114,100,99908,100,100135,100,99905,100,100140,100,99902,100
2019-06-28 09:37:50.000000000,100007,239,99981,439,100052,335,99978,235,100056,235,99956,235,100057,100,99950,100,100083,100,99946,100,100092,100,99939,100,100101,100,99920,100,100114,100,99908,100,100135,100,99905,100,100140,100,99902,100
2019-06-28 09:37:57.040623086,100007,239,99981,339,100052,335,99978,235,100056,235,99956,235,100057,100,99950,100,100083,100,99946,100,100092,100,99939,100,100101,100,99920,100,100114,100,99908,100,100135,100,99905,100,100140,100,99902,100
2019-06-28 09:38:00.000000000,100007,305,99981,405,100052,405,99978,305,100056,100,99956,100,100057,100,99950,100,100083,100,99946,100,100092,100,99939,100,100101,100,99920,100,100114,100,99908,100,100135,100,99905,100,100140,100,99902,100
2019-06-28 09:38:10.000000000,100007,239,99981,339,100052,335,99978,235,100056,235,99956,235,100057,100,99950,100,100083,100,99946,100,100092,100,99939,100,100101,100,99920,100,100114,100,99908,100,100135,100,99905,100,100140,100,99902,100
2019-06-28 09:38:16.010864723,99990,100,99981,339,100007,239,99978,235,100052,335,99956,235,100056,235,99950,100,100057,100,99946,100,100083,100,99939,100,100092,100,99920,100,100101,100,99908,100,100114,100,99905,100,100135,100,99902,100
2019-06-28 09:38:18.498056288,99990,200,99981,339,100007,239,99978,235,100052,335,99956,235,100056,235,99950,100,100057,100,99946,100,100083,100,99939,100,100092,100,99920,100,100101,100,99908,100,100114,100,99905,100,100135,100,99902,100
2019-06-28 09:38:20.000000000,99990,405,99981,405,100007,305,99978,305,100052,200,99956,100,100056,100,99950,100,100057,100,99946,100,100083,100,99939,100,100092,100,99920,100,100101,100,99908,100,100114,100,99905,100,100135,100,99902,100
2019-06-28 09:38:30.000000000,99990,610,99981,610,100007,100,99978,100,100052,200,99956,100,100056,100,99950,100,100057,100,99946,100,100083,100,99939,100,100092,100,99920,100,100101,100,99908,100,100114,100,99905,100,100135,100,99902,100
2019-06-28 09:38:40.000000000,99990,302,99981,302,100007,202,99978,202,100052,302,99956,202,100056,202,99950,202,100057,100,99946,100,100083,100,99939,100,100092,100,99920,100,100101,100,99908,100,100114,100,99905,100,100135,100,99902,100
2019-06-28 09:38:50.000000000,99990,282,99981,282,100007,182,99978,182,100052,282,99956,182,100056,182,99950,182,100057,182,99946,182,100083,100,99939,100,100092,100,99920,100,100101,100,99908,100,100114,100,99905,100,100135,100,99902,100
2019-06-28 09:38:52.838015400,99990,382,99981,282,100007,182,99978,182,100052,282,99956,182,100056,182,99950,182,100057,182,99946,182,100083,100,99939,100,100092,100,99920,100,100114,100,99908,100,100135,100,99905,100,100140,100,99902,100
2019-06-28 09:39:00.000000000,99990,439,99981,339,100007,235,99978,235,100052,335,99956,235,100056,100,99950,100,100057,100,99946,100,100083,100,99939,100,100092,100,99920,100,100114,100,99908,100,100135,100,99905,100,100140,100,99902,100
2019-06-28 09:39:10.000000000,99990,505,99981,405,100007,305,99978,305,100052,200,99956,100,100056,100,99950,100,100057,100,99946,100,100083,100,99939,100,100092,100,99920,100,100114,100,99908,100,100135,100,99905,100,100140,100,99902,100
2019-06-28 09:39:20.000000000,99990,505,99981,405,100007,305,99978,305,100052,200,99956,100,100056,100,99950,100,100057,100,99946,100,100083,100,99939,100,100092,100,99920,100,100114,100,99908,100,100135,100,99905,100,100140,100,99902,100
2019-06-28 09:39:22.464928642,99990,505,99981,305,100007,305,99978,305,100052,200,99956,100,100056,100,99950,100,100057,100,99946,100,100083,100,99939,100,100092,100,99920,100,100114,100,99908,100,100135,100,99905,100,100140,100,99902,100
2019-06-28 09:39:30.000000000,99990,710,99981,510,100007,100,99978,100,100052,200,99956,100,100056,100,99950,100,100057,100,99946,100,100083,100,99939,100,100092,100,99920,100,100114,100,99908,100,100135,100,99905,100,100140,100,99902,100
2019-06-28 09:39:30.951658918,99990,710,99981,410,100007,100,99978,100,100052,200,99956,100,100056,100,99950,100,100057,100,99946,100,100083,100,99939,100,100092,100,99920,100,100135,100,99908,100,100140,100,99905,100,100234,100,99902,100
2019-06-28 09:39:40.000000000,99990,439,99978,239,100007,235,99956,235,100052,335,99950,235,100056,100,99946,100,100057,100,99939,100,100083,100,99920,100,100092,100,99908,100,100135,100,99905,100,100140,100,99902,100,100234,100,99901,100
2019-06-28 09:39:50.000000000,99990,710,99978,510,100007,100,99956,100,100052,200,99950,100,100056,100,99946,100,100057,100,99939,100,100083,100,99920,100,100092,100,99908,100,100135,100,99905,100,100140,100,99902,100,100234,100,99901,100
2019-06-28 09:39:57.122555671,99990,710,99978,410,100007,100,99956,100,100052,200,99950,100,100056,100,99946,100,100057,100,99939,100,100083,100,99920,100,100092,100,99908,100,100135,100,99905,100,100140,100,99902,100,100234,100,99901,100
2019-06-28 09:40:00.000000000,99990,710,99956,510,100007,100,99950,100,100052,200,99946,100,100056,100,99939,100,100057,100,99920,100,100083,100,99908,100,100092,100,99905,100,100135,100,99902,100,100140,100,99901,100,100234,100,99887,100
2019-06-28 09:40:06.119054551,99990,710,99956,510,100007,100,99950,100,100052,200,99946,100,100056,100,99939,100,100057,100,99920,100,100083,100,99908,100,100092,100,99905,100,100135,100,99902,100,100140,100,99901,100,100234,100,99887,100
2019-06-28 09:40:10.000000000,99990,505,99956,305,100007,305,99950,305,100052,200,99946,100,100056,100,99939,100,100057,100,99920,100,100083,100,99908,100,100092,100,99905,100,100135,100,99902,100,100140,100,99901,100,100234,100,99887,100
2019-06-28 09:40:20.000000000,99990,439,99956,239,100007,235,99950,235,100052,335,99946,235,100056,100,99939,100,100057,100,99920,100,100083,100,99908,100,100092,100,99905,100,100135,100,99902,100,100140,100,99901,100,100234,100,99887,100
2019-06-28 09:40:30.000000000,99990,439,99956,239,100007,235,99950,235,100052,335,99946,235,100056,100,99939,100,100057,100,99920,100,100083,100,99908,100,100092,100,99905,100,100135,100,99902,100,100140,100,99901,100,100234,100,99887,100
2019-06-28 09:40:38.204935826,99990,439,99956,139,100007,235,99950,235,100052,335,99946,235,100056,100,99939,100,100057,100,99920,100,100083,100,99908,100,100092,100,99905,100,100135,100,99902,100,100140,100,99901,100,100234,100,99887,100
2019-06-28 09:40:40.000000000,99990,382,99950,182,100007,182,99946,182,100052,282,99939,182,100056,182,99920,182,100057,182,99908,182,100083,100,99905,100,100092,100,99902,100,100135,100,99901,100,100140,100,99887,100,100234,100,99882,100
2019-06-28 09:40:45.041676262,99990,382,99950,182,100007,182,99946,182,100052,282,99939,182,100056,182,99920,182,100057,182,99908,182,100083,100,99905,100,100092,100,99902,100,100135,100,99901,100,100140,100,99887,100,100234,100,99882,100
2019-06-28 09:40:50.000000000,99990,439,99950,239,100007,235,99946,235,100052,335,99939,235,100056,100,99920,100,100057,100,99908,100,100083,100,99905,100,100092,100,99902,100,100135,100,99901,100,100140,100,99887,100,100234,100,99882,100
2019-06-28 09:41:00.000000000,99990,505,99950,305,100007,305,99946,305,100052,200,99939,100,100056,100,99920,100,100057,100,99908,100,100083,100,99905,100,100092,100,99902,100,100135,100,99901,100,100140,100,99887,100,100234,100,99882,100
2019-06-28 09:41:10.000000000,99990,710,99950,510,100007,100,99946,100,100052,200,99939,100,100056,100,99920,100,100057,100,99908,100,100083,100,99905,100,100092,100,99902,100,100135,100,99901,100,100140,100,99887,100,100234,100,99882,100
2019-06-28 09:41:20.000000000,99990,439,99950,239,100007,235,99946,235,100052,335,99939,235,100056,100,99920,100,100057,100,99908,100,100083,100,99905,100,100092,100,99902,100,100135,100,99901,100,100140,100,99887,100,100234,100,99882,100
2019-06-28 09:41:30.000000000,99990,439,99950,239,100007,235,99946,235,100052,335,99939,235,100056,100,99920,100,100057,100,99908,100,100083,100,99905,100,100092,100,99902,100,100135,100,99901,100,100140,100,99887,100,100234,100,99882,100
2019-06-28 09:41:39.444669466,99990,439,99950,239,100007,235,99946,235,100052,335,99939,235,100056,100,99920,100,100057,100,99908,100,100083,100,99905,100,100092,100,99902,100,100135,100,99887,100,100140,100,99882,100,100234,100,99868,100
2019-06-28 09:41:40.000000000,99990,439,99950,239,100007,235,99946,235,100052,335,99939,235,100056,100,99920,100,100057,100,99908,100,100083,100,99905,100,100092,100,99902,100,100135,100,99887,100,100140,100,99882,100,100234,100,99868,100
2019-06-28 09:41:50.000000000,99990,505,99950,305,100007,305,99946,305,100052,200,99939,100,100056,100,99920,100,100057,100,99908,100,100083,100,99905,100,100092,100,99902,100,100135,100,99887,100,100140,100,99882,100,100234,100,99868,100
2019-06-28 09:41:51.124573314,99990,505,99950,305,100007,305,99946,305,100052,200,99939,100,100056,100,99920,100,100057,100,99908,100,100083,100,99905,100,100092,100,99902,100,100135,100,99887,100,100140,100,99882,100,100234,100,99868,100
2019-06-28 09:41:58.723392458,99990,505,99950,305,100007,305,99946,305,100052,200,99939,100,100056,100,99908,100,100057,100,99905,100,100083,100,99902,100,100092,100,99887,100,100135,100,99882,100,100140,100,99868,100,100234,100,99863,100
2019-06-28 09:42:00.000000000,99990,439,99950,239,100007,235,99946,235,100052,335,99939,235,100056,100,99908,100,100057,100,99905,100,100083,100,99902,100,100092,100,99887,100,100135,100,99882,100,100140,100,99868,100,100234,100,99863,100
2019-06-28 09:42:10.000000000,99990,439,99950,239,100007,235,99946,235,100052,335,99939,235,100056,100,99908,100,100057,100,99905,100,100083,100,99902,100,100092,100,99887,100,100135,100,99882,100,100140,100,99868,100,100234,100,99863,100
2019-06-28 09:42:10.936373645,99990,439,99950,239,100007,235,99946,235,100052,335,99939,235,100056,100,99908,100,100057,100,99905,100,100083,100,99902,100,100092,100,99887,100,100135,100,99882,100,100140,100,99868,100,100234,100,99850,100
2019-06-28 09:42:14.518954069,99978,100,99950,239,99990,439,99946,235,100007,235,99939,235,100052,335,99908,100,100056,100,99905,100,100057,100,99902,100,100083,100,99887,100,100092,100,99882,100,100135,100,99868,100,100140,100,99850,100
2019-06-28 09:42:20.000000000,99978,239,99950,239,99990,435,99946,235,100007,235,99939,235,100052,200,99908,100,100056,100,99905,100,100057,100,99902,100,100083,100,99887,100,100092,100,99882,100,100135,100,99868,100,100140,100,99850,100
2019-06-28 09:42:30.000000000,99978,202,99950,202,99990,402,99946,202,100007,202,99939,202,100052,302,99908,202,100056,100,99905,100,100057,100,99902,100,100083,100,99887,100,100092,100,99882,100,100135,100,99868,100,100140,100,99850,100
2019-06-28 09:42:40.000000000,99978,510,99950,510,99990,300,99946,100,100007,100,99939,100,100052,200,99908,100,100056,100,99905,100,100057,100,99902,100,100083,100,99887,100,100092,100,99882,100,100135,100,99868,100,100140,100,99850,100
2019-06-28 09:42:42.457219652,99978,510,99950,510,99990,300,99946,100,100052,200,99939,100,100056,100,99908,100,100057,100,99905,100,100083,100,99902,100,100092,100,99887,100,100135,100,99882,100,100140,100,99868,100,100234,100,99850,100
2019-06-28 09:42:50.000000000,99978,510,99950,510,99990,300,99946,100,100052,200,99939,100,100056,100,99908,100,100057,100,99905,100,100083,100,99902,100,100092,100,99887,100,100135,100,99882,100,100140,100,99868,100,100234,100,99850,100
2019-06-28 09:43:00.000000000,99978,239,99950,239,99990,435,99946,235,100052,335,99939,235,100056,100,99908,100,100057,100,99905,100,100083,100,99902,100,100092,100,99887,100,100135,100,99882,100,100140,100,99868,100,100234,100,99850,100
2019-06-28 09:43:00.762361013,99978,139,99950,239,99990,335,99946,235,100052,335,99939,235,100056,100,99908,100,100057,100,99905,100,100083,100,99902,100,100092,100,99887,100,100135,100,99882,100,100140,100,99868,100,100234,100,99850,100
2019-06-28 09:43:02.665239946,99978,139,99950,239,99990,335,99946,235,100052,335,99939,235,100056,100,99908,100,100057,100,99905,100,100083,100,99902,100,100092,100,99887,100,100135,100,99882,100,100140,100,99868,100,100234,100,99850,100
2019-06-28 09:43:10.000000000,99990,610,99950,510,100052,200,99946,100,100056,100,99939,100,100057,100,99908,100,100083,100,99905,100,100092,100,99902,100,100135,100,99887,100,100140,100,99882,100,100234,100,99868,100,100245,100,99850,100
2019-06-28 09:43:20.000000000,99990,339,99950,239,100052,335,99946,235,100056,235,99939,235,100057,100,99908,100,100083,100,99905,100,100092,100,99902,100,100135,100,99887,100,100140,100,99882,100,100234,100,99868,100,100245,100,99850,100
2019-06-28 09:43:30.000000000,99990,610,99950,510,100052,200,99946,100,100056,100,99939,100,100057,100,99908,100,100083,100,99905,100,100092,100,99902,100,100135,100,99887,100,100140,100,99882,100,100234,100,99868,100,100245,100,99850,100
2019-06-28 09:43:40.000000000,99990,282,99950,182,100052,282,99946,182,100056,182,99939,182,100057,182,99908,182,100083,182,99905,182,100092,100,99902,100,100135,100,99887,100,100140,100,99882,100,100234,100,99868,100,100245,100,99850,100
2019-06-28 09:43:40.878192141,99990,182,99950,182,100052,282,99946,182,100056,182,99939,182,100057,182,99908,182,100083,182,99905,182,100092,100,99902,100,100135,100,99887,100,100140,100,99882,100,100234,100,99868,100,100245,100,99850,100
2019-06-28 09:43:50.000000000,99990,305,99950,305,100052,405,99946,305,100056,100,99939,100,100057,100,99908,100,100083,100,99905,100,100092,100,99902,100,100135,100,99887,100,100140,100,99882,100,100234,100,99868,100,100245,100,99850,100
2019-06-28 09:44:00.000000000,99990,510,99950,510,100052,200,99946,100,100056,100,99939,100,100057,100,99908,100,100083,100,99905,100,100092,100,99902,100,100135,100,99887,100,100140,100,99882,100,100234,100,99868,100,100245,100,99850,100
2019-06-28 09:44:05.394422770,99990,410,99950,510,100052,200,99946,100,100056,100,99939,100,100057,100,99908,100,100083,100,99905,100,100092,100,99902,100,100135,100,99882,100,100140,100,99868,100,100234,100,99850,100,100245,100,99849,100
2019-06-28 09:44:07.180319752,99990,310,99950,510,100052,200,99946,100,100056,100,99939,100,100057,100,99908,100,100083,100,99905,100,100092,100,99902,100,100135,100,99882,100,100140,100,99868,100,100234,100,99850,100,100245,100,99849,100
2019-06-28 09:44:08.061112001,99990,210,99950,510,100052,200,99946,100,100056,100,99939,100,100057,100,99908,100,100083,100,99905,100,100092,100,99902,100,100135,100,99882,100,100140,100,99868,100,100234,100,99850,100,100245,100,99849,100
2019-06-28 09:44:09.880090117,99990,110,99950,510,100052,200,99946,100,100056,100,99939,100,100057,100,99908,100,100083,100,99905,100,100092,100,99902,100,100135,100,99882,100,100140,100,99868,100,100234,100,99850,100,100245,100,99849,100
2019-06-28 09:44:10.000000000,100052,282,99950,182,100056,182,99946,182,100057,182,99939,182,100083,182,99908,182,100092,182,99905,182,100135,100,99902,100,100140,100,99882,100,100234,100,99868,100,100245,100,99850,100,100327,100,99849,100
2019-06-28 09:44:20.000000000,100052,282,99950,182,100056,182,99946,182,100057,182,99939,182,100083,182,99908,182,100092,182,99905,182,100135,100,99902,100,100140,100,99882,100,100234,100,99868,100,100245,100,99850,100,100327,100,99849,100
2019-06-28 09:44:30.000000000,100052,610,99950,510,100056,100,99946,100,100057,100,99939,100,100083,100,99908,100,100092,100,99905,100,100135,100,99902,100,100140,100,99882,100,100234,100,99868,100,100245,100,99850,100,100327,100,99849,100
2019-06-28 09:44:33.435115378,100052,610,99950,510,100056,100,99946,100,100057,100,99939,100,100083,100,99908,100,100092,100,99905,100,100135,100,99902,100,100140,100,99882,100,100234,100,99868,100,100245,100,99850,100,100327,100,99849,100
2019-06-28 09:44:40.000000000,100052,610,99950,510,100056,100,99946,100,100057,100,99939,100,100083,100,99908,100,100092,100,99905,100,100135,100,99902,100,100140,100,99882,100,100234,100,99868,100,100245,100,99850,100,100327,100,99849,100
2019-06-28 09:44:45.110049361,100052,510,99950,510,100056,100,99946,100,100057,100,99939,100,100083,100,99908,100,100092,100,99905,100,100135,100,99902,100,100140,100,99882,100,100234,100,99868,100,100245,100,99850,100,100327,100,99849,100
2019-06-28 09:44:50.000000000,100052,202,99950,202,100056,202,99946,202,100057,202,99939,202,100083,202,99908,202,100092,100,99905,100,100135,100,99902,100,100140,100,99882,100,100234,100,99868,100,100245,100,99850,100,100327,100,99849,100
2019-06-28 09:44:57.439324846,100052,102,99950,202,100056,202,99946,202,100057,202,99939,202,100083,202,99908,202,100092,100,99905,100,100135,100,99902,100,100140,100,99882,100,100234,100,99868,100,100245,100,99850,100,100327,100,99849,100
2019-06-28 09:45:00.000000000,100056,202,99950,202,100057,202,99946,202,100083,202,99939,202,100092,202,99908,202,100135,100,99905,100,100140,100,99902,100,100234,100,99882,100,100245,100,99868,100,100327,100,99850,100,100346,100,99849,100
2019-06-28 09:45:00.211913813,100056,202,99950,202,100057,202,99946,202,100083,202,99939,202,100092,202,99908,202,100135,100,99905,100,100140,100,99902,100,100234,100,99882,100,100245,100,99868,100,100327,100,99850,100,100346,100,99849,100
2019-06-28 09:45:01.575004467,100056,202,99950,202,100057,202,99946,202,100083,202,99939,202,100092,202,99908,102,100135,100,99905,100,100140,100,99902,100,100234,100,99882,100,100245,100,99868,100,100327,100,99850,100,100346,100,99849,100
2019-06-28 09:45:10.000000000,100056,510,99950,510,100057,100,99946,100,100083,100,99939,100,100092,100,99905,100,100135,100,99902,100,100140,100,99882,100,100234,100,99868,100,100245,100,99850,100,100327,100,99849,100,100346,100,99781,100
2019-06-28 09:45:20.000000000,100056,239,99950,239,100057,235,99946,235,100083,235,99939,235,100092,100,99905,100,100135,100,99902,100,100140,100,99882,100,100234,100,99868,100,100245,100,99850,100,100327,100,99849,100,100346,100,99781,100
2019-06-28 09:45:26.372095045,100056,139,99950,239,100057,235,99946,235,100083,235,99939,235,100092,100,99905,100,100135,100,99902,100,100140,100,99882,100,100234,100,99868,100,100327,100,99850,100,100346,100,99849,100,100398,100,99781,100
2019-06-28 09:45:30.000000000,100057,239,99950,239,100083,235,99946,235,100092,235,99939,235,100135,100,99905,100,100140,100,99902,100,100234,100,99882,100,100327,100,99868,100,100346,100,99850,100,100398,100,99849,100,100405,100,99781,100
2019-06-28 09:45:40.000000000,100057,305,99950,305,100083,305,99946,305,100092,100,99939,100,100135,100,99905,100,100140,100,99902,100,100234,100,99882,100,100327,100,99868,100,100346,100,99850,100,100398,100,99849,100,100405,100,99781,100
2019-06-28 09:45:50.000000000,100057,182,99950,182,100083,182,99946,182,100092,182,99939,182,100135,182,99905,182,100140,182,99902,182,100234,100,99882,100,100327,100,99868,100,100346,100,99850,100,100398,100,99849,100,100405,100,99781,100
2019-06-28 09:45:56.023956100,100057,182,100052,100,100083,182,99950,182,100092,182,99946,182,100135,182,99939,182,100140,182,99905,182,100234,100,99902,182,100327,100,99882,100,100346,100,99868,100,100398,100,99850,100,100405,100,99849,100
2019-06-28 09:45:58.346633402,100057,182,100052,100,100083,182,99950,182,100092,182,99946,182,100135,182,99939,182,100140,182,99905,182,100234,100,99902,182,100327,100,99882,100,100346,100,99868,100,100398,100,99850,100,100405,100,99849,100
2019-06-28 09:46:00.000000000,100057,182,100052,182,100083,182,99950,182,100092,182,99946,182,100135,182,99939,182,100140,182,99905,182,100234,100,99902,100,100327,100,99882,100,100346,100,99868,100,100398,100,99850,100,100405,100,99849,100
2019-06-28 09:46:10.000000000,100057,202,100052,202,100083,202,99950,202,100092,202,99946,202,100135,202,99939,202,100140,100,99905,100,100234,100,99902,100,100327,100,99882,100,100346,100,99868,100,100398,100,99850,100,100405,100,99849,100
2019-06-28 09:46:19.671517855,100057,102,100052,202,100083,202,99950,202,100092,202,99946,202,100135,202,99939,202,100140,100,99905,100,100234,100,99902,100,100327,100,99882,100,100346,100,99868,100,100398,100,99850,100,100405,100,99849,100
2019-06-28 09:46:20.000000000,100083,510,100052,510,100092,100,99950,100,100135,100,99946,100,100140,100,99939,100,100234,100,99905,100,100327,100,99902,100,100346,100,99882,100,100398,100,99868,100,100405,100,99850,100,100443,100,99849,100
2019-06-28 09:46:30.000000000,100083,305,100052,305,100092,305,99950,305,100135,100,99946,100,100140,100,99939,100,100234,100,99905,100,100327,100,99902,100,100346,100,99882,100,100398,100,99868,100,100405,100,99850,100,100443,100,99849,100
2019-06-28 09:46:40.000000000,100083,239,100052,239,100092,235,99950,235,100135,235,99946,235,100140,100,99939,100,100234,100,99905,100,100327,100,99902,100,100346,100,99882,100,100398,100,99868,100,100405,100,99850,100,100443,100,99849,100
2019-06-28 09:46:41.339455166,100083,239,100052,239,100092,235,99950,235,100135,235,99946,235,100140,100,99905,100,100234,100,99902,100,100327,100,99882,100,100346,100,99868,100,100398,100,99850,100,100405,100,99849,100,100443,100,99781,100
2019-06-28 09:46:47.856548021,100083,239,100052,239,100092,235,99950,235,100135,235,99946,235,100140,100,99905,100,100234,100,99902,100,100327,100,99882,100,100346,100,99868,100,100398,100,99850,100,100405,100,99849,100,100443,100,99781,100
2019-06-28 09:46:50.000000000,100083,305,100052,305,100092,305,99950,305,100135,100,99946,100,100140,100,99905,100,100234,100,99902,100,100327,100,99882,100,100346,100,99868,100,100398,100,99850,100,100405,100,99849,100,100443,100,99781,100
2019-06-28 09:46:54.094705667,100083,205,100052,305,100092,305,99950,305,100135,100,99946,100,100140,100,99905,100,100234,100,99902,100,100327,100,99882,100,100346,100,99868,100,100398,100,99850,100,100405,100,99849,100,100443,100,99781,100
2019-06-28 09:47:00.000000000,100092,510,100052,510,100135,100,99950,100,100140,100,99946,100,100234,100,99905,100,100327,100,99902,100,100346,100,99882,100,100398,100,99868,100,100405,100,99850,100,100443,100,99849,100,100466,100,99781,100
2019-06-28 09:47:10.000000000,100092,182,100052,182,100135,182,99950,182,100140,182,99946,182,100234,182,99905,182,100327,182,99902,182,100346,100,99882,100,100398,100,99868,100,100405,100,99850,100,100443,100,99849,100,100466,100,99781,100
2019-06-28 09:47:13.816949735,100092,182,100052,182,100120,100,99950,182,100135,182,99946,182,100140,182,99905,182,100234,182,99902,182,100327,182,99882,100,100346,100,99868,100,100398,100,99850,100,100405,100,99849,100,100443,100,99781,100
2019-06-28 09:47:20.000000000,100092,305,100052,305,100120,305,99950,305,100135,100,99946,100,100140,100,99905,100,100234,100,99902,100,100327,100,99882,100,100346,100,99868,100,100398,100,99850,100,100405,100,99849,100,100443,100,99781,100
2019-06-28 09:47:30.000000000,100092,202,100052,202,100120,202,99950,202,100135,202,99946,202,100140,202,99905,202,100234,100,99902,100,100327,100,99882,100,100346,100,99868,100,100398,100,99850,100,100405,100,99849,100,100443,100,99781,100
2019-06-28 09:47:34.610980720,100056,100,100052,202,100092,202,99950,202,100120,202,99946,202,100135,202,99905,202,100140,202,99902,100,100234,100,99882,100,100327,100,99868,100,100346,100,99850,100,100398,100,99849,100,100405,100,99781,100
2019-06-28 09:47:40.000000000,100056,202,100052,202,100092,202,99950,202,100120,202,99946,202,100135,202,99905,202,100140,100,99902,100,100234,100,99882,100,100327,100,99868,100,100346,100,99850,100,100398,100,99849,100,100405,100,99781,100
2019-06-28 09:47:40.590098670,100056,202,100052,202,100092,202,99950,202,100120,202,99946,202,100135,202,99905,202,100140,100,99902,100,100234,100,99882,100,100327,100,99869,100,100346,100,99868,100,100398,100,99850,100,100405,100,99849,100
2019-06-28 09:47:49.495758045,100056,202,100052,202,100081,100,99950,202,100092,102,99946,202,100120,202,99905,202,100135,202,99902,100,100140,100,99882,100,100234,100,99869,100,100327,100,99868,100,100346,100,99850,100,100398,100,99849,100
2019-06-28 09:47:50.000000000,100056,510,100052,510,100081,100,99950,100,100120,100,99946,100,100135,100,99905,100,100140,100,99902,100,100234,100,99882,100,100327,100,99869,100,100346,100,99868,100,100398,100,99850,100,100405,100,99849,100
2019-06-28 09:48:00.000000000,100056,202,100052,202,100081,202,99950,202,100120,202,99946,202,100135,202,99905,202,100140,100,99902,100,100234,100,99882,100,100327,100,99869,100,100346,100,99868,100,100398,100,99850,100,100405,100,99849,100
2019-06-28 09:48:10.000000000,100056,510,100052,510,100081,100,99950,100,100120,100,99946,100,100135,100,99905,100,100140,100,99902,100,100234,100,99882,100,100327,100,99869,100,100346,100,99868,100,100398,100,99850,100,100405,100,99849,100
2019-06-28 09:48:20.000000000,100056,182,100052,182,100081,182,99950,182,100120,182,99946,182,100135,182,99905,182,100140,182,99902,182,100234,100,99882,100,100327,100,99869,100,100346,100,99868,100,100398,100,99850,100,100405,100,99849,100
2019-06-28 09:48:20.746698339,100056,282,100052,182,100081,182,99950,182,100120,182,99946,182,100135,182,99905,182,100140,182,99902,182,100234,100,99882,100,100327,100,99869,100,100346,100,99868,100,100398,100,99850,100,100405,100,99849,100
2019-06-28 09:48:30.000000000,100056,282,100052,182,100081,182,99950,182,100120,182,99946,182,100135,182,99905,182,100140,182,99902,182,100234,100,99882,100,100327,100,99869,100,100346,100,99868,100,100398,100,99850,100,100405,100,99849,100
2019-06-28 09:48:40.000000000,100056,302,100052,202,100081,202,99950,202,100120,202,99946,202,100135,202,99905,202,100140,100,99902,100,100234,100,99882,100,100327,100,99869,100,100346,100,99868,100,100398,100,99850,100,100405,100,99849,100
2019-06-28 09:48:46.199308732,100056,202,100052,202,100081,202,99950,202,100120,202,99946,202,100135,202,99905,202,100140,100,99902,100,100234,100,99882,100,100327,100,99869,100,100346,100,99868,100,100398,100,99850,100,100405,100,99849,100
2019-06-28 09:48:50.000000000,100056,182,100052,182,100081,182,99950,182,100120,182,99946,182,100135,182,99905,182,100140,182,99902,182,100234,100,99882,100,100327,100,99869,100,100346,100,99868,100,100398,100,99850,100,100405,100,99849,100
2019-06-28 09:49:00.000000000,100056,305,100052,305,100081,305,99950,305,100120,100,99946,100,100135,100,99905,100,100140,100,99902,100,100234,100,99882,100,100327,100,99869,100,100346,100,99868,100,100398,100,99850,100,100405,100,99849,100
2019-06-28 09:49:10.000000000,100056,510,100052,510,100081,100,99950,100,100120,100,99946,100,100135,100,99905,100,100140,100,99902,100,100234,100,99882,100,100327,100,99869,100,100346,100,99868,100,100398,100,99850,100,100405,100,99849,100
2019-06-28 09:49:20.000000000,100056,510,100052,510,100081,100,99950,100,100120,100,99946,100,100135,100,99905,100,100140,100,99902,100,100234,100,99882,100,100327,100,99869,100,100346,100,99868,100,100398,100,99850,100,100405,100,99849,100
2019-06-28 09:49:30.000000000,100056,510,100052,510,100081,100,99950,100,100120,100,99946,100,100135,100,99905,100,100140,100,99902,100,100234,100,99882,100,100327,100,99869,100,100346,100,99868,100,100398,100,99850,100,100405,100,99849,100
2019-06-28 09:49:40.000000000,100056,182,100052,182,100081,182,99950,182,100120,182,99946,182,100135,182,99905,182,100140,182,99902,182,100234,100,99882,100,100327,100,99869,100,100346,100,99868,100,100398,100,99850,100,100405,100,99849,100
2019-06-28 09:49:50.000000000,100056,202,100052,202,100081,202,99950,202,100120,202,99946,202,100135,202,99905,202,100140,100,99902,100,100234,100,99882,100,100327,100,99869,100,100346,100,99868,100,100398,100,99850,100,100405,100,99849,100
2019-06-28 09:50:00.000000000,100056,239,100052,239,100081,235,99950,235,100120,235,99946,235,100135,100,99905,100,100140,100,99902,100,100234,100,99882,100,100327,100,99869,100,100346,100,99868,100,100398,100,99850,100,100405,100,99849,100
2019-06-28 09:50:10.000000000,100056,202,100052,202,100081,202,99950,202,100120,202,99946,202,100135,202,99905,202,100140,100,99902,100,100234,100,99882,100,100327,100,99869,100,100346,100,99868,100,100398,100,99850,100,100405,100,99849,100
2019-06-28 09:50:20.000000000,100056,510,100052,510,100081,100,99950,100,100120,100,99946,100,100135,100,99905,100,100140,100,99902,100,100234,100,99882,100,100327,100,99869,100,100346,100,99868,100,100398,100,99850,100,100405,100,99849,100
2019-06-28 09:50:30.000000000,100056,239,100052,239,100081,235,99950,235,100120,235,99946,235,100135,100,99905,100,100140,100,99902,100,100234,100,99882,100,100327,100,99869,100,100346,100,99868,100,100398,100,99850,100,100405,100,99849,100
2019-06-28 09:50:37.346562442,100056,239,100052,139,100081,235,99950,235,100120,235,99946,235,100135,100,99905,100,100140,100,99902,100,100327,100,99882,100,100346,100,99869,100,100398,100,99868,100,100405,100,99850,100,100443,100,99849,100
2019-06-28 09:50:37.901395832,100055,100,100052,139,100056,239,99950,235,100081,235,99946,235,100120,235,99905,100,100135,100,99902,100,100140,100,99882,100,100327,100,99869,100,100346,100,99868,100,100398,100,99850,100,100405,100,99849,100
2019-06-28 09:50:38.265437503,100055,100,100052,39,100056,239,99950,235,100081,235,99946,235,100120,235,99905,100,100135,100,99902,100,100140,100,99882,100,100327,100,99869,100,100346,100,99868,100,100398,100,99850,100,100405,100,99849,100
2019-06-28 09:50:40.000000000,100055,305,99950,305,100056,305,99946,305,100081,100,99905,100,100120,100,99902,100,100135,100,99882,100,100140,100,99869,100,100327,100,99868,100,100346,100,99850,100,100398,100,99849,100,100405,100,99781,100
2019-06-28 09:50:47.262470535,100052,100,99950,305,100055,305,99946,305,100056,205,99905,100,100081,100,99902,100,100120,100,99882,100,100135,100,99869,100,100140,100,99868,100,100327,100,99850,100,100346,100,99849,100,100398,100,99781,100
2019-06-28 09:50:48.739232928,100052,100,99950,305,100055,205,99946,305,100056,205,99905,100,100081,100,99902,100,100120,100,99882,100,100135,100,99869,100,100140,100,99868,100,100327,100,99850,100,100346,100,99849,100,100398,100,99781,100
2019-06-28 09:50:50.000000000,100052,239,99950,239,100081,235,99946,235,100120,235,99905,235,100135,100,99902,100,100140,100,99882,100,100327,100,99869,100,100346,100,99868,100,100398,100,99850,100,100405,100,99849,100,100443,100,99781,100
2019-06-28 09:51:00.000000000,100052,239,99950,239,100081,235,99946,235,100120,235,99905,235,100135,100,99902,100,100140,100,99882,100,100327,100,99869,100,100346,100,99868,100,100398,100,99850,100,100405,100,99849,100,100443,100,99781,100
2019-06-28 09:51:02.557661567,100052,239,99950,139,100081,235,99946,235,100120,235,99905,235,100135,100,99902,100,100140,100,99882,100,100327,100,99869,100,100346,100,99868,100,100398,100,99850,100,100405,100,99849,100,100443,100,99781,100
2019-06-28 09:51:06.881728155,100052,239,99950,39,100081,235,99946,235,100120,235,99905,235,100135,100,99902,100,100140,100,99882,100,100327,100,99869,100,100346,100,99868,100,100398,100,99850,100,100405,100,99849,100,100443,100,99781,100
2019-06-28 09:51:10.000000000,100052,202,99946,202,100081,202,99905,202,100120,202,99902,202,100135,202,99882,202,100140,100,99869,100,100327,100,99868,100,100346,100,99850,100,100398,100,99849,100,100405,100,99781,100,100443,100,98652,100
2019-06-28 09:51:13.474958450,100052,202,99946,102,100081,202,99905,202,100120,202,99902,202,100135,202,99882,202,100140,100,99869,100,100327,100,99868,100,100346,100,99850,100,100398,100,99849,100,100405,100,99781,100,100443,100,98652,100
2019-06-28 09:51:20.000000000,100052,239,99905,239,100081,235,99902,235,100120,235,99882,235,100135,100,99869,100,100140,100,99868,100,100327,100,99850,100,100346,100,99849,100,100398,100,99781,100,100405,100,98652,100,100443,100,,
2019-06-28 09:51:30.000000000,100052,305,99905,305,100081,305,99902,305,100120,100,99882,100,100135,100,99869,100,100140,100,99868,100,100327,100,99850,100,100346,100,99849,100,100398,100,99781,100,100405,100,98652,100,100443,100,,
2019-06-28 09:51:40.000000000,100052,239,99905,239,100081,235,99902,235,100120,235,99882,235,100135,100,99869,100,100140,100,99868,100,100327,100,99850,100,100346,100,99849,100,100398,100,99781,100,100405,100,98652,100,100443,100,,
2019-06-28 09:51:45.243615485,100052,239,99905,239,100081,235,99902,235,100120,235,99882,235,100135,100,99869,100,100140,100,99850,100,100327,100,99849,100,100346,100,99781,100,100398,100,98652,100,100405,100,,,100443,100,,
2019-06-28 09:51:50.000000000,100052,182,99905,182,100081,182,99902,182,100120,182,99882,182,100135,182,99869,182,100140,182,99850,182,100327,100,99849,100,100346,100,99781,100,100398,100,98652,100,100405,100,,,100443,100,,
2019-06-28 09:52:00.000000000,100052,239,99905,239,100081,235,99902,235,100120,235,99882,235,100135,100,99869,100,100140,100,99850,100,100327,100,99849,100,100346,100,99781,100,100398,100,98652,100,100405,100,,,100443,100,,
2019-06-28 09:52:08.078266084,100001,100,99905,239,100052,239,99902,235,100081,235,99882,235,100120,235,99869,100,100135,100,99850,100,100140,100,99849,100,100327,100,99781,100,100346,100,98652,100,100398,100,,,100405,100,,
2019-06-28 09:52:09.920659013,99962,100,99905,239,100001,100,99902,235,100052,239,99882,235,100081,235,99869,100,100120,235,99850,100,100135,100,99849,100,100140,100,99781,100,100327,100,98652,100,100346,100,,,100398,100,,
2019-06-28 09:52:10.000000000,99962,182,99905,182,100001,182,99902,182,100052,182,99882,182,100081,182,99869,182,100120,182,99850,182,100135,100,99849,100,100140,100,99781,100,100327,100,98652,100,100346,100,,,100398,100,,
2019-06-28 09:52:20.000000000,99962,239,99905,239,100001,235,99902,235,100052,235,99882,235,100081,100,99869,100,100120,100,99850,100,100135,100,99849,100,100140,100,99781,100,100327,100,98652,100,100346,100,,,100398,100,,
2019-06-28 09:52:26.560447762,99950,100,99905,239,99962,239,99902,235,100001,235,99882,235,100052,235,99869,100,100081,100,99850,100,100120,100,99849,100,100135,100,99781,100,100140,100,98652,100,100327,100,,,100346,100,,
2019-06-28 09:52:27.602064979,99950,100,99905,139,99962,239,99902,235,100001,235,99882,235,100052,235,99869,100,100081,100,99850,100,100120,100,99849,100,100135,100,99781,100,100140,100,98652,100,100327,100,,,100346,100,,
2019-06-28 09:52:29.382931447,99950,100,99905,139,99962,239,99902,235,100001,235,99882,235,100052,235,99869,100,100081,100,99850,100,100120,100,99849,100,100135,100,99781,100,100140,100,99685,100,100327,100,98652,100,100346,100,,
2019-06-28 09:52:30.000000000,99950,202,99902,202,99962,202,99882,202,100001,202,99869,202,100052,202,99850,202,100081,100,99849,100,100120,100,99781,100,100135,100,99685,100,100140,100,98652,100,100327,100,,,100346,100,,
2019-06-28 09:52:40.000000000,99950,202,99902,202,99962,202,99882,202,100001,202,99869,202,100052,202,99850,202,100081,100,99849,100,100120,100,99781,100,100135,100,99685,100,100140,100,98652,100,100327,100,,,100346,100,,
2019-06-28 09:52:50.000000000,99950,182,99902,182,99962,182,99882,182,100001,182,99869,182,100052,182,99850,182,100081,182,99849,182,100120,100,99781,100,100135,100,99685,100,100140,100,98652,100,100327,100,,,100346,100,,
2019-06-28 09:53:00.000000000,99950,305,99902,305,99962,305,99882,305,100001,100,99869,100,100052,100,99850,100,100081,100,99849,100,100120,100,99781,100,100135,100,99685,100,100140,100,98652,100,100327,100,,,100346,100,,
2019-06-28 09:53:10.000000000,99950,182,99902,182,99962,182,99882,182,100001,182,99869,182,100052,182,99850,182,100081,182,99849,182,100120,100,99781,100,100135,100,99685,100,100140,100,98652,100,100327,100,,,100346,100,,
2019-06-28 09:53:16.511430166,99950,182,99902,182,99962,182,99882,182,100001,182,99869,182,100052,182,99850,182,100081,182,99849,182,100120,100,99781,100,100135,100,99685,100,100140,100,99600,100,100327,100,98652,100,100346,100,,
2019-06-28 09:53:17.399105368,99950,182,99902,182,99962,182,99882,182,100001,182,99869,182,100052,182,99850,182,100081,182,99849,182,100120,100,99781,100,100135,100,99685,100,100140,100,99600,100,100327,100,99233,100,100346,100,98652,100
2019-06-28 09:53:20.000000000,99950,182,99902,182,99962,182,99882,182,100001,182,99869,182,100052,182,99850,182,100081,182,99849,182,100120,100,99781,100,100135,100,99685,100,100140,100,99600,100,100327,100,99233,100,100346,100,98652,100
2019-06-28 09:53:30.000000000,99950,182,99902,182,99962,182,99882,182,100001,182,99869,182,100052,182,99850,182,100081,182,99849,182,100120,100,99781,100,100135,100,99685,100,100140,100,99600,100,100327,100,99233,100,100346,100,98652,100
2019-06-28 09:53:33.561477715,99946,100,99902,182,99950,182,99882,182,99962,182,99869,182,100001,182,99850,182,100052,182,99849,182,100081,182,99781,100,100120,100,99685,100,100135,100,99600,100,100140,100,99233,100,100327,100,98652,100
2019-06-28 09:53:35.705560000,99946,200,99902,182,99950,182,99882,182,99962,182,99869,182,100001,182,99850,182,100052,182,99849,182,100081,182,99781,100,100120,100,99685,100,100135,100,99600,100,100140,100,99233,100,100327,100,98652,100
2019-06-28 09:53:40.000000000,99946,282,99902,182,99950,182,99882,182,99962,182,99869,182,100001,182,99850,182,100052,182,99849,182,100081,100,99781,100,100120,100,99685,100,100135,100,99600,100,100140,100,99233,100,100327,100,98652,100
2019-06-28 09:53:50.000000000,99946,339,99902,239,99950,235,99882,235,99962,235,99869,235,100001,100,99850,100,100052,100,99849,100,100081,100,99781,100,100120,100,99685,100,100135,100,99600,100,100140,100,99233,100,100327,100,98652,100
2019-06-28 09:54:00.000000000,99946,302,99902,202,99950,202,99882,202,99962,202,99869,202,100001,202,99850,202,100052,100,99849,100,100081,100,99781,100,100120,100,99685,100,100135,100,99600,100,100140,100,99233,100,100327,100,98652,100
2019-06-28 09:54:00.462317279,99946,302,99902,102,99950,202,99882,202,99962,202,99869,202,100001,102,99850,202,100052,100,99849,100,100081,100,99781,100,100120,100,99685,100,100135,100,99600,100,100140,100,99233,100,100327,100,98652,100
2019-06-28 09:54:10.000000000,99946,405,99882,305,99950,305,99869,305,99962,100,99850,100,100052,100,99849,100,100081,100,99781,100,100120,100,99685,100,100135,100,99600,100,100140,100,99233,100,100327,100,98652,100,100346,100,,
2019-06-28 09:54:17.395326607,99905,100,99882,305,99946,405,99869,305,99950,305,99850,100,99962,100,99849,100,100052,100,99781,100,100081,100,99685,100,100120,100,99600,100,100135,100,99233,100,100140,100,98652,100,100327,100,,
2019-06-28 09:54:20.000000000,99905,239,99882,239,99946,335,99869,235,99950,235,99850,235,99962,100,99849,100,100052,100,99781,100,100081,100,99685,100,100120,100,99600,100,100135,100,99233,100,100140,100,98652,100,100327,100,,
2019-06-28 09:54:22.249209986,99905,239,99882,139,99946,335,99869,235,99950,235,99850,235,99962,100,99849,100,100052,100,99781,100,100081,100,99685,100,100120,100,99600,100,100135,100,99233,100,100140,100,98652,100,100327,100,,
2019-06-28 09:54:26.277662524,99905,239,99882,139,99946,335,99869,235,99950,235,99850,235,99962,100,99849,100,100052,100,99781,100,100081,100,99685,100,100120,100,99600,100,100135,100,99233,100,100140,100,99161,100,100327,100,98652,100
2019-06-28 09:54:30.000000000,99905,202,99869,202,99946,302,99850,202,99950,202,99849,202,99962,202,99781,202,100052,100,99685,100,100081,100,99600,100,100120,100,99233,100,100135,100,99161,100,100140,100,98652,100,100327,100,,
2019-06-28 09:54:40.000000000,99905,239,99869,239,99946,335,99850,235,99950,235,99849,235,99962,100,99781,100,100052,100,99685,100,100081,100,99600,100,100120,100,99233,100,100135,100,99161,100,100140,100,98652,100,100327,100,,
2019-06-28 09:54:50.000000000,99905,305,99869,305,99946,405,99850,305,99950,100,99849,100,99962,100,99781,100,100052,100,99685,100,100081,100,99600,100,100120,100,99233,100,100135,100,99161,100,100140,100,98652,100,100327,100,,
2019-06-28 09:55:00.000000000,99905,182,99869,182,99946,282,99850,182,99950,182,99849,182,99962,182,99781,182,100052,182,99685,182,100081,100,99600,100,100120,100,99233,100,100135,100,99161,100,100140,100,98652,100,100327,100,,
2019-06-28 09:55:05.273463461,99905,182,99869,182,99946,282,99850,182,99950,182,99849,182,99962,182,99781,182,100052,182,99685,182,100081,100,99600,100,100120,100,99389,100,100135,100,99233,100,100140,100,99161,100,100327,100,98652,100
2019-06-28 09:55:10.000000000,99905,305,99869,305,99946,405,99850,305,99950,100,99849,100,99962,100,99781,100,100052,100,99685,100,100081,100,99600,100,100120,100,99389,100,100135,100,99233,100,100140,100,99161,100,100327,100,98652,100
2019-06-28 09:55:11.748894017,99905,305,99869,205,99946,405,99850,305,99950,100,99849,100,99962,100,99781,100,100052,100,99685,100,100081,100,99600,100,100120,100,99389,100,100135,100,99233,100,100140,100,99161,100,100327,100,98652,100
2019-06-28 09:55:18.643080329,99905,305,99869,105,99946,405,99850,305,99950,100,99849,100,99962,100,99781,100,100052,100,99685,100,100081,100,99600,100,100120,100,99389,100,100135,100,99233,100,100140,100,99161,100,100327,100,98652,100
2019-06-28 09:55:20.000000000,99905,305,99850,305,99946,405,99849,305,99950,100,99781,100,99962,100,99685,100,100052,100,99600,100,100081,100,99389,100,100120,100,99233,100,100135,100,99161,100,100140,100,98652,100,100327,100,,
2019-06-28 09:55:25.544339263,99905,305,99850,205,99946,405,99849,305,99950,100,99781,100,99962,100,99685,100,100052,100,99600,100,100081,100,99389,100,100120,100,99233,100,100135,100,99161,100,100140,100,98652,100,100327,100,,
2019-06-28 09:55:30.000000000,99905,510,99849,510,99946,200,99781,100,99950,100,99685,100,99962,100,99600,100,100052,100,99389,100,100081,100,99233,100,100120,100,99161,100,100135,100,98652,100,100140,100,,,100327,100,,
2019-06-28 09:55:40.000000000,99905,305,99849,305,99946,405,99781,305,99950,100,99685,100,99962,100,99600,100,100052,100,99389,100,100081,100,99233,100,100120,100,99161,100,100135,100,98652,100,100140,100,,,100327,100,,
2019-06-28 09:55:45.976598223,99905,305,99849,205,99946,405,99781,305,99950,100,99685,100,99962,100,99600,100,100052,100,99389,100,100081,100,99233,100,100135,100,99161,100,100140,100,98652,100,100327,100,,,100346,100,,
2019-06-28 09:55:50.000000000,99905,202,99781,202,99946,302,99685,202,99950,202,99600,202,99962,202,99389,202,100052,100,99233,100,100081,100,99161,100,100135,100,98652,100,100140,100,,,100327,100,,,100346,100,,
2019-06-28 09:56:00.000000000,99905,510,99781,510,99946,200,99685,100,99950,100,99600,100,99962,100,99389,100,100052,100,99233,100,100081,100,99161,100,100135,100,98652,100,100140,100,,,100327,100,,,100346,100,,
2019-06-28 09:56:04.541516798,99905,510,99781,410,99946,200,99685,100,99950,100,99600,100,99962,100,99389,100,100052,100,99233,100,100081,100,99161,100,100135,100,98652,100,100140,100,,,100327,100,,,100346,100,,
2019-06-28 09:56:10.000000000,99905,202,99685,202,99946,302,99600,202,99950,202,99389,202,99962,202,99233,202,100052,100,99161,100,100081,100,98652,100,100135,100,,,100140,100,,,100327,100,,,100346,100,,
2019-06-28 09:56:20.000000000,99905,182,99685,182,99946,282,99600,182,99950,182,99389,182,99962,182,99233,182,100052,182,99161,182,100081,100,98652,100,100135,100,,,100140,100,,,100327,100,,,100346,100,,
2019-06-28 09:56:30.000000000,99905,202,99685,202,99946,302,99600,202,99950,202,99389,202,99962,202,99233,202,100052,100,99161,100,100081,100,98652,100,100135,100,,,100140,100,,,100327,100,,,100346,100,,
2019-06-28 09:56:40.000000000,99905,305,99685,305,99946,405,99600,305,99950,100,99389,100,99962,100,99233,100,100052,100,99161,100,100081,100,98652,100,100135,100,,,100140,100,,,100327,100,,,100346,100,,
2019-06-28 09:56:40.659304729,99849,100,99685,305,99905,305,99600,305,99946,405,99389,100,99950,100,99233,100,99962,100,99161,100,100052,100,98652,100,100081,100,,,100135,100,,,100140,100,,,100327,100,,
2019-06-28 09:56:49.986738212,99905,305,99685,305,99946,405,99600,305,99950,100,99389,100,99962,100,99233,100,100052,100,99161,100,100081,100,98652,100,100135,100,,,100140,100,,,100327,100,,,100346,100,,
2019-06-28 09:56:50.000000000,99905,305,99685,305,99946,405,99600,305,99950,100,99389,100,99962,100,99233,100,100052,100,99161,100,100081,100,98652,100,100135,100,,,100140,100,,,100327,100,,,100346,100,,
2019-06-28 09:57:00.000000000,99905,510,99685,510,99946,200,99600,100,99950,100,99389,100,99962,100,99233,100,100052,100,99161,100,100081,100,98652,100,100135,100,,,100140,100,,,100327,100,,,100346,100,,
2019-06-28 09:57:10.000000000,99905,510,99685,510,99946,200,99600,100,99950,100,99389,100,99962,100,99233,100,100052,100,99161,100,100081,100,98652,100,100135,100,,,100140,100,,,100327,100,,,100346,100,,
2019-06-28 09:57:11.641446380,99849,100,99685,510,99905,510,99600,100,99946,200,99389,100,99950,100,99233,100,99962,100,99161,100,100052,100,98652,100,100081,100,,,100135,100,,,100140,100,,,100327,100,,
2019-06-28 09:57:20.000000000,99849,202,99685,202,99905,202,99600,202,99946,302,99389,202,99950,202,99233,202,99962,100,99161,100,100052,100,98652,100,100081,100,,,100135,100,,,100140,100,,,100327,100,,
2019-06-28 09:57:30.000000000,99849,239,99685,239,99905,235,99600,235,99946,335,99389,235,99950,100,99233,100,99962,100,99161,100,100052,100,98652,100,100081,100,,,100135,100,,,100140,100,,,100327,100,,
2019-06-28 09:57:31.754588110,99845,100,99685,239,99849,239,99600,235,99905,235,99389,235,99946,335,99233,100,99950,100,99161,100,99962,100,98652,100,100052,100,,,100081,100,,,100135,100,,,100140,100,,
2019-06-28 09:57:39.321452735,99849,239,99685,239,99905,235,99600,235,99946,335,99389,235,99950,100,99233,100,100052,100,99161,100,100081,100,98652,100,100135,100,,,100140,100,,,100327,100,,,100346,100,,
2019-06-28 09:57:40.000000000,99849,239,99685,239,99905,235,99600,235,99946,335,99389,235,99950,100,99233,100,100052,100,99161,100,100081,100,98652,100,100135,100,,,100140,100,,,100327,100,,,100346,100,,
2019-06-28 09:57:43.369051659,99849,139,99685,239,99905,235,99600,235,99946,335,99389,235,99950,100,99233,100,100052,100,99161,100,100081,100,98652,100,100135,100,,,100140,100,,,100327,100,,,100346,100,,
2019-06-28 09:57:49.459867455,99849,139,99685,239,99905,235,99600,235,99946,335,99389,235,99950,100,99233,100,100016,100,99161,100,100052,100,98652,100,100081,100,,,100135,100,,,100140,100,,,100327,100,,
2019-06-28 09:57:50.000000000,99905,305,99685,305,99946,405,99600,305,99950,100,99389,100,100016,100,99233,100,100052,100,99161,100,100081,100,98652,100,100135,100,,,100140,100,,,100327,100,,,100346,100,,
2019-06-28 09:57:51.298805099,99848,100,99685,305,99905,305,99600,305,99946,405,99389,100,99950,100,99233,100,100016,100,99161,100,100052,100,98652,100,100081,100,,,100135,100,,,100140,100,,,100327,100,,
2019-06-28 09:57:56.953813604,99848,100,99796,100,99905,305,99685,305,99946,405,99600,305,99950,100,99389,100,100016,100,99233,100,100052,100,99161,100,100081,100,98652,100,100135,100,,,100140,100,,,100327,100,,
2019-06-28 09:57:59.421783123,99848,100,99796,100,99905,305,99764,100,99946,405,99685,305,99950,100,99600,305,100016,100,99389,100,100052,100,99233,100,100081,100,99161,100,100135,100,98652,100,100140,100,,,100327,100,,
2019-06-28 09:58:00.000000000,99848,182,99796,182,99905,182,99764,182,99946,282,99685,182,99950,182,99600,182,100016,182,99389,182,100052,100,99233,100,100081,100,99161,100,100135,100,98652,100,100140,100,,,100327,100,,
2019-06-28 09:58:10.000000000,99848,510,99796,510,99905,100,99764,100,99946,200,99685,100,99950,100,99600,100,100016,100,99389,100,100052,100,99233,100,100081,100,99161,100,100135,100,98652,100,100140,100,,,100327,100,,
2019-06-28 09:58:20.000000000,99848,305,99796,305,99905,305,99764,305,99946,200,99685,100,99950,100,99600,100,100016,100,99389,100,100052,100,99233,100,100081,100,99161,100,100135,100,98652,100,100140,100,,,100327,100,,
2019-06-28 09:58:26.853884851,99848,305,99796,305,99905,305,99764,305,99946,200,99718,100,99950,100,99685,100,100016,100,99600,100,100052,100,99389,100,100081,100,99233,100,100135,100,99161,100,100140,100,98652,100,100327,100,,
2019-06-28 09:58:30.000000000,99848,510,99796,510,99905,100,99764,100,99946,200,99718,100,99950,100,99685,100,100016,100,99600,100,100052,100,99389,100,100081,100,99233,100,100135,100,99161,100,100140,100,98652,100,100327,100,,
2019-06-28 09:58:40.000000000,99848,182,99796,182,99905,182,99764,182,99946,282,99718,182,99950,182,99685,182,100016,182,99600,182,100052,100,99389,100,100081,100,99233,100,100135,100,99161,100,100140,100,98652,100,100327,100,,
2019-06-28 09:58:50.000000000,99848,510,99796,510,99905,100,99764,100,99946,200,99718,100,99950,100,99685,100,100016,100,99600,100,100052,100,99389,100,100081,100,99233,100,100135,100,99161,100,100140,100,98652,100,100327,100,,
2019-06-28 09:59:00.000000000,99848,239,99796,239,99905,235,99764,235,99946,335,99718,235,99950,100,99685,100,100016,100,99600,100,100052,100,99389,100,100081,100,99233,100,100135,100,99161,100,100140,100,98652,100,100327,100,,
2019-06-28 09:59:10.000000000,99848,239,99796,239,99905,235,99764,235,99946,335,99718,235,99950,100,99685,100,100016,100,99600,100,100052,100,99389,100,100081,100,99233,100,100135,100,99161,100,100140,100,98652,100,100327,100,,
2019-06-28 09:59:20.000000000,99848,239,99796,239,99905,235,99764,235,99946,335,99718,235,99950,100,99685,100,100016,100,99600,100,100052,100,99389,100,100081,100,99233,100,100135,100,99161,100,100140,100,98652,100,100327,100,,
2019-06-28 09:59:23.185061538,99848,239,99796,239,99905,235,99764,135,99946,335,99718,235,99950,100,99685,100,100016,100,99600,100,100052,100,99389,100,100081,100,99298,100,100135,100,99233,100,100140,100,99161,100,100327,100,98652,100
2019-06-28 09:59:30.000000000,99848,305,99796,305,99905,305,99718,305,99946,200,99685,100,99950,100,99600,100,100016,100,99389,100,100052,100,99298,100,100081,100,99233,100,100135,100,99161,100,100140,100,98652,100,100327,100,,
2019-06-28 09:59:32.655797435,99848,305,99796,305,99905,305,99718,305,99946,200,99685,100,99950,100,99600,100,100016,100,99513,100,100052,100,99389,100,100081,100,99298,100,100135,100,99233,100,100140,100,99161,100,100327,100,98652,100
2019-06-28 09:59:40.000000000,99848,182,99796,182,99905,182,99718,182,99946,282,99685,182,99950,182,99600,182,100016,182,99513,182,100052,100,99389,100,100081,100,99298,100,100135,100,99233,100,100140,100,99161,100,100327,100,98652,100
2019-06-28 09:59:50.000000000,99848,239,99796,239,99905,235,99718,235,99946,335,99685,235,99950,100,99600,100,100016,100,99513,100,100052,100,99389,100,100081,100,99298,100,100135,100,99233,100,100140,100,99161,100,100327,100,98652,100
2019-06-28 10:00:00.000000000,99848,510,99796,510,99905,100,99718,100,99946,200,99685,100,99950,100,99600,100,100016,100,99513,100,100052,100,99389,100,100081,100,99298,100,100135,100,99233,100,100140,100,99161,100,100327,100,98652,100
2019-06-28 10:00:10.000000000,99848,510,99796,510,99905,100,99718,100,99946,200,99685,100,99950,100,99600,100,100016,100,99513,100,100052,100,99389,100,100081,100,99298,100,100135,100,99233,100,100140,100,99161,100,100327,100,98652,100
2019-06-28 10:00:20.000000000,99848,510,99796,510,99905,100,99718,100,99946,200,99685,100,99950,100,99600,100,100016,100,99513,100,100052,100,99389,100,100081,100,99298,100,100135,100,99233,100,100140,100,99161,100,100327,100,98652,100
2019-06-28 10:00:30.000000000,99848,510,99796,510,99905,100,99718,100,99946,200,99685,100,99950,100,99600,100,100016,100,99513,100,100052,100,99389,100,100081,100,99298,100,100135,100,99233,100,100140,100,99161,100,100327,100,98652,100
2019-06-28 10:00:34.157182830,99848,510,99796,510,99905,100,99718,100,99946,100,99685,100,99950,100,99600,100,100016,100,99513,100,100052,100,99389,100,100081,100,99298,100,100135,100,99233,100,100140,100,99161,100,100327,100,98652,100
2019-06-28 10:00:40.000000000,99848,182,99796,182,99905,182,99718,182,99946,182,99685,182,99950,182,99600,182,100016,182,99513,182,100052,100,99389,100,100081,100,99298,100,100135,100,99233,100,100140,100,99161,100,100327,100,98652,100
2019-06-28 10:00:50.000000000,99848,510,99796,510,99905,100,99718,100,99946,100,99685,100,99950,100,99600,100,100016,100,99513,100,100052,100,99389,100,100081,100,99298,100,100135,100,99233,100,100140,100,99161,100,100327,100,98652,100
2019-06-28 10:00:58.470695265,99848,510,99796,410,99905,100,99718,100,99946,100,99685,100,99950,100,99600,100,100016,100,99513,100,100052,100,99389,100,100081,100,99298,100,100135,100,99233,100,100140,100,99161,100,100327,100,98652,100
2019-06-28 10:01:00.000000000,99848,305,99718,305,99905,305,99685,305,99946,100,99600,100,99950,100,99513,100,100016,100,99389,100,100052,100,99298,100,100081,100,99233,100,100135,100,99161,100,100140,100,98652,100,100327,100,,
2019-06-28 10:01:10.000000000,99848,182,99718,182,99905,182,99685,182,99946,182,99600,182,99950,182,99513,182,100016,182,99389,182,100052,100,99298,100,100081,100,99233,100,100135,100,99161,100,100140,100,98652,100,100327,100,,
2019-06-28 10:01:20.000000000,99848,305,99718,305,99905,305,99685,305,99946,100,99600,100,99950,100,99513,100,100016,100,99389,100,100052,100,99298,100,100081,100,99233,100,100135,100,99161,100,100140,100,98652,100,100327,100,,
2019-06-28 10:01:30.000000000,99848,305,99718,305,99905,305,99685,305,99946,100,99600,100,99950,100,99513,100,100016,100,99389,100,100052,100,99298,100,100081,100,99233,100,100135,100,99161,100,100140,100,98652,100,100327,100,,
2019-06-28 10:01:37.494596101,99848,205,99718,305,99905,305,99685,305,99946,100,99600,100,99950,100,99513,100,100016,100,99389,100,100052,100,99298,100,100081,100,99233,100,100135,100,99161,100,100140,100,98652,100,100327,100,,
2019-06-28 10:01:40.000000000,99905,202,99718,202,99946,202,99685,202,99950,202,99600,202,100016,202,99513,202,100052,100,99389,100,100081,100,99298,100,100135,100,99233,100,100140,100,99161,100,100327,100,98652,100,100346,100,,
2019-06-28 10:01:50.000000000,99905,202,99718,202,99946,202,99685,202,99950,202,99600,202,100016,202,99513,202,100052,100,99389,100,100081,100,99298,100,100135,100,99233,100,100140,100,99161,100,100327,100,98652,100,100346,100,,
2019-06-28 10:01:57.236688498,99905,102,99797,100,99946,202,99718,202,99950,202,99685,202,100016,202,99600,202,100052,100,99513,202,100081,100,99389,100,100135,100,99298,100,100140,100,99233,100,100327,100,99161,100,100346,100,98652,100
2019-06-28 10:02:00.000000000,99946,239,99797,239,99950,235,99718,235,100016,235,99685,235,100052,100,99600,100,100081,100,99513,100,100135,100,99389,100,100140,100,99298,100,100327,100,99233,100,100346,100,99161,100,100398,100,98652,100
2019-06-28 10:02:10.000000000,99946,239,99797,239,99950,235,99718,235,100016,235,99685,235,100052,100,99600,100,100081,100,99513,100,100135,100,99389,100,100140,100,99298,100,100327,100,99233,100,100346,100,99161,100,100398,100,98652,100
2019-06-28 10:02:20.000000000,99946,182,99797,182,99950,182,99718,182,100016,182,99685,182,100052,182,99600,182,100081,182,99513,182,100135,100,99389,100,100140,100,99298,100,100327,100,99233,100,100346,100,99161,100,100398,100,98652,100
2019-06-28 10:02:30.000000000,99946,510,99797,510,99950,100,99718,100,100016,100,99685,100,100052,100,99600,100,100081,100,99513,100,100135,100,99389,100,100140,100,99298,100,100327,100,99233,100,100346,100,99161,100,100398,100,98652,100
2019-06-28 10:02:30.568518085,99946,510,99797,610,99950,100,99718,100,100016,100,99685,100,100052,100,99600,100,100081,100,99513,100,100135,100,99389,100,100140,100,99298,100,100327,100,99233,100,100346,100,99161,100,100398,100,98652,100
2019-06-28 10:02:40.000000000,99946,305,99797,405,99950,305,99718,305,100016,100,99685,100,100052,100,99600,100,100081,100,99513,100,100135,100,99389,100,100140,100,99298,100,100327,100,99233,100,100346,100,99161,100,100398,100,98652,100
2019-06-28 10:02:47.654439631,99932,100,99797,405,99946,305,99718,305,99950,305,99685,100,100016,100,99600,100,100052,100,99513,100,100081,100,99389,100,100135,100,99298,100,100140,100,99233,100,100327,100,99161,100,100346,100,98652,100
2019-06-28 10:02:48.078555567,99932,100,99797,305,99946,305,99718,305,99950,305,99685,100,100016,100,99600,100,100052,100,99513,100,100081,100,99389,100,100135,100,99298,100,100140,100,99233,100,100327,100,99161,100,100346,100,98652,100
2019-06-28 10:02:48.776566461,99932,100,99798,100,99946,305,99797,305,99950,305,99718,305,100016,100,99685,100,100052,100,99600,100,100081,100,99513,100,100135,100,99389,100,100140,100,99298,100,100327,100,99233,100,100346,100,99161,100
2019-06-28 10:02:50.000000000,99932,239,99798,239,99946,235,99797,235,99950,235,99718,235,100016,100,99685,100,100052,100,99600,100,100081,100,99513,100,100135,100,99389,100,100140,100,99298,100,100327,100,99233,100,100346,100,99161,100
2019-06-28 10:02:55.567978388,99932,239,99821,100,99946,235,99798,239,99950,235,99797,235,100016,100,99718,235,100052,100,99685,100,100081,100,99600,100,100135,100,99513,100,100140,100,99389,100,100346,100,99298,100,100398,100,99233,100
2019-06-28 10:02:56.783380649,99932,239,99821,100,99946,235,99798,239,99950,235,99797,235,100016,100,99718,235,100052,100,99685,100,100081,100,99667,100,100135,100,99600,100,100140,100,99513,100,100346,100,99389,100,100398,100,99298,100
2019-06-28 10:03:00.000000000,99932,305,99821,305,99946,305,99798,305,99950,100,99797,100,100016,100,99718,100,100052,100,99685,100,100081,100,99667,100,100135,100,99600,100,100140,100,99513,100,100346,100,99389,100,100398,100,99298,100
2019-06-28 10:03:10.000000000,99932,510,99821,510,99946,100,99798,100,99950,100,99797,100,100016,100,99718,100,100052,100,99685,100,100081,100,99667,100,100135,100,99600,100,100140,100,99513,100,100346,100,99389,100,100398,100,99298,100
2019-06-28 10:03:20.000000000,99932,182,99821,182,99946,182,99798,182,99950,182,99797,182,100016,182,99718,182,100052,182,99685,182,100081,100,99667,100,100135,100,99600,100,100140,100,99513,100,100346,100,99389,100,100398,100,99298,100
2019-06-28 10:03:30.000000000,99932,305,99821,305,99946,305,99798,305,99950,100,99797,100,100016,100,99718,100,100052,100,99685,100,100081,100,99667,100,100135,100,99600,100,100140,100,99513,100,100346,100,99389,100,100398,100,99298,100
2019-06-28 10:03:40.000000000,99932,182,99821,182,99946,182,99798,182,99950,182,99797,182,100016,182,99718,182,100052,182,99685,182,100081,100,99667,100,100135,100,99600,100,100140,100,99513,100,100346,100,99389,100,100398,100,99298,100
2019-06-28 10:03:47.426081336,99932,182,99821,182,99946,282,99798,182,99950,182,99797,182,100016,182,99718,182,100052,182,99685,182,100081,100,99667,100,100135,100,99600,100,100140,100,99513,100,100346,100,99389,100,100398,100,99298,100
2019-06-28 10:03:50.000000000,99932,182,99821,182,99946,282,99798,182,99950,182,99797,182,100016,182,99718,182,100052,182,99685,182,100081,100,99667,100,100135,100,99600,100,100140,100,99513,100,100346,100,99389,100,100398,100,99298,100
2019-06-28 10:04:00.000000000,99932,182,99821,182,99946,282,99798,182,99950,182,99797,182,100016,182,99718,182,100052,182,99685,182,100081,100,99667,100,100135,100,99600,100,100140,100,99513,100,100346,100,99389,100,100398,100,99298,100
2019-06-28 10:04:00.374976267,99929,100,99821,182,99932,182,99798,182,99946,282,99797,182,99950,182,99718,182,100016,182,99685,182,100052,182,99667,100,100081,100,99513,100,100135,100,99389,100,100140,100,99298,100,100346,100,99233,100
2019-06-28 10:04:03.582133078,99929,100,99821,182,99932,182,99798,182,99946,282,99797,182,99950,182,99718,182,100007,100,99685,182,100016,182,99667,100,100052,182,99513,100,100081,100,99389,100,100135,100,99298,100,100140,100,99233,100
2019-06-28 10:04:10.000000000,99929,305,99821,305,99932,305,99798,305,99946,200,99797,100,99950,100,99718,100,100007,100,99685,100,100016,100,99667,100,100052,100,99513,100,100081,100,99389,100,100135,100,99298,100,100140,100,99233,100
2019-06-28 10:04:20.000000000,99929,202,99821,202,99932,202,99798,202,99946,302,99797,202,99950,202,99718,202,100007,100,99685,100,100016,100,99667,100,100052,100,99513,100,100081,100,99389,100,100135,100,99298,100,100140,100,99233,100
2019-06-28 10:04:23.706987273,99929,202,99821,102,99932,202,99798,202,99946,302,99797,202,99950,202,99718,202,100007,100,99685,100,100016,100,99667,100,100052,100,99513,100,100081,100,99389,100,100135,100,99298,100,100140,100,99233,100
2019-06-28 10:04:30.000000000,99929,239,99798,239,99932,235,99797,235,99946,335,99718,235,99950,100,99685,100,100007,100,99667,100,100016,100,99513,100,100052,100,99389,100,100081,100,99298,100,100135,100,99233,100,100140,100,99161,100
2019-06-28 10:04:35.361621538,99929,239,99798,139,99932,235,99797,235,99946,335,99718,235,99950,100,99685,100,100007,100,99667,100,100016,100,99513,100,100052,100,99389,100,100081,100,99298,100,100135,100,99233,100,100140,100,99161,100
2019-06-28 10:04:40.000000000,99929,202,99797,202,99932,202,99718,202,99946,302,99685,202,99950,202,99667,202,100007,100,99513,100,100016,100,99389,100,100052,100,99298,100,100081,100,99233,100,100135,100,99161,100,100140,100,,
2019-06-28 10:04:43.051770271,99929,202,99797,102,99932,202,99718,202,99946,302,99685,202,99950,202,99667,202,100007,100,99513,100,100016,100,99389,100,100052,100,99298,100,100081,100,99233,100,100135,100,99161,100,100140,100,,
2019-06-28 10:04:47.401585285,99929,202,99797,2,99932,202,99718,202,99946,302,99685,202,99950,202,99667,202,100007,100,99513,100,100016,100,99389,100,100052,100,99298,100,100081,100,99233,100,100135,100,99161,100,100140,100,,
2019-06-28 10:04:50.000000000,99929,202,99718,202,99932,202,99685,202,99946,302,99667,202,99950,202,99513,202,100007,100,99389,100,100016,100,99298,100,100052,100,99233,100,100081,100,99161,100,100135,100,,,100140,100,,
2019-06-28 10:04:54.563505151,99929,202,99797,100,99932,202,99718,202,99946,302,99685,202,99950,202,99667,202,100007,100,99513,202,100016,100,99389,100,100052,100,99298,100,100081,100,99233,100,100135,100,99161,100,100140,100,,
2019-06-28 10:05:00.000000000,99929,239,99797,239,99932,235,99718,235,99946,335,99685,235,99950,100,99667,100,100007,100,99513,100,100016,100,99389,100,100052,100,99298,100,100081,100,99233,100,100135,100,99161,100,100140,100,,
2019-06-28 10:05:10.000000000,99929,202,99797,202,99932,202,99718,202,99946,302,99685,202,99950,202,99667,202,100007,100,99513,100,100016,100,99389,100,100052,100,99298,100,100081,100,99233,100,100135,100,99161,100,100140,100,,
2019-06-28 10:05:20.000000000,99929,202,99797,202,99932,202,99718,202,99946,302,99685,202,99950,202,99667,202,100007,100,99513,100,100016,100,99389,100,100052,100,99298,100,100081,100,99233,100,100135,100,99161,100,100140,100,,
2019-06-28 10:05:30.000000000,99929,182,99797,182,99932,182,99718,182,99946,282,99685,182,99950,182,99667,182,100007,182,99513,182,100016,100,99389,100,100052,100,99298,100,100081,100,99233,100,100135,100,99161,100,100140,100,,
2019-06-28 10:05:40.000000000,99929,182,99797,182,99932,182,99718,182,99946,282,99685,182,99950,182,99667,182,100007,182,99513,182,100016,100,99389,100,100052,100,99298,100,100081,100,99233,100,100135,100,99161,100,100140,100,,
2019-06-28 10:05:50.000000000,99929,239,99797,239,99932,235,99718,235,99946,335,99685,235,99950,100,99667,100,100007,100,99513,100,100016,100,99389,100,100052,100,99298,100,100081,100,99233,100,100135,100,99161,100,100140,100,,
2019-06-28 10:06:00.000000000,99929,510,99797,510,99932,100,99718,100,99946,200,99685,100,99950,100,99667,100,100007,100,99513,100,100016,100,99389,100,100052,100,99298,100,100081,100,99233,100,100135,100,99161,100,100140,100,,
2019-06-28 10:06:10.000000000,99929,202,99797,202,99932,202,99718,202,99946,302,99685,202,99950,202,99667,202,100007,100,99513,100,100016,100,99389,100,100052,100,99298,100,100081,100,99233,100,100135,100,99161,100,100140,100,,
2019-06-28 10:06:17.669202854,99929,202,99797,202,99932,202,99718,202,99946,302,99685,202,99950,202,99667,202,100007,100,99513,100,100016,100,99389,100,100052,100,99298,100,100081,100,99233,100,100135,100,99161,100,100140,100,98045,100
2019-06-28 10:06:20.000000000,99929,305,99797,305,99932,305,99718,305,99946,200,99685,100,99950,100,99667,100,100007,100,99513,100,100016,100,99389,100,100052,100,99298,100,100081,100,99233,100,100135,100,99161,100,100140,100,98045,100
2019-06-28 10:06:30.000000000,99929,510,99797,510,99932,100,99718,100,99946,200,99685,100,99950,100,99667,100,100007,100,99513,100,100016,100,99389,100,100052,100,99298,100,100081,100,99233,100,100135,100,99161,100,100140,100,98045,100
2019-06-28 10:06:40.000000000,99929,239,99797,239,99932,235,99718,235,99946,335,99685,235,99950,100,99667,100,100007,100,99513,100,100016,100,99389,100,100052,100,99298,100,100081,100,99233,100,100135,100,99161,100,100140,100,98045,100
2019-06-28 10:06:50.000000000,99929,202,99797,202,99932,202,99718,202,99946,302,99685,202,99950,202,99667,202,100007,100,99513,100,100016,100,99389,100,100052,100,99298,100,100081,100,99233,100,100135,100,99161,100,100140,100,98045,100
2019-06-28 10:07:00.000000000,99929,202,99797,202,99932,202,99718,202,99946,302,99685,202,99950,202,99667,202,100007,100,99513,100,100016,100,99389,100,100052,100,99298,100,100081,100,99233,100,100135,100,99161,100,100140,100,98045,100
2019-06-28 10:07:09.156996455,99929,202,99797,202,99932,202,99718,202,99946,202,99685,202,99950,202,99667,202,100007,100,99513,100,100016,100,99389,100,100052,100,99298,100,100081,100,99233,100,100135,100,99161,100,100140,100,98045,100
2019-06-28 10:07:10.000000000,99929,239,99797,239,99932,235,99718,235,99946,235,99685,235,99950,100,99667,100,100007,100,99513,100,100016,100,99389,100,100052,100,99298,100,100081,100,99233,100,100135,100,99161,100,100140,100,98045,100
2019-06-28 10:07:20.000000000,99929,202,99797,202,99932,202,99718,202,99946,202,99685,202,99950,202,99667,202,100007,100,99513,100,100016,100,99389,100,100052,100,99298,100,100081,100,99233,100,100135,100,99161,100,100140,100,98045,100
2019-06-28 10:07:24.778226434,99929,202,99797,102,99932,202,99718,202,99946,202,99685,202,99950,202,99667,202,100007,100,99513,100,100016,100,99389,100,100052,100,99298,100,100081,100,99233,100,100135,100,99161,100,100140,100,98045,100
2019-06-28 10:07:25.019451579,99929,202,99797,102,99932,202,99718,202,99946,202,99685,202,99950,202,99667,202,100007,100,99513,100,100016,100,99389,100,100052,100,99298,100,100081,100,99233,100,100135,100,99161,100,100140,100,98505,100
2019-06-28 10:07:26.480729785,99929,202,99797,2,99932,202,99718,202,99946,202,99685,202,99950,202,99667,202,100007,100,99513,100,100016,100,99389,100,100052,100,99298,100,100081,100,99233,100,100135,100,99161,100,100140,100,98505,100
2019-06-28 10:07:30.000000000,99929,510,99718,510,99932,100,99685,100,99946,100,99667,100,99950,100,99513,100,100007,100,99389,100,100016,100,99298,100,100052,100,99233,100,100081,100,99161,100,100135,100,98505,100,100140,100,98045,100
2019-06-28 10:07:40.000000000,99929,182,99718,182,99932,182,99685,182,99946,182,99667,182,99950,182,99513,182,100007,182,99389,182,100016,100,99298,100,100052,100,99233,100,100081,100,99161,100,100135,100,98505,100,100140,100,98045,100
2019-06-28 10:07:40.891198726,99929,182,99718,82,99932,182,99685,182,99946,182,99667,182,99950,182,99513,182,100007,182,99389,182,100052,100,99298,100,100081,100,99233,100,100135,100,99161,100,100140,100,98505,100,100346,100,98045,100
2019-06-28 10:07:50.000000000,99929,305,99685,305,99932,305,99667,305,99946,100,99513,100,99950,100,99389,100,100007,100,99298,100,100052,100,99233,100,100081,100,99161,100,100135,100,98505,100,100140,100,98045,100,100346,100,,
2019-06-28 10:07:58.510068242,99929,305,99685,205,99932,205,99667,305,99946,100,99513,100,99950,100,99389,100,100007,100,99298,100,100052,100,99233,100,100081,100,99161,100,100135,100,98505,100,100140,100,98045,100,100346,100,,
2019-06-28 10:08:00.000000000,99929,305,99667,305,99946,305,99513,305,99950,100,99389,100,100007,100,99298,100,100052,100,99233,100,100081,100,99161,100,100135,100,98505,100,100140,100,98045,100,100346,100,,,100398,100,,
2019-06-28 10:08:10.000000000,99929,182,99667,182,99946,182,99513,182,99950,182,99389,182,100007,182,99298,182,100052,182,99233,182,100081,100,99161,100,100135,100,98505,100,100140,100,98045,100,100346,100,,,100398,100,,
2019-06-28 10:08:20.000000000,99929,239,99667,239,99946,235,99513,235,99950,235,99389,235,100007,100,99298,100,100052,100,99233,100,100081,100,99161,100,100135,100,98505,100,100140,100,98045,100,100346,100,,,100398,100,,
2019-06-28 10:08:30.000000000,99929,239,99667,239,99946,235,99513,235,99950,235,99389,235,100007,100,99298,100,100052,100,99233,100,100081,100,99161,100,100135,100,98505,100,100140,100,98045,100,100346,100,,,100398,100,,
2019-06-28 10:08:32.383634666,99929,239,99667,239,99946,235,99513,235,99950,235,99389,235,100007,100,99298,100,100052,100,99233,100,100081,100,99161,100,100135,100,99049,100,100140,100,98505,100,100346,100,98045,100,100398,100,,
2019-06-28 10:08:40.000000000,99929,239,99667,239,99946,235,99513,235,99950,235,99389,235,100007,100,99298,100,100052,100,99233,100,100081,100,99161,100,100135,100,99049,100,100140,100,98505,100,100346,100,98045,100,100398,100,,
2019-06-28 10:08:50.000000000,99929,305,99667,305,99946,305,99513,305,99950,100,99389,100,100007,100,99298,100,100052,100,99233,100,100081,100,99161,100,100135,100,99049,100,100140,100,98505,100,100346,100,98045,100,100398,100,,
2019-06-28 10:09:00.000000000,99929,305,99667,305,99946,305,99513,305,99950,100,99389,100,100007,100,99298,100,100052,100,99233,100,100081,100,99161,100,100135,100,99049,100,100140,100,98505,100,100346,100,98045,100,100398,100,,
2019-06-28 10:09:10.000000000,99929,510,99667,510,99946,100,99513,100,99950,100,99389,100,100007,100,99298,100,100052,100,99233,100,100081,100,99161,100,100135,100,99049,100,100140,100,98505,100,100346,100,98045,100,100398,100,,
2019-06-28 10:09:20.000000000,99929,202,99667,202,99946,202,99513,202,99950,202,99389,202,100007,202,99298,202,100052,100,99233,100,100081,100,99161,100,100135,100,99049,100,100140,100,98505,100,100346,100,98045,100,100398,100,,
2019-06-28 10:09:23.742266917,99929,202,99667,2,99946,202,99513,202,99950,202,99389,202,100007,202,99298,202,100052,100,99233,100,100081,100,99161,100,100135,100,99049,100,100140,100,98505,100,100346,100,98045,100,100398,100,,
2019-06-28 10:09:27.155980972,99929,202,99667,2,99946,202,99513,202,99950,202,99389,202,100007,202,99298,202,100052,100,99269,100,100081,100,99161,100,100135,100,99049,100,100140,100,98505,100,100346,100,98045,100,100398,100,,
2019-06-28 10:09:30.000000000,99929,305,99513,305,99946,305,99389,305,99950,100,99298,100,100007,100,99269,100,100052,100,99161,100,100081,100,99049,100,100135,100,98505,100,100140,100,98045,100,100346,100,,,100398,100,,
2019-06-28 10:09:31.452986963,99685,100,99513,305,99929,305,99389,305,99946,305,99298,100,99950,100,99269,100,100007,100,99161,100,100052,100,99049,100,100081,100,98505,100,100135,100,98045,100,100140,100,,,100346,100,,
2019-06-28 10:09:38.792868766,99600,100,99513,305,99685,100,99389,305,99929,305,99298,100,99946,305,99269,100,99950,100,99161,100,100007,100,99049,100,100052,100,98505,100,100081,100,98045,100,100135,100,,,100140,100,,
2019-06-28 10:09:40.000000000,99600,305,99513,305,99685,305,99389,305,99929,100,99298,100,99946,100,99269,100,99950,100,99161,100,100007,100,99049,100,100052,100,98505,100,100081,100,98045,100,100135,100,,,100140,100,,
2019-06-28 10:09:50.000000000,99600,202,99513,202,99685,202,99389,202,99929,202,99298,202,99946,202,99269,202,99950,100,99161,100,100007,100,99049,100,100052,100,98505,100,100081,100,98045,100,100135,100,,,100140,100,,
2019-06-28 10:10:00.000000000,99600,305,99513,305,99685,305,99389,305,99929,100,99298,100,99946,100,99269,100,99950,100,99161,100,100007,100,99049,100,100052,100,98505,100,100081,100,98045,100,100135,100,,,100140,100,,
2019-06-28 10:10:00.681536194,99600,305,99513,305,99685,405,99389,305,99929,100,99298,100,99946,100,99269,100,99950,100,99161,100,100007,100,99049,100,100052,100,98505,100,100081,100,98045,100,100135,100,,,100140,100,,
2019-06-28 10:10:10.000000000,99600,239,99513,239,99685,335,99389,235,99929,235,99298,235,99946,100,99269,100,99950,100,99161,100,100007,100,99049,100,100052,100,98505,100,100081,100,98045,100,100135,100,,,100140,100,,
