,ask_price_1,ask_size_1,bid_price_1,bid_size_1,ask_price_2,ask_size_2,bid_price_2,bid_size_2,ask_price_3,ask_size_3,bid_price_3,bid_size_3,ask_price_4,ask_size_4,bid_price_4,bid_size_4,ask_price_5,ask_size_5,bid_price_5,bid_size_5,ask_price_6,ask_size_6,bid_price_6,bid_size_6,ask_price_7,ask_size_7,bid_price_7,bid_size_7,ask_price_8,ask_size_8,bid_price_8,bid_size_8,ask_price_9,ask_size_9,bid_price_9,bid_size_9,ask_price_10,ask_size_10,bid_price_10,bid_size_10
2019-06-28 09:30:00.000000000,100049,100,99858,100,,,,,,,,,,,,,,,,,,,,,,,,,,,,,,,,,,,,
2019-06-28 09:30:00.000000001,100049,100,99927,100,,,99858,100,,,,,,,,,,,,,,,,,,,,,,,,,,,,,,,,
2019-06-28 09:30:00.000000002,100005,100,99927,100,100049,100,99858,100,,,,,,,,,,,,,,,,,,,,,,,,,,,,,,,,
2019-06-28 09:30:00.000000003,100005,100,99858,100,100049,100,,,,,,,,,,,,,,,,,,,,,,,,,,,,,,,,,,
2019-06-28 09:30:00.000000004,99986,100,99858,100,100005,100,,,100049,100,,,,,,,,,,,,,,,,,,,,,,,,,,,,,,
2019-06-28 09:30:00.000000006,100005,100,99858,100,100049,100,,,100065,100,,,,,,,,,,,,,,,,,,,,,,,,,,,,,,
2019-06-28 09:30:00.000000007,100005,100,99927,100,100049,100,99858,100,100065,100,,,,,,,,,,,,,,,,,,,,,,,,,,,,,,
2019-06-28 09:30:00.000000008,99986,100,99927,100,100005,100,99858,100,100049,100,,,100065,100,,,,,,,,,,,,,,,,,,,,,,,,,,
2019-06-28 09:30:00.000000013,99986,100,99954,100,100005,100,99927,100,100049,100,99858,100,100065,100,,,,,,,,,,,,,,,,,,,,,,,,,,
2019-06-28 09:30:00.000000014,99986,100,99954,100,100005,100,99927,100,100045,100,99858,100,100049,100,,,100065,100,,,,,,,,,,,,,,,,,,,,,,
2019-06-28 09:30:00.000000015,99986,100,99971,100,100005,100,99954,100,100045,100,99927,100,100049,100,99858,100,100065,100,,,,,,,,,,,,,,,,,,,,,,
2019-06-28 09:30:00.000000021,99986,100,99971,100,100005,100,99954,100,100040,100,99927,200,100045,100,99858,100,100049,100,,,100065,100,,,,,,,,,,,,,,,,,,
2019-06-28 09:30:00.000000022,99986,100,99974,100,100005,100,99971,100,100040,100,99954,100,100045,100,99927,200,100049,100,99858,100,100065,100,,,,,,,,,,,,,,,,,,
2019-06-28 09:30:00.000000025,99986,200,99974,100,100005,100,99971,100,100040,100,99954,100,100045,100,99927,200,100049,100,99858,100,100065,100,,,,,,,,,,,,,,,,,,
2019-06-28 09:30:00.000000027,99986,200,99971,100,100005,100,99954,100,100040,100,99927,200,100045,100,99858,100,100049,100,,,100065,100,,,,,,,,,,,,,,,,,,
2019-06-28 09:30:00.000000028,99985,100,99971,100,99986,200,99954,100,100005,100,99927,200,100027,100,99858,100,100040,100,,,100045,100,,,100049,100,,,100065,100,,,,,,,,,,
2019-06-28 09:30:00.000000029,99985,100,99971,100,99986,200,99954,100,100005,100,99927,200,100027,100,99858,100,100031,100,,,100040,100,,,100045,100,,,100049,100,,,100064,100,,,100065,100,,
2019-06-28 09:30:00.000000033,99972,100,99971,100,99985,100,99954,100,99986,200,99927,200,100005,100,99858,100,100027,100,,,100031,100,,,100040,100,,,100045,100,,,100049,100,,,100064,100,,
2019-06-28 09:30:00.000000037,99972,100,99971,100,99985,200,99954,100,99986,200,99927,200,100005,100,99858,100,100027,100,,,100031,100,,,100040,100,,,100045,100,,,100049,100,,,100064,100,,
2019-06-28 09:30:00.000000045,99974,100,99972,100,99985,200,99971,100,99986,200,99954,100,100005,100,99931,100,100027,100,99927,200,100031,100,99858,100,100040,100,,,100045,100,,,100049,100,,,100064,100,,
2019-06-28 09:30:00.000000047,99974,100,99972,200,99985,200,99971,100,99986,200,99954,100,100005,100,99931,100,100027,100,99927,200,100031,100,99858,100,100040,100,,,100045,100,,,100049,100,,,100064,100,,
2019-06-28 09:30:00.000000049,99974,200,99972,200,99985,200,99971,100,99986,200,99954,100,100005,100,99931,100,100027,100,99927,200,100031,100,99858,100,100040,100,,,100045,100,,,100049,100,,,100064,100,,
2019-06-28 09:30:00.000000051,99974,200,99972,200,99985,200,99971,100,99986,200,99955,100,100005,100,99954,100,100027,100,99931,100,100031,100,99927,200,100040,100,99858,100,100045,100,,,100049,100,,,100064,100,,
2019-06-28 09:30:00.000000052,99974,200,99972,200,99985,200,99971,100,99986,200,99955,100,100005,100,99954,100,100027,100,99931,100,100031,100,99927,200,100040,100,99858,100,100045,100,,,100049,100,,,100055,100,,
2019-06-28 09:30:00.000000053,99974,200,99972,200,99985,200,99971,100,99986,200,99955,100,100005,100,99954,100,100027,100,99931,100,100031,100,99927,200,100040,100,99858,100,100045,100,,,100049,100,,,100055,100,,
2019-06-28 09:30:00.000000055,99974,200,99972,200,99985,200,99971,100,99986,200,99955,100,100005,100,99954,100,100027,100,99931,100,100031,100,99927,200,100040,100,99913,100,100045,100,99858,100,100049,100,99831,100,100055,100,,
2019-06-28 09:30:00.000000057,99974,200,99972,200,99985,200,99971,100,99986,200,99955,100,100005,100,99954,100,100027,100,99931,100,100031,100,99927,200,100040,100,99913,100,100045,100,99858,100,100049,100,99831,100,100055,100,,
2019-06-28 09:30:00.000000058,99974,200,99972,200,99985,200,99971,100,99986,200,99955,100,100005,100,99954,100,100027,100,99931,100,100031,100,99927,200,100040,100,99913,100,100045,100,99858,100,100049,100,99831,100,100055,100,99827,100
2019-06-28 09:30:00.000000059,99974,200,99972,200,99985,200,99971,100,99986,200,99959,100,100005,100,99955,100,100027,100,99954,100,100031,100,99931,100,100040,100,99927,200,100045,100,99913,100,100049,100,99858,100,100055,100,99831,100
2019-06-28 09:30:00.000000060,99974,200,99972,200,99985,200,99971,100,99986,200,99959,100,100005,100,99955,100,100027,100,99954,100,100031,100,99931,100,100040,100,99927,300,100045,100,99913,100,100049,100,99858,100,100055,100,99831,100
2019-06-28 09:30:00.000000063,99974,200,99972,100,99985,200,99971,100,99986,200,99959,100,100005,100,99955,100,100027,100,99954,100,100031,100,99931,100,100040,100,99927,300,100045,100,99913,100,100049,100,99858,100,100055,100,99831,100
2019-06-28 09:30:00.000000064,99974,200,99972,100,99985,200,99971,100,99986,200,99959,100,100005,100,99955,100,100012,100,99954,100,100027,100,99931,100,100031,100,99927,300,100040,100,99913,100,100045,100,99870,100,100049,100,99858,100
2019-06-28 09:30:00.000000065,99974,200,99972,100,99985,200,99971,100,99986,200,99959,100,100005,100,99955,100,100012,100,99954,100,100027,100,99931,100,100031,100,99927,300,100040,100,99913,100,100045,100,99870,100,100049,100,99858,100
2019-06-28 09:30:00.000000069,99974,200,99972,100,99985,200,99971,100,99986,200,99959,100,100005,100,99955,100,100012,100,99954,100,100027,100,99931,100,100031,100,99927,300,100040,100,99913,100,100045,100,99874,100,100049,100,99870,100
2019-06-28 09:30:00.000000070,99974,200,99972,100,99985,200,99971,100,99986,200,99959,100,100005,100,99955,100,100012,100,99954,100,100027,100,99931,100,100031,100,99927,300,100040,100,99913,100,100045,100,99874,100,100049,100,99870,100
2019-06-28 09:30:00.000000071,99974,200,99972,100,99985,200,99971,100,99986,200,99959,100,100005,100,99955,100,100012,100,99954,100,100027,100,99931,100,100031,100,99927,300,100040,100,99925,100,100045,100,99913,100,100049,100,99874,100
2019-06-28 09:30:00.000000072,99974,100,99972,100,99985,200,99971,100,99986,200,99959,100,99991,100,99955,100,100005,100,99954,100,100012,100,99931,100,100027,100,99927,300,100031,100,99925,100,100040,100,99913,100,100045,100,99874,100
2019-06-28 09:30:00.000000073,99974,100,99972,100,99985,200,99971,100,99986,200,99959,100,99991,100,99955,100,100005,100,99954,100,100012,100,99931,100,100027,100,99927,300,100031,100,99925,100,100040,100,99913,100,100045,100,99874,100
2019-06-28 09:30:00.000000074,99974,100,99972,100,99985,200,99971,100,99986,200,99959,100,99991,100,99955,100,100005,100,99954,100,100012,100,99935,100,100027,100,99931,100,100031,100,99927,300,100040,100,99925,100,100045,100,99913,100
2019-06-28 09:30:00.000000075,99974,100,99972,100,99985,200,99971,100,99986,200,99959,100,99991,100,99955,100,100005,100,99954,100,100012,100,99935,100,100027,200,99931,100,100031,100,99927,300,100040,100,99925,100,100045,100,99913,100
2019-06-28 09:30:00.000000077,99974,100,99972,100,99985,200,99971,100,99986,200,99959,100,99991,100,99955,100,100005,100,99954,100,100012,100,99935,100,100027,200,99931,100,100031,100,99927,300,100040,100,99925,100,100045,100,99913,100
2019-06-28 09:30:00.000000079,99985,200,99972,100,99986,200,99971,100,99991,100,99959,100,100005,100,99955,100,100012,100,99954,100,100027,200,99935,100,100031,100,99931,100,100040,100,99927,300,100045,100,99925,100,100049,100,99913,100
2019-06-28 09:30:00.000000083,99985,200,99972,100,99986,200,99971,100,99991,100,99959,100,100005,100,99955,100,100012,100,99954,100,100027,200,99935,100,100031,100,99931,100,100040,100,99927,300,100041,100,99925,100,100045,100,99913,100
2019-06-28 09:30:00.000000085,99985,100,99972,100,99986,200,99971,100,99991,100,99959,100,100005,100,99955,100,100012,100,99954,100,100027,200,99935,100,100031,100,99931,100,100040,100,99927,300,100041,100,99925,100,100045,100,99913,100
2019-06-28 09:30:00.000000086,99985,100,99972,100,99986,200,99971,100,99991,100,99959,100,100005,100,99955,100,100012,100,99954,100,100027,200,99935,100,100031,100,99931,100,100040,100,99927,300,100041,100,99925,100,100043,100,99913,100
2019-06-28 09:30:00.000000090,99985,100,99972,100,99986,200,99971,100,99991,100,99959,100,100005,100,99955,100,100012,100,99954,100,100027,200,99947,100,100031,100,99935,100,100040,100,99931,100,100041,100,99927,300,100043,100,99925,100
2019-06-28 09:30:00.000000091,99985,100,99974,100,99986,200,99972,100,99991,100,99971,100,100005,100,99959,100,100012,100,99955,100,100027,200,99954,100,100031,100,99947,100,100040,100,99935,100,100041,100,99931,100,100043,100,99927,300
2019-06-28 09:30:00.000000092,99985,200,99974,200,99986,200,99972,100,99991,100,99971,100,100005,100,99959,100,100012,100,99955,100,100027,200,99954,100,100031,100,99947,100,100040,100,99935,100,100041,100,99931,100,100043,100,99927,300
2019-06-28 09:30:00.000000094,99985,200,99974,300,99986,200,99972,100,99991,100,99971,100,100005,100,99959,100,100012,100,99955,100,100027,200,99954,100,100031,100,99947,100,100040,100,99935,100,100041,100,99931,100,100043,100,99927,300
2019-06-28 09:30:00.000000098,99985,200,99974,300,99986,200,99972,100,99991,100,99971,100,100005,100,99959,100,100012,100,99955,100,100027,200,99954,100,100031,100,99947,100,100040,100,99935,100,100041,100,99931,100,100043,100,99927,300
2019-06-28 09:30:00.000000099,99985,200,99974,300,99986,200,99972,100,99991,100,99971,100,100005,100,99959,100,100012,100,99955,100,100027,200,99954,100,100031,100,99947,100,100040,100,99935,100,100041,100,99933,100,100043,100,99931,100
2019-06-28 09:30:05.309862506,99985,200,99974,200,99986,200,99972,100,99991,100,99971,100,100005,100,99959,100,100012,100,99955,100,100027,200,99954,100,100031,100,99947,100,100040,100,99935,100,100041,100,99933,100,100043,100,99931,100
2019-06-28 09:30:10.000000000,99985,285,99974,285,99986,285,99972,185,99991,185,99971,185,100005,185,99959,185,100012,100,99955,100,100027,200,99954,100,100031,100,99947,100,100040,100,99935,100,100041,100,99933,100,100043,100,99931,100
2019-06-28 09:30:20.000000000,99985,285,99974,285,99986,285,99972,185,99991,185,99971,185,100005,185,99959,185,100012,100,99955,100,100027,200,99954,100,100031,100,99947,100,100040,100,99935,100,100041,100,99933,100,100043,100,99931,100
2019-06-28 09:30:30.000000000,99985,539,99974,539,99986,200,99972,100,99991,100,99971,100,100005,100,99959,100,100012,100,99955,100,100027,200,99954,100,100031,100,99947,100,100040,100,99935,100,100041,100,99933,100,100043,100,99931,100
2019-06-28 09:30:40.000000000,99985,370,99974,370,99986,370,99972,270,99991,100,99971,100,100005,100,99959,100,100012,100,99955,100,100027,200,99954,100,100031,100,99947,100,100040,100,99935,100,100041,100,99933,100,100043,100,99931,100
2019-06-28 09:30:50.000000000,99985,285,99974,285,99986,285,99972,185,99991,185,99971,185,100005,185,99959,185,100012,100,99955,100,100027,200,99954,100,100031,100,99947,100,100040,100,99935,100,100041,100,99933,100,100043,100,99931,100
2019-06-28 09:30:54.478668580,99985,285,99974,285,99986,285,99972,185,99991,185,99971,185,100005,185,99959,185,100012,100,99955,100,100027,200,99954,100,100031,100,99947,100,100040,100,99935,100,100041,100,99933,100,100043,100,99931,100
2019-06-28 09:30:57.623251871,99985,285,99974,285,99986,285,99972,185,99991,185,99971,185,100005,185,99959,185,100012,100,99955,100,100027,200,99954,100,100031,100,99947,100,100040,100,99935,100,100041,100,99933,100,100043,100,99931,100
2019-06-28 09:31:00.000000000,99985,268,99974,268,99986,268,99972,168,99991,168,99971,168,100005,168,99959,168,100012,168,99955,168,100027,200,99954,100,100031,100,99947,100,100040,100,99935,100,100041,100,99933,100,100043,100,99931,100
2019-06-28 09:31:10.000000000,99985,370,99974,370,99986,370,99972,270,99991,100,99971,100,100005,100,99959,100,100012,100,99955,100,100027,200,99954,100,100031,100,99947,100,100040,100,99935,100,100041,100,99933,100,100043,100,99931,100
2019-06-28 09:31:20.000000000,99985,539,99974,539,99986,200,99972,100,99991,100,99971,100,100005,100,99959,100,100012,100,99955,100,100027,200,99954,100,100031,100,99947,100,100040,100,99935,100,100041,100,99933,100,100043,100,99931,100
2019-06-28 09:31:29.487139454,99985,539,99974,439,99986,200,99972,100,99991,100,99971,100,100005,100,99959,100,100012,100,99955,100,100027,200,99954,100,100031,100,99947,100,100040,100,99935,100,100041,100,99933,100,100043,100,99931,100
2019-06-28 09:31:30.000000000,99985,370,99974,270,99986,370,99972,270,99991,100,99971,100,100005,100,99959,100,100012,100,99955,100,100027,200,99954,100,100031,100,99947,100,100040,100,99935,100,100041,100,99933,100,100043,100,99931,100
2019-06-28 09:31:36.992333685,99984,100,99974,270,99985,270,99972,270,99986,370,99971,100,99991,100,99959,100,100005,100,99955,100,100012,100,99954,100,100027,200,99947,100,100031,100,99935,100,100040,100,99933,100,100041,100,99931,100
2019-06-28 09:31:40.000000000,99984,270,99974,270,99985,270,99972,270,99986,200,99971,100,99991,100,99959,100,100005,100,99955,100,100012,100,99954,100,100027,200,99947,100,100031,100,99935,100,100040,100,99933,100,100041,100,99931,100
2019-06-28 09:31:45.186824821,99984,270,99974,170,99985,270,99972,270,99986,200,99971,100,99991,100,99959,100,100005,100,99955,100,100012,100,99954,100,100027,200,99935,100,100031,100,99933,100,100040,100,99931,100,100041,100,99927,300
2019-06-28 09:31:49.304006968,99984,270,99974,170,99985,270,99972,270,99986,200,99971,100,99991,100,99959,100,100005,100,99955,100,100012,100,99954,100,100027,200,99935,100,100031,100,99933,100,100040,100,99931,100,100041,100,99927,200
2019-06-28 09:31:50.000000000,99984,168,99972,168,99985,168,99971,168,99986,268,99959,168,99991,168,99955,168,100005,168,99954,168,100012,100,99935,100,100027,200,99933,100,100031,100,99931,100,100040,100,99927,200,100041,100,99925,100
2019-06-28 09:32:00.000000000,99984,439,99972,439,99985,100,99971,100,99986,200,99959,100,99991,100,99955,100,100005,100,99954,100,100012,100,99935,100,100027,200,99933,100,100031,100,99931,100,100040,100,99927,200,100041,100,99925,100
2019-06-28 09:32:04.337137220,99974,100,99972,439,99984,439,99971,100,99985,100,99959,100,99986,200,99955,100,99991,100,99954,100,100005,100,99935,100,100012,100,99933,100,100027,200,99931,100,100031,100,99927,100,100040,100,99925,100
2019-06-28 09:32:10.000000000,99974,185,99972,185,99984,185,99971,185,99985,185,99959,185,99986,285,99955,185,99991,100,99954,100,100005,100,99935,100,100012,100,99933,100,100027,200,99931,100,100031,100,99927,100,100040,100,99925,100
2019-06-28 09:32:10.906174576,99974,185,99972,85,99984,185,99971,185,99985,185,99959,185,99986,285,99955,185,99991,100,99954,100,100005,100,99935,100,100012,100,99933,100,100027,100,99931,100,100031,100,99927,100,100040,100,99925,100
2019-06-28 09:32:13.484972646,99974,185,99972,85,99984,185,99971,185,99985,185,99959,185,99986,285,99955,185,99991,100,99954,100,100005,100,99935,100,100012,100,99933,100,100027,100,99931,100,100031,100,99927,100,100040,100,99925,100
2019-06-28 09:32:20.000000000,99974,215,99971,215,99984,212,99959,212,99985,212,99955,212,99986,200,99954,100,99991,100,99935,100,100005,100,99933,100,100012,100,99931,100,100027,100,99927,100,100031,100,99925,100,100040,100,99913,100
2019-06-28 09:32:21.469047471,99973,100,99971,215,99974,215,99959,212,99984,212,99955,212,99985,212,99954,100,99986,200,99935,100,99991,100,99933,100,100005,100,99931,100,100012,100,99927,100,100027,100,99925,100,100031,100,99913,100
2019-06-28 09:32:30.000000000,99973,185,99971,185,99974,185,99959,185,99984,185,99955,185,99985,185,99954,185,99986,200,99935,100,99991,100,99933,100,100005,100,99931,100,100012,100,99927,100,100027,100,99925,100,100031,100,99913,100
2019-06-28 09:32:31.007044362,99973,285,99971,185,99974,185,99959,185,99984,185,99955,185,99985,185,99954,185,99986,100,99935,100,99991,100,99933,100,100005,100,99931,100,100012,100,99927,100,100027,100,99925,100,100031,100,99913,100
2019-06-28 09:32:40.000000000,99973,285,99971,185,99974,185,99959,185,99984,185,99955,185,99985,185,99954,185,99986,100,99935,100,99991,100,99933,100,100005,100,99931,100,100012,100,99927,100,100027,100,99925,100,100031,100,99913,100
2019-06-28 09:32:44.391712401,99973,285,99971,185,99974,185,99959,185,99984,185,99955,185,99985,185,99954,185,99986,100,99935,100,99991,100,99933,100,100005,100,99931,100,100012,100,99927,100,100027,100,99925,100,100031,100,99913,100
2019-06-28 09:32:46.877050141,99973,285,99971,185,99974,185,99959,185,99984,185,99955,185,99985,185,99954,185,99986,100,99935,100,99991,100,99933,100,100005,100,99931,100,100012,100,99927,100,100027,100,99925,100,100031,100,99874,100
2019-06-28 09:32:50.000000000,99973,370,99971,270,99974,270,99959,270,99984,100,99955,100,99985,100,99954,100,99986,100,99935,100,99991,100,99933,100,100005,100,99931,100,100012,100,99927,100,100027,100,99925,100,100031,100,99874,100
2019-06-28 09:32:51.567643753,99973,370,99971,170,99974,270,99959,270,99984,100,99955,100,99985,100,99954,100,99986,100,99935,100,99991,100,99933,100,100005,100,99931,100,100012,100,99927,100,100027,100,99925,100,100031,100,99874,100
2019-06-28 09:33:00.000000000,99973,285,99959,185,99974,185,99955,185,99984,185,99954,185,99985,185,99935,185,99986,100,99933,100,99991,100,99931,100,100005,100,99927,100,100012,100,99925,100,100027,100,99874,100,100031,100,99858,100
2019-06-28 09:33:10.000000000,99973,539,99959,439,99974,100,99955,100,99984,100,99954,100,99985,100,99935,100,99986,100,99933,100,99991,100,99931,100,100005,100,99927,100,100012,100,99925,100,100027,100,99874,100,100031,100,99858,100
2019-06-28 09:33:13.967299104,99973,439,99959,439,99974,100,99955,100,99984,100,99954,100,99985,100,99935,100,99986,100,99933,100,99991,100,99931,100,100005,100,99927,100,100012,100,99925,100,100027,100,99874,100,100031,100,99858,100
2019-06-28 09:33:20.000000000,99973,168,99959,168,99974,168,99955,168,99984,168,99954,168,99985,168,99935,168,99986,168,99933,168,99991,100,99931,100,100005,100,99927,100,100012,100,99925,100,100027,100,99874,100,100031,100,99858,100
2019-06-28 09:33:25.900454422,99972,100,99959,168,99973,168,99955,168,99974,168,99954,168,99984,168,99935,168,99985,68,99933,168,99986,168,99931,100,99991,100,99927,100,100005,100,99925,100,100012,100,99874,100,100027,100,99858,100
2019-06-28 09:33:27.657406023,99972,100,99959,168,99973,168,99955,168,99974,168,99954,168,99984,168,99935,168,99985,68,99933,168,99986,168,99931,100,99991,100,99927,100,100005,100,99925,100,100012,100,99874,100,100026,100,99858,100
2019-06-28 09:33:30.000000000,99972,215,99959,215,99973,212,99955,212,99974,212,99954,212,99984,100,99935,100,99986,100,99933,100,99991,100,99931,100,100005,100,99927,100,100012,100,99925,100,100026,100,99874,100,100027,100,99858,100
2019-06-28 09:33:40.000000000,99972,185,99959,185,99973,185,99955,185,99974,185,99954,185,99984,185,99935,185,99986,100,99933,100,99991,100,99931,100,100005,100,99927,100,100012,100,99925,100,100026,100,99874,100,100027,100,99858,100
2019-06-28 09:33:41.660385377,99972,285,99959,185,99973,185,99955,185,99974,185,99954,185,99984,185,99935,185,99986,100,99933,100,99991,100,99931,100,100005,100,99927,100,100012,100,99925,100,100026,100,99874,100,100027,100,99858,100
2019-06-28 09:33:50.000000000,99972,285,99959,185,99973,185,99955,185,99974,185,99954,185,99984,185,99935,185,99986,100,99933,100,99991,100,99931,100,100005,100,99927,100,100012,100,99925,100,100026,100,99874,100,100027,100,99858,100
2019-06-28 09:34:00.000000000,99972,539,99959,439,99973,100,99955,100,99974,100,99954,100,99984,100,99935,100,99986,100,99933,100,99991,100,99931,100,100005,100,99927,100,100012,100,99925,100,100026,100,99874,100,100027,100,99858,100
2019-06-28 09:34:10.000000000,99972,370,99959,270,99973,270,99955,270,99974,100,99954,100,99984,100,99935,100,99986,100,99933,100,99991,100,99931,100,100005,100,99927,100,100012,100,99925,100,100026,100,99874,100,100027,100,99858,100
2019-06-28 09:34:10.918388603,99972,370,99959,270,99973,270,99955,270,99974,100,99954,100,99984,100,99935,100,99986,100,99933,100,99991,100,99931,100,100005,100,99927,100,100026,100,99925,100,100027,100,99874,100,100031,100,99858,100
2019-06-28 09:34:20.000000000,99972,370,99959,270,99973,270,99955,270,99974,100,99954,100,99984,100,99935,100,99986,100,99933,100,99991,100,99931,100,100005,100,99927,100,100026,100,99925,100,100027,100,99874,100,100031,100,99858,100
2019-06-28 09:34:30.000000000,99972,315,99959,215,99973,212,99955,212,99974,212,99954,212,99984,100,99935,100,99986,100,99933,100,99991,100,99931,100,100005,100,99927,100,100026,100,99925,100,100027,100,99874,100,100031,100,99858,100
2019-06-28 09:34:30.776364304,99972,315,99959,215,99973,212,99955,212,99974,212,99954,212,99984,100,99935,100,99986,100,99933,100,99991,100,99931,100,100005,100,99927,100,100026,100,99925,100,100027,100,99874,100,100031,100,99858,100
2019-06-28 09:34:32.664714185,99972,315,99959,215,99973,212,99955,212,99974,212,99954,212,99984,100,99935,100,99986,100,99933,100,99991,100,99931,100,100005,100,99927,100,100026,100,99925,100,100027,100,99874,100,100031,100,99858,100
2019-06-28 09:34:40.000000000,99972,370,99959,270,99973,270,99955,270,99974,100,99954,100,99984,100,99935,100,99986,100,99933,100,99991,100,99931,100,100005,100,99927,100,100026,100,99925,100,100027,100,99874,100,100031,100,99858,100
2019-06-28 09:34:50.000000000,99972,370,99959,270,99973,270,99955,270,99974,100,99954,100,99984,100,99935,100,99986,100,99933,100,99991,100,99931,100,100005,100,99927,100,100026,100,99925,100,100027,100,99874,100,100031,100,99858,100
2019-06-28 09:35:00.000000000,99972,315,99959,215,99973,212,99955,212,99974,212,99954,212,99984,100,99935,100,99986,100,99933,100,99991,100,99931,100,100005,100,99927,100,100026,100,99925,100,100027,100,99874,100,100031,100,99858,100
2019-06-28 09:35:04.070700911,99972,315,99959,115,99973,212,99955,212,99974,212,99954,212,99984,100,99935,100,99986,100,99933,100,99991,100,99931,100,100005,100,99927,100,100026,100,99925,100,100027,100,99874,100,100031,100,99858,100
2019-06-28 09:35:10.000000000,99972,539,99955,439,99973,100,99954,100,99974,100,99935,100,99984,100,99933,100,99986,100,99931,100,99991,100,99927,100,100005,100,99925,100,100026,100,99874,100,100027,100,99858,100,100031,100,99853,100
2019-06-28 09:35:20.000000000,99972,285,99955,185,99973,185,99954,185,99974,185,99935,185,99984,185,99933,185,99986,100,99931,100,99991,100,99927,100,100005,100,99925,100,100026,100,99874,100,100027,100,99858,100,100031,100,99853,100
2019-06-28 09:35:30.000000000,99972,285,99955,185,99973,185,99954,185,99974,185,99935,185,99984,185,99933,185,99986,100,99931,100,99991,100,99927,100,100005,100,99925,100,100026,100,99874,100,100027,100,99858,100,100031,100,99853,100
2019-06-28 09:35:30.334122533,99972,285,99955,85,99973,185,99954,185,99974,185,99935,185,99984,185,99933,185,99986,100,99931,100,99991,100,99927,100,100005,100,99925,100,100026,100,99874,100,100027,100,99858,100,100031,100,99853,100
2019-06-28 09:35:30.441373998,99972,285,99955,85,99973,185,99954,185,99974,185,99935,185,99984,185,99933,185,99986,100,99931,100,99991,100,99927,100,100005,100,99925,100,100026,100,99874,100,100027,100,99858,100,100031,100,99853,100
2019-06-28 09:35:36.479399471,99959,100,99955,85,99972,285,99954,185,99973,185,99935,185,99974,185,99933,185,99984,185,99931,100,99986,100,99927,100,99991,100,99925,100,100005,100,99874,100,100026,100,99858,100,100027,100,99853,100
2019-06-28 09:35:40.000000000,99959,185,99954,185,99972,285,99935,185,99973,185,99933,185,99974,185,99931,185,99984,100,99927,100,99986,100,99925,100,99991,100,99874,100,100005,100,99858,100,100026,100,99853,100,100027,100,99845,100
2019-06-28 09:35:50.000000000,99959,168,99954,168,99972,268,99935,168,99973,168,99933,168,99974,168,99931,168,99984,168,99927,168,99986,100,99925,100,99991,100,99874,100,100005,100,99858,100,100026,100,99853,100,100027,100,99845,100
2019-06-28 09:35:51.977986605,99959,168,99954,168,99972,268,99935,168,99973,168,99933,168,99974,168,99931,168,99984,168,99927,168,99986,100,99925,100,99991,100,99874,100,100005,100,99858,100,100026,100,99853,100,100027,100,99845,100
2019-06-28 09:36:00.000000000,99959,270,99954,270,99972,370,99935,270,99973,100,99933,100,99974,100,99931,100,99984,100,99927,100,99986,100,99925,100,99991,100,99874,100,100005,100,99858,100,100026,100,99853,100,100027,100,99845,100
2019-06-28 09:36:04.528446500,99959,270,99954,270,99972,370,99935,270,99973,100,99933,100,99974,100,99931,100,99984,100,99927,100,99986,100,99925,100,99991,100,99874,100,100005,100,99858,100,100026,100,99853,100,100027,100,99845,100
2019-06-28 09:36:10.000000000,99959,215,99954,215,99972,312,99935,212,99973,212,99933,212,99974,100,99931,100,99984,100,99927,100,99986,100,99925,100,99991,100,99874,100,100005,100,99858,100,100026,100,99853,100,100027,100,99845,100
2019-06-28 09:36:10.066871781,99959,215,99954,115,99972,312,99935,212,99973,212,99933,212,99974,100,99931,100,99984,100,99927,100,99986,100,99925,100,99991,100,99874,100,100005,100,99858,100,100026,100,99853,100,100027,100,99845,100
2019-06-28 09:36:15.603198236,99959,215,99954,115,99972,312,99935,212,99973,112,99933,212,99974,100,99931,100,99984,100,99927,100,99986,100,99925,100,99991,100,99874,100,100005,100,99858,100,100026,100,99853,100,100027,100,99845,100
2019-06-28 09:36:19.728722636,99959,215,99954,115,99972,312,99935,212,99973,112,99933,212,99974,100,99931,100,99984,100,99927,100,99986,100,99925,100,99991,100,99874,100,100005,100,99858,100,100026,100,99853,100,100027,100,99845,100
2019-06-28 09:36:20.000000000,99959,168,99935,168,99972,268,99933,168,99974,168,99931,168,99984,168,99927,168,99986,168,99925,168,99991,100,99874,100,100005,100,99858,100,100026,100,99853,100,100027,100,99845,100,100041,100,99831,100
2019-06-28 09:36:30.000000000,99959,439,99935,439,99972,200,99933,100,99974,100,99931,100,99984,100,99927,100,99986,100,99925,100,99991,100,99874,100,100005,100,99858,100,100026,100,99853,100,100027,100,99845,100,100041,100,99831,100
2019-06-28 09:36:34.571325082,99959,439,99935,439,99972,200,99933,100,99974,100,99931,100,99984,100,99927,100,99986,100,99925,100,99991,100,99874,100,100005,100,99858,100,100026,100,99853,100,100027,100,99845,100,100041,100,99831,100
2019-06-28 09:36:38.032474824,99959,439,99935,339,99972,200,99933,100,99974,100,99931,100,99984,100,99927,100,99986,100,99925,100,99991,100,99874,100,100005,100,99858,100,100026,100,99853,100,100027,100,99845,100,100041,100,99831,100
2019-06-28 09:36:40.000000000,99959,215,99933,215,99972,312,99931,212,99974,212,99927,212,99984,100,99925,100,99986,100,99874,100,99991,100,99858,100,100005,100,99853,100,100026,100,99845,100,100027,100,99831,100,100041,100,99827,100
2019-06-28 09:36:45.808986184,99954,100,99933,215,99959,215,99931,212,99972,312,99927,212,99974,212,99925,100,99984,100,99874,100,99986,100,99858,100,99991,100,99853,100,100005,100,99845,100,100026,100,99831,100,100027,100,99827,100
2019-06-28 09:36:50.000000000,99954,270,99933,270,99959,270,99931,270,99972,200,99927,100,99974,100,99925,100,99984,100,99874,100,99986,100,99858,100,99991,100,99853,100,100005,100,99845,100,100026,100,99831,100,100027,100,99827,100
2019-06-28 09:36:51.666080409,99954,370,99933,270,99959,270,99931,270,99972,200,99927,100,99974,100,99925,100,99984,100,99874,100,99991,100,99858,100,100005,100,99853,100,100026,100,99845,100,100027,100,99831,100,100041,100,99827,100
2019-06-28 09:37:00.000000000,99954,285,99933,185,99959,185,99931,185,99972,285,99927,185,99974,185,99925,185,99984,100,99874,100,99991,100,99858,100,100005,100,99853,100,100026,100,99845,100,100027,100,99831,100,100041,100,99827,100
2019-06-28 09:37:10.000000000,99954,315,99933,215,99959,212,99931,212,99972,312,99927,212,99974,100,99925,100,99984,100,99874,100,99991,100,99858,100,100005,100,99853,100,100026,100,99845,100,100027,100,99831,100,100041,100,99827,100
2019-06-28 09:37:20.000000000,99954,539,99933,439,99959,100,99931,100,99972,200,99927,100,99974,100,99925,100,99984,100,99874,100,99991,100,99858,100,100005,100,99853,100,100026,100,99845,100,100027,100,99831,100,100041,100,99827,100
2019-06-28 09:37:23.543694753,99954,539,99933,439,99959,100,99931,100,99972,200,99927,100,99974,100,99925,100,99984,100,99874,100,99991,100,99858,100,100005,100,99853,100,100026,100,99845,100,100027,100,99831,100,100041,100,99827,100
2019-06-28 09:37:30.000000000,99954,285,99933,185,99959,185,99931,185,99972,285,99927,185,99974,185,99925,185,99984,100,99874,100,99991,100,99858,100,100005,100,99853,100,100026,100,99845,100,100027,100,99831,100,100041,100,99827,100
2019-06-28 09:37:39.518803847,99954,185,99933,185,99959,185,99931,185,99972,285,99927,185,99974,185,99925,185,99984,100,99874,100,99991,100,99858,100,100005,100,99853,100,100026,100,99845,100,100027,100,99831,100,100041,100,99827,100
2019-06-28 09:37:40.000000000,99954,215,99933,215,99959,212,99931,212,99972,312,99927,212,99974,100,99925,100,99984,100,99874,100,99991,100,99858,100,100005,100,99853,100,100026,100,99845,100,100027,100,99831,100,100041,100,99827,100
2019-06-28 09:37:50.000000000,99954,439,99933,439,99959,100,99931,100,99972,200,99927,100,99974,100,99925,100,99984,100,99874,100,99991,100,99858,100,100005,100,99853,100,100026,100,99845,100,100027,100,99831,100,100041,100,99827,100
2019-06-28 09:37:57.922155853,99954,439,99933,439,99959,100,99931,100,99972,100,99927,100,99974,100,99925,100,99984,100,99874,100,99991,100,99858,100,100005,100,99853,100,100026,100,99845,100,100027,100,99831,100,100041,100,99827,100
2019-06-28 09:38:00.000000000,99954,168,99933,168,99959,168,99931,168,99972,168,99927,168,99974,168,99925,168,99984,168,99874,168,99991,100,99858,100,100005,100,99853,100,100026,100,99845,100,100027,100,99831,100,100041,100,99827,100
2019-06-28 09:38:10.000000000,99954,168,99933,168,99959,168,99931,168,99972,168,99927,168,99974,168,99925,168,99984,168,99874,168,99991,100,99858,100,100005,100,99853,100,100026,100,99845,100,100027,100,99831,100,100041,100,99827,100
2019-06-28 09:38:16.568985795,99954,168,99933,168,99959,168,99931,168,99972,168,99927,168,99974,168,99925,168,99984,168,99874,168,99991,100,99858,100,100005,100,99853,100,100026,100,99845,100,100027,100,99831,100,100041,100,99732,100
2019-06-28 09:38:20.000000000,99954,168,99933,168,99959,168,99931,168,99972,168,99927,168,99974,168,99925,168,99984,168,99874,168,99991,100,99858,100,100005,100,99853,100,100026,100,99845,100,100027,100,99831,100,100041,100,99732,100
2019-06-28 09:38:20.155944556,99954,168,99933,68,99959,168,99931,168,99972,168,99927,168,99974,168,99925,168,99984,168,99874,168,99991,100,99858,100,100005,100,99853,100,100026,100,99845,100,100027,100,99831,100,100041,100,99732,100
2019-06-28 09:38:30.000000000,99954,168,99931,168,99959,168,99927,168,99972,168,99925,168,99974,168,99874,168,99984,168,99858,168,99991,100,99853,100,100005,100,99845,100,100026,100,99831,100,100027,100,99732,100,100041,100,99627,100
2019-06-28 09:38:40.000000000,99954,168,99931,168,99959,168,99927,168,99972,168,99925,168,99974,168,99874,168,99984,168,99858,168,99991,100,99853,100,100005,100,99845,100,100026,100,99831,100,100027,100,99732,100,100041,100,99627,100
2019-06-28 09:38:50.000000000,99954,270,99931,270,99959,270,99927,270,99972,100,99925,100,99974,100,99874,100,99984,100,99858,100,99991,100,99853,100,100005,100,99845,100,100026,100,99831,100,100027,100,99732,100,100041,100,99627,100
2019-06-28 09:38:55.803976001,99954,270,99931,270,99959,270,99927,270,99972,100,99925,100,99974,100,99874,100,99984,100,99858,100,99991,100,99853,100,100005,100,99845,100,100026,100,99831,100,100027,100,99732,100,100041,100,99627,100
2019-06-28 09:39:00.000000000,99954,270,99931,270,99959,270,99927,270,99972,100,99925,100,99974,100,99874,100,99984,100,99858,100,99991,100,99853,100,100005,100,99845,100,100026,100,99831,100,100027,100,99732,100,100041,100,99627,100
2019-06-28 09:39:10.000000000,99954,185,99931,185,99959,185,99927,185,99972,185,99925,185,99974,185,99874,185,99984,100,99858,100,99991,100,99853,100,100005,100,99845,100,100026,100,99831,100,100027,100,99732,100,100041,100,99627,100
2019-06-28 09:39:20.000000000,99954,439,99931,439,99959,100,99927,100,99972,100,99925,100,99974,100,99874,100,99984,100,99858,100,99991,100,99853,100,100005,100,99845,100,100026,100,99831,100,100027,100,99732,100,100041,100,99627,100
2019-06-28 09:39:30.000000000,99954,185,99931,185,99959,185,99927,185,99972,185,99925,185,99974,185,99874,185,99984,100,99858,100,99991,100,99853,100,100005,100,99845,100,100026,100,99831,100,100027,100,99732,100,100041,100,99627,100
2019-06-28 09:39:40.000000000,99954,439,99931,439,99959,100,99927,100,99972,100,99925,100,99974,100,99874,100,99984,100,99858,100,99991,100,99853,100,100005,100,99845,100,100026,100,99831,100,100027,100,99732,100,100041,100,99627,100
2019-06-28 09:39:46.937729182,99954,439,99931,439,99959,100,99927,100,99972,100,99925,100,99974,100,99874,100,99984,100,99858,100,99991,100,99853,100,100005,100,99845,100,100026,100,99831,100,100027,100,99732,100,100041,100,99627,100
2019-06-28 09:39:48.367892828,99954,439,99931,339,99959,100,99927,100,99972,100,99925,100,99974,100,99874,100,99984,100,99858,100,99991,100,99853,100,100005,100,99845,100,100026,100,99831,100,100027,100,99732,100,100041,100,99627,100
2019-06-28 09:39:50.000000000,99954,168,99927,168,99959,168,99925,168,99972,168,99874,168,99974,168,99858,168,99984,168,99853,168,99991,100,99845,100,100005,100,99831,100,100026,100,99732,100,100027,100,99627,100,100041,100,99566,100
2019-06-28 09:39:51.773131965,99954,68,99927,168,99959,168,99925,168,99972,168,99874,168,99974,168,99858,168,99984,168,99853,168,99991,100,99845,100,100005,100,99831,100,100026,100,99732,100,100027,100,99627,100,100041,100,99566,100
2019-06-28 09:40:00.000000000,99959,185,99927,185,99972,185,99925,185,99974,185,99874,185,99984,185,99858,185,99991,100,99853,100,100005,100,99845,100,100026,100,99831,100,100027,100,99732,100,100041,100,99627,100,100043,100,99566,100
2019-06-28 09:40:10.000000000,99959,439,99927,439,99972,100,99925,100,99974,100,99874,100,99984,100,99858,100,99991,100,99853,100,100005,100,99845,100,100026,100,99831,100,100027,100,99732,100,100041,100,99627,100,100043,100,99566,100
2019-06-28 09:40:17.531952576,99959,439,99927,339,99972,100,99925,100,99974,100,99874,100,99984,100,99858,100,99991,100,99853,100,100005,100,99845,100,100026,100,99831,100,100027,100,99732,100,100041,100,99627,100,100043,100,99566,100
2019-06-28 09:40:20.000000000,99959,270,99925,270,99972,270,99874,270,99974,100,99858,100,99984,100,99853,100,99991,100,99845,100,100005,100,99831,100,100026,100,99732,100,100027,100,99627,100,100041,100,99566,100,100043,100,99428,100
2019-06-28 09:40:30.000000000,99959,185,99925,185,99972,185,99874,185,99974,185,99858,185,99984,185,99853,185,99991,100,99845,100,100005,100,99831,100,100026,100,99732,100,100027,100,99627,100,100041,100,99566,100,100043,100,99428,100
2019-06-28 09:40:40.000000000,99959,185,99925,185,99972,185,99874,185,99974,185,99858,185,99984,185,99853,185,99991,100,99845,100,100005,100,99831,100,100026,100,99732,100,100027,100,99627,100,100041,100,99566,100,100043,100,99428,100
2019-06-28 09:40:49.558583691,99959,185,99925,85,99972,185,99874,185,99974,185,99858,185,99984,185,99853,185,99991,100,99845,100,100005,100,99831,100,100026,100,99732,100,100027,100,99627,100,100041,100,99566,100,100043,100,99428,100
2019-06-28 09:40:50.000000000,99959,185,99874,185,99972,185,99858,185,99974,185,99853,185,99984,185,99845,185,99991,100,99831,100,100005,100,99732,100,100026,100,99627,100,100027,100,99566,100,100041,100,99428,100,100043,100,99410,100
2019-06-28 09:40:50.451067056,99959,185,99874,185,99972,85,99858,185,99974,185,99853,185,99984,185,99845,185,99991,100,99831,100,100005,100,99732,100,100026,100,99627,100,100027,100,99566,100,100041,100,99428,100,100043,100,99410,100
2019-06-28 09:41:00.000000000,99959,168,99874,168,99974,168,99858,168,99984,168,99853,168,99991,168,99845,168,100005,168,99831,168,100026,100,99732,100,100027,100,99627,100,100041,100,99566,100,100043,100,99428,100,100045,100,99410,100
2019-06-28 09:41:10.000000000,99959,185,99874,185,99974,185,99858,185,99984,185,99853,185,99991,185,99845,185,100005,100,99831,100,100026,100,99732,100,100027,100,99627,100,100041,100,99566,100,100043,100,99428,100,100045,100,99410,100
2019-06-28 09:41:20.000000000,99959,270,99874,270,99974,270,99858,270,99984,100,99853,100,99991,100,99845,100,100005,100,99831,100,100026,100,99732,100,100027,100,99627,100,100041,100,99566,100,100043,100,99428,100,100045,100,99410,100
2019-06-28 09:41:22.751514403,99959,270,99874,270,99974,270,99858,270,99984,100,99853,100,99991,100,99845,100,100005,100,99732,100,100026,100,99689,100,100027,100,99627,100,100041,100,99566,100,100043,100,99428,100,100045,100,99410,100
2019-06-28 09:41:24.872496012,99959,270,99874,270,99974,270,99858,270,99984,100,99853,100,99991,100,99845,100,100005,100,99732,100,100026,100,99689,100,100027,100,99627,100,100041,100,99566,100,100043,100,99514,100,100045,100,99428,100
2019-06-28 09:41:30.000000000,99959,168,99874,168,99974,168,99858,168,99984,168,99853,168,99991,168,99845,168,100005,168,99732,168,100026,100,99689,100,100027,100,99627,100,100041,100,99566,100,100043,100,99514,100,100045,100,99428,100
2019-06-28 09:41:33.931955395,99927,100,99874,168,99959,168,99858,168,99974,168,99853,168,99984,168,99845,168,99991,168,99732,168,100005,168,99689,100,100026,100,99627,100,100027,100,99566,100,100041,100,99514,100,100043,100,99428,100
2019-06-28 09:41:34.837598497,99959,168,99874,168,99974,168,99858,168,99984,168,99853,168,99991,168,99845,168,100005,168,99732,168,100026,100,99689,100,100027,100,99627,100,100041,100,99566,100,100043,100,99514,100,100045,100,99428,100
2019-06-28 09:41:40.000000000,99959,168,99874,168,99974,168,99858,168,99984,168,99853,168,99991,168,99845,168,100005,168,99732,168,100026,100,99689,100,100027,100,99627,100,100041,100,99566,100,100043,100,99514,100,100045,100,99428,100
2019-06-28 09:41:50.000000000,99959,185,99874,185,99974,185,99858,185,99984,185,99853,185,99991,185,99845,185,100005,100,99732,100,100026,100,99689,100,100027,100,99627,100,100041,100,99566,100,100043,100,99514,100,100045,100,99428,100
2019-06-28 09:41:59.428013131,99959,185,99874,185,99974,185,99858,185,99984,185,99853,185,99991,185,99845,185,100005,100,99732,100,100026,100,99689,100,100027,100,99634,100,100041,100,99627,100,100043,100,99566,100,100045,100,99514,100
2019-06-28 09:42:00.000000000,99959,439,99874,439,99974,100,99858,100,99984,100,99853,100,99991,100,99845,100,100005,100,99732,100,100026,100,99689,100,100027,100,99634,100,100041,100,99627,100,100043,100,99566,100,100045,100,99514,100
2019-06-28 09:42:03.604483103,99959,439,99874,439,99974,100,99858,100,99984,100,99853,100,99991,100,99845,100,100005,100,99732,100,100026,100,99689,100,100027,100,99634,100,100041,100,99627,100,100043,100,99578,100,100045,100,99566,100
2019-06-28 09:42:10.000000000,99959,185,99874,185,99974,185,99858,185,99984,185,99853,185,99991,185,99845,185,100005,100,99732,100,100026,100,99689,100,100027,100,99634,100,100041,100,99627,100,100043,100,99578,100,100045,100,99566,100
2019-06-28 09:42:20.000000000,99959,270,99874,270,99974,270,99858,270,99984,100,99853,100,99991,100,99845,100,100005,100,99732,100,100026,100,99689,100,100027,100,99634,100,100041,100,99627,100,100043,100,99578,100,100045,100,99566,100
2019-06-28 09:42:20.673598596,99959,270,99874,270,99974,270,99858,270,99984,100,99853,100,99991,100,99845,100,100005,100,99732,100,100026,100,99689,100,100027,100,99657,100,100041,100,99634,100,100043,100,99627,100,100045,100,99578,100
2019-06-28 09:42:30.000000000,99959,439,99874,439,99974,100,99858,100,99984,100,99853,100,99991,100,99845,100,100005,100,99732,100,100026,100,99689,100,100027,100,99657,100,100041,100,99634,100,100043,100,99627,100,100045,100,99578,100
2019-06-28 09:42:40.000000000,99959,185,99874,185,99974,185,99858,185,99984,185,99853,185,99991,185,99845,185,100005,100,99732,100,100026,100,99689,100,100027,100,99657,100,100041,100,99634,100,100043,100,99627,100,100045,100,99578,100
2019-06-28 09:42:49.564814462,99882,100,99874,185,99959,185,99858,185,99974,185,99853,185,99984,185,99845,185,99991,185,99732,100,100005,100,99689,100,100026,100,99657,100,100027,100,99634,100,100041,100,99627,100,100043,100,99578,100
2019-06-28 09:42:50.000000000,99882,270,99874,270,99959,270,99858,270,99974,100,99853,100,99984,100,99845,100,99991,100,99732,100,100005,100,99689,100,100026,100,99657,100,100027,100,99634,100,100041,100,99627,100,100043,100,99578,100
2019-06-28 09:42:58.767206253,99882,270,99874,170,99959,270,99858,270,99974,100,99853,100,99984,100,99845,100,99991,100,99732,100,100026,100,99689,100,100027,100,99657,100,100041,100,99634,100,100043,100,99627,100,100045,100,99578,100
2019-06-28 09:43:00.000000000,99882,168,99858,168,99959,168,99853,168,99974,168,99845,168,99984,168,99732,168,99991,168,99689,168,100026,100,99657,100,100027,100,99634,100,100041,100,99627,100,100043,100,99578,100,100045,100,99566,100
2019-06-28 09:43:10.000000000,99882,215,99858,215,99959,212,99853,212,99974,212,99845,212,99984,100,99732,100,99991,100,99689,100,100026,100,99657,100,100027,100,99634,100,100041,100,99627,100,100043,100,99578,100,100045,100,99566,100
2019-06-28 09:43:20.000000000,99882,270,99858,270,99959,270,99853,270,99974,100,99845,100,99984,100,99732,100,99991,100,99689,100,100026,100,99657,100,100027,100,99634,100,100041,100,99627,100,100043,100,99578,100,100045,100,99566,100
2019-06-28 09:43:30.000000000,99882,215,99858,215,99959,212,99853,212,99974,212,99845,212,99984,100,99732,100,99991,100,99689,100,100026,100,99657,100,100027,100,99634,100,100041,100,99627,100,100043,100,99578,100,100045,100,99566,100
2019-06-28 09:43:40.000000000,99882,185,99858,185,99959,185,99853,185,99974,185,99845,185,99984,185,99732,185,99991,100,99689,100,100026,100,99657,100,100027,100,99634,100,100041,100,99627,100,100043,100,99578,100,100045,100,99566,100
2019-06-28 09:43:44.473889575,99882,185,99876,100,99959,185,99858,185,99974,185,99853,185,99984,185,99845,185,99991,100,99732,185,100026,100,99689,100,100027,100,99657,100,100041,100,99634,100,100043,100,99627,100,100045,100,99578,100
2019-06-28 09:43:50.000000000,99882,168,99876,168,99959,168,99858,168,99974,168,99853,168,99984,168,99845,168,99991,168,99732,168,100026,100,99689,100,100027,100,99657,100,100041,100,99634,100,100043,100,99627,100,100045,100,99578,100
2019-06-28 09:44:00.000000000,99882,168,99876,168,99959,168,99858,168,99974,168,99853,168,99984,168,99845,168,99991,168,99732,168,100026,100,99689,100,100027,100,99657,100,100041,100,99634,100,100043,100,99627,100,100045,100,99578,100
2019-06-28 09:44:10.000000000,99882,185,99876,185,99959,185,99858,185,99974,185,99853,185,99984,185,99845,185,99991,100,99732,100,100026,100,99689,100,100027,100,99657,100,100041,100,99634,100,100043,100,99627,100,100045,100,99578,100
2019-06-28 09:44:20.000000000,99882,439,99876,439,99959,100,99858,100,99974,100,99853,100,99984,100,99845,100,99991,100,99732,100,100026,100,99689,100,100027,100,99657,100,100041,100,99634,100,100043,100,99627,100,100045,100,99578,100
2019-06-28 09:44:24.412716190,99882,439,99876,439,99959,100,99858,100,99974,100,99853,100,99984,100,99845,100,99991,100,99732,100,100026,100,99689,100,100027,100,99657,100,100041,100,99634,100,100043,100,99627,100,100045,100,99578,100
2019-06-28 09:44:30.000000000,99882,215,99876,215,99959,212,99858,212,99974,212,99853,212,99984,100,99845,100,99991,100,99732,100,100026,100,99689,100,100027,100,99657,100,100041,100,99634,100,100043,100,99627,100,100045,100,99578,100
2019-06-28 09:44:36.594859313,99881,100,99876,215,99882,215,99858,212,99959,212,99853,212,99974,212,99845,100,99984,100,99732,100,99991,100,99689,100,100026,100,99657,100,100027,100,99634,100,100041,100,99627,100,100043,100,99578,100
2019-06-28 09:44:40.000000000,99881,439,99876,439,99882,100,99858,100,99959,100,99853,100,99974,100,99845,100,99984,100,99732,100,99991,100,99689,100,100026,100,99657,100,100027,100,99634,100,100041,100,99627,100,100043,100,99578,100
2019-06-28 09:44:50.000000000,99881,185,99876,185,99882,185,99858,185,99959,185,99853,185,99974,185,99845,185,99984,100,99732,100,99991,100,99689,100,100026,100,99657,100,100027,100,99634,100,100041,100,99627,100,100043,100,99578,100
2019-06-28 09:45:00.000000000,99881,185,99876,185,99882,185,99858,185,99959,185,99853,185,99974,185,99845,185,99984,100,99732,100,99991,100,99689,100,100026,100,99657,100,100027,100,99634,100,100041,100,99627,100,100043,100,99578,100
2019-06-28 09:45:01.615623865,99881,285,99876,185,99882,185,99858,185,99959,185,99853,185,99974,185,99845,185,99984,100,99732,100,99991,100,99689,100,100026,100,99657,100,100027,100,99634,100,100041,100,99627,100,100043,100,99578,100
2019-06-28 09:45:03.711292684,99881,385,99876,185,99882,185,99858,185,99959,185,99853,185,99974,185,99845,185,99984,100,99732,100,99991,100,99689,100,100026,100,99657,100,100027,100,99634,100,100041,100,99627,100,100043,100,99578,100
2019-06-28 09:45:04.794139483,99881,385,99876,185,99882,185,99858,185,99959,185,99853,185,99974,185,99845,185,99984,100,99732,100,99991,100,99689,100,100026,100,99657,100,100027,100,99634,100,100041,100,99627,100,100043,100,99578,100
2019-06-28 09:45:07.164832003,99881,485,99876,185,99882,185,99858,185,99959,185,99853,185,99974,185,99845,185,99984,100,99732,100,99991,100,99689,100,100026,100,99657,100,100027,100,99634,100,100041,100,99627,100,100043,100,99578,100
2019-06-28 09:45:10.000000000,99881,468,99876,168,99882,168,99858,168,99959,168,99853,168,99974,168,99845,168,99984,168,99732,168,99991,100,99689,100,100026,100,99657,100,100027,100,99634,100,100041,100,99627,100,100043,100,99578,100
2019-06-28 09:45:20.000000000,99881,468,99876,168,99882,168,99858,168,99959,168,99853,168,99974,168,99845,168,99984,168,99732,168,99991,100,99689,100,100026,100,99657,100,100027,100,99634,100,100041,100,99627,100,100043,100,99578,100
2019-06-28 09:45:30.000000000,99881,515,99876,215,99882,212,99858,212,99959,212,99853,212,99974,100,99845,100,99984,100,99732,100,99991,100,99689,100,100026,100,99657,100,100027,100,99634,100,100041,100,99627,100,100043,100,99578,100
2019-06-28 09:45:40.000000000,99881,739,99876,439,99882,100,99858,100,99959,100,99853,100,99974,100,99845,100,99984,100,99732,100,99991,100,99689,100,100026,100,99657,100,100027,100,99634,100,100041,100,99627,100,100043,100,99578,100
2019-06-28 09:45:50.000000000,99881,485,99876,185,99882,185,99858,185,99959,185,99853,185,99974,185,99845,185,99984,100,99732,100,99991,100,99689,100,100026,100,99657,100,100027,100,99634,100,100041,100,99627,100,100043,100,99578,100
2019-06-28 09:46:00.000000000,99881,570,99876,270,99882,270,99858,270,99959,100,99853,100,99974,100,99845,100,99984,100,99732,100,99991,100,99689,100,100026,100,99657,100,100027,100,99634,100,100041,100,99627,100,100043,100,99578,100
2019-06-28 09:46:10.000000000,99881,485,99876,185,99882,185,99858,185,99959,185,99853,185,99974,185,99845,185,99984,100,99732,100,99991,100,99689,100,100026,100,99657,100,100027,100,99634,100,100041,100,99627,100,100043,100,99578,100
2019-06-28 09:46:12.133482571,99881,485,99876,185,99882,185,99858,185,99959,85,99853,185,99974,185,99845,185,99984,100,99732,100,99991,100,99689,100,100026,100,99657,100,100027,100,99634,100,100041,100,99627,100,100043,100,99578,100
2019-06-28 09:46:20.000000000,99881,739,99876,439,99882,100,99858,100,99974,100,99853,100,99984,100,99845,100,99991,100,99732,100,100026,100,99689,100,100027,100,99657,100,100041,100,99634,100,100043,100,99627,100,100045,100,99578,100
2019-06-28 09:46:30.000000000,99881,468,99876,168,99882,168,99858,168,99974,168,99853,168,99984,168,99845,168,99991,168,99732,168,100026,100,99689,100,100027,100,99657,100,100041,100,99634,100,100043,100,99627,100,100045,100,99578,100
2019-06-28 09:46:32.628496603,99881,468,99876,168,99882,168,99858,168,99974,168,99853,168,99984,168,99845,168,99991,168,99732,168,100026,100,99657,100,100027,100,99634,100,100041,100,99627,100,100043,100,99578,100,100045,100,99566,100
2019-06-28 09:46:40.000000000,99881,485,99876,185,99882,185,99858,185,99974,185,99853,185,99984,185,99845,185,99991,100,99732,100,100026,100,99657,100,100027,100,99634,100,100041,100,99627,100,100043,100,99578,100,100045,100,99566,100
2019-06-28 09:46:50.000000000,99881,515,99876,215,99882,212,99858,212,99974,212,99853,212,99984,100,99845,100,99991,100,99732,100,100026,100,99657,100,100027,100,99634,100,100041,100,99627,100,100043,100,99578,100,100045,100,99566,100
2019-06-28 09:47:00.000000000,99881,468,99876,168,99882,168,99858,168,99974,168,99853,168,99984,168,99845,168,99991,168,99732,168,100026,100,99657,100,100027,100,99634,100,100041,100,99627,100,100043,100,99578,100,100045,100,99566,100
2019-06-28 09:47:10.000000000,99881,570,99876,270,99882,270,99858,270,99974,100,99853,100,99984,100,99845,100,99991,100,99732,100,100026,100,99657,100,100027,100,99634,100,100041,100,99627,100,100043,100,99578,100,100045,100,99566,100
2019-06-28 09:47:15.085647627,99881,670,99876,270,99882,270,99858,270,99984,100,99853,100,99991,100,99845,100,100026,100,99732,100,100027,100,99657,100,100041,100,99634,100,100043,100,99627,100,100045,100,99578,100,100112,100,99566,100
2019-06-28 09:47:20.000000000,99881,585,99876,185,99882,185,99858,185,99984,185,99853,185,99991,185,99845,185,100026,100,99732,100,100027,100,99657,100,100041,100,99634,100,100043,100,99627,100,100045,100,99578,100,100112,100,99566,100
2019-06-28 09:47:25.038479161,99881,585,99876,85,99882,185,99858,185,99984,185,99853,185,99991,185,99845,185,100026,100,99732,100,100027,100,99657,100,100041,100,99634,100,100043,100,99627,100,100045,100,99578,100,100112,100,99566,100
2019-06-28 09:47:30.000000000,99881,585,99858,185,99882,185,99853,185,99984,185,99845,185,99991,185,99732,185,100026,100,99657,100,100027,100,99634,100,100041,100,99627,100,100043,100,99578,100,100045,100,99566,100,100112,100,99514,100
2019-06-28 09:47:36.470378285,99881,585,99858,185,99882,185,99853,185,99984,185,99845,185,99991,185,99732,185,100026,100,99657,100,100027,100,99634,100,100041,100,99627,100,100043,100,99578,100,100045,100,99566,100,100112,100,99514,100
2019-06-28 09:47:40.000000000,99881,839,99858,439,99882,100,99853,100,99984,100,99845,100,99991,100,99732,100,100026,100,99657,100,100027,100,99634,100,100041,100,99627,100,100043,100,99578,100,100045,100,99566,100,100112,100,99514,100
2019-06-28 09:47:50.000000000,99881,615,99858,215,99882,212,99853,212,99984,212,99845,212,99991,100,99732,100,100026,100,99657,100,100027,100,99634,100,100041,100,99627,100,100043,100,99578,100,100045,100,99566,100,100112,100,99514,100
2019-06-28 09:48:00.000000000,99881,615,99858,215,99882,212,99853,212,99984,212,99845,212,99991,100,99732,100,100026,100,99657,100,100027,100,99634,100,100041,100,99627,100,100043,100,99578,100,100045,100,99566,100,100112,100,99514,100
2019-06-28 09:48:10.000000000,99881,615,99858,215,99882,212,99853,212,99984,212,99845,212,99991,100,99732,100,100026,100,99657,100,100027,100,99634,100,100041,100,99627,100,100043,100,99578,100,100045,100,99566,100,100112,100,99514,100
2019-06-28 09:48:20.000000000,99881,670,99858,270,99882,270,99853,270,99984,100,99845,100,99991,100,99732,100,100026,100,99657,100,100027,100,99634,100,100041,100,99627,100,100043,100,99578,100,100045,100,99566,100,100112,100,99514,100
2019-06-28 09:48:30.000000000,99881,585,99858,185,99882,185,99853,185,99984,185,99845,185,99991,185,99732,185,100026,100,99657,100,100027,100,99634,100,100041,100,99627,100,100043,100,99578,100,100045,100,99566,100,100112,100,99514,100
2019-06-28 09:48:38.111084669,99881,585,99858,85,99882,185,99853,185,99984,185,99845,185,99991,185,99732,185,100026,100,99657,100,100027,100,99634,100,100041,100,99627,100,100043,100,99578,100,100045,100,99566,100,100112,100,99514,100
2019-06-28 09:48:40.000000000,99881,839,99853,439,99882,100,99845,100,99984,100,99732,100,99991,100,99657,100,100026,100,99634,100,100027,100,99627,100,100041,100,99578,100,100043,100,99566,100,100045,100,99514,100,100112,100,99342,100
2019-06-28 09:48:40.103380084,99876,100,99853,439,99881,739,99845,100,99882,100,99732,100,99984,100,99657,100,99991,100,99634,100,100026,100,99627,100,100027,100,99578,100,100041,100,99566,100,100043,100,99514,100,100045,100,99342,100
2019-06-28 09:48:50.000000000,99876,168,99853,168,99881,468,99845,168,99882,168,99732,168,99984,168,99657,168,99991,168,99634,168,100026,100,99627,100,100027,100,99578,100,100041,100,99566,100,100043,100,99514,100,100045,100,99342,100
2019-06-28 09:49:00.000000000,99876,270,99853,270,99881,570,99845,270,99882,100,99732,100,99984,100,99657,100,99991,100,99634,100,100026,100,99627,100,100027,100,99578,100,100041,100,99566,100,100043,100,99514,100,100045,100,99342,100
2019-06-28 09:49:10.000000000,99876,215,99853,215,99881,512,99845,212,99882,212,99732,212,99984,100,99657,100,99991,100,99634,100,100026,100,99627,100,100027,100,99578,100,100041,100,99566,100,100043,100,99514,100,100045,100,99342,100
2019-06-28 09:49:20.000000000,99876,270,99853,270,99881,570,99845,270,99882,100,99732,100,99984,100,99657,100,99991,100,99634,100,100026,100,99627,100,100027,100,99578,100,100041,100,99566,100,100043,100,99514,100,100045,100,99342,100
2019-06-28 09:49:22.229294388,99876,270,99853,170,99881,570,99845,270,99882,100,99732,100,99984,100,99657,100,99991,100,99634,100,100026,100,99627,100,100027,100,99578,100,100041,100,99566,100,100043,100,99514,100,100045,100,99342,100
2019-06-28 09:49:30.000000000,99876,215,99845,215,99881,512,99732,212,99882,212,99657,212,99984,100,99634,100,99991,100,99627,100,100026,100,99578,100,100027,100,99566,100,100041,100,99514,100,100043,100,99342,100,100045,100,99238,100
2019-06-28 09:49:40.000000000,99876,215,99845,215,99881,512,99732,212,99882,212,99657,212,99984,100,99634,100,99991,100,99627,100,100026,100,99578,100,100027,100,99566,100,100041,100,99514,100,100043,100,99342,100,100045,100,99238,100
2019-06-28 09:49:43.097567192,99876,215,99845,115,99881,512,99732,212,99882,212,99657,212,99984,100,99634,100,99991,100,99627,100,100026,100,99578,100,100027,100,99566,100,100041,100,99514,100,100043,100,99342,100,100045,100,99238,100
2019-06-28 09:49:50.000000000,99876,270,99732,270,99881,570,99657,270,99882,100,99634,100,99984,100,99627,100,99991,100,99578,100,100026,100,99566,100,100027,100,99514,100,100041,100,99342,100,100043,100,99238,100,100045,100,99179,100
2019-06-28 09:49:51.135338204,99876,270,99732,170,99881,570,99657,270,99882,100,99634,100,99984,100,99627,100,99991,100,99578,100,100026,100,99566,100,100027,100,99514,100,100041,100,99342,100,100045,100,99238,100,100112,100,99179,100
2019-06-28 09:50:00.000000000,99876,185,99657,185,99881,485,99634,185,99882,185,99627,185,99984,185,99578,185,99991,100,99566,100,100026,100,99514,100,100027,100,99342,100,100041,100,99238,100,100045,100,99179,100,100112,100,99169,100
2019-06-28 09:50:02.377219267,99876,185,99657,185,99881,485,99634,185,99882,185,99627,185,99984,185,99578,185,99991,100,99566,100,100026,100,99514,100,100027,100,99342,100,100041,100,99238,100,100045,100,99179,100,100112,100,99169,100
2019-06-28 09:50:09.072021509,99876,185,99657,185,99881,485,99634,185,99882,185,99627,185,99984,185,99578,185,99991,100,99514,100,100026,100,99342,100,100027,100,99238,100,100041,100,99179,100,100045,100,99169,100,100112,100,99094,100
2019-06-28 09:50:10.000000000,99876,270,99657,270,99881,570,99634,270,99882,100,99627,100,99984,100,99578,100,99991,100,99514,100,100026,100,99342,100,100027,100,99238,100,100041,100,99179,100,100045,100,99169,100,100112,100,99094,100
2019-06-28 09:50:15.712196472,99876,270,99657,170,99881,570,99634,270,99882,100,99627,100,99984,100,99578,100,99991,100,99514,100,100026,100,99342,100,100027,100,99238,100,100041,100,99179,100,100045,100,99169,100,100112,100,99094,100
2019-06-28 09:50:20.000000000,99876,185,99634,185,99881,485,99627,185,99882,185,99578,185,99984,185,99514,185,99991,100,99342,100,100026,100,99238,100,100027,100,99179,100,100041,100,99169,100,100045,100,99094,100,100112,100,98988,100
2019-06-28 09:50:23.120764119,99876,185,99634,85,99881,485,99627,185,99882,185,99578,185,99984,185,99514,185,99991,100,99342,100,100026,100,99238,100,100027,100,99179,100,100041,100,99169,100,100045,100,99094,100,100112,100,98853,100
2019-06-28 09:50:30.000000000,99876,270,99627,270,99881,570,99578,270,99882,100,99514,100,99984,100,99342,100,99991,100,99238,100,100026,100,99179,100,100027,100,99169,100,100041,100,99094,100,100045,100,98853,100,100112,100,98500,100
2019-06-28 09:50:37.105403912,99657,100,99627,270,99876,270,99578,270,99881,470,99514,100,99882,100,99342,100,99984,100,99238,100,99991,100,99179,100,100026,100,99169,100,100027,100,99094,100,100041,100,98853,100,100045,100,98500,100
2019-06-28 09:50:39.396543531,99657,100,99627,170,99876,270,99578,270,99881,470,99514,100,99882,100,99342,100,99984,100,99238,100,99991,100,99179,100,100026,100,99169,100,100027,100,99094,100,100041,100,98853,100,100045,100,98500,100
2019-06-28 09:50:40.000000000,99657,215,99578,215,99876,212,99514,212,99881,412,99342,212,99882,100,99238,100,99984,100,99179,100,99991,100,99169,100,100026,100,99094,100,100027,100,98853,100,100041,100,98500,100,100045,100,98494,100
2019-06-28 09:50:46.699664437,99657,215,99578,115,99876,212,99514,212,99881,412,99342,212,99882,100,99238,100,99984,100,99179,100,99991,100,99169,100,100026,100,99094,100,100027,100,98853,100,100041,100,98500,100,100045,100,98494,100
2019-06-28 09:50:50.000000000,99657,168,99514,168,99876,168,99342,168,99881,368,99238,168,99882,168,99179,168,99984,168,99169,168,99991,100,99094,100,100026,100,98853,100,100027,100,98500,100,100041,100,98494,100,100045,100,,
2019-06-28 09:51:00.000000000,99657,439,99514,439,99876,100,99342,100,99881,300,99238,100,99882,100,99179,100,99984,100,99169,100,99991,100,99094,100,100026,100,98853,100,100027,100,98500,100,100041,100,98494,100,100045,100,,
2019-06-28 09:51:05.234032749,99657,439,99514,439,99876,100,99342,100,99881,300,99238,100,99882,100,99179,100,99984,100,99169,100,99991,100,99164,100,100026,100,99094,100,100027,100,98853,100,100041,100,98500,100,100045,100,98494,100
2019-06-28 09:51:09.274177309,99657,439,99514,439,99876,100,99342,100,99881,300,99238,100,99882,100,99229,100,99984,100,99179,100,99991,100,99169,100,100026,100,99164,100,100041,100,99094,100,100045,100,98853,100,100112,100,98500,100
2019-06-28 09:51:10.000000000,99657,185,99514,185,99876,185,99342,185,99881,385,99238,185,99882,185,99229,185,99984,100,99179,100,99991,100,99169,100,100026,100,99164,100,100041,100,99094,100,100045,100,98853,100,100112,100,98500,100
2019-06-28 09:51:20.000000000,99657,185,99514,185,99876,185,99342,185,99881,385,99238,185,99882,185,99229,185,99984,100,99179,100,99991,100,99169,100,100026,100,99164,100,100041,100,99094,100,100045,100,98853,100,100112,100,98500,100
2019-06-28 09:51:30.000000000,99657,168,99514,168,99876,168,99342,168,99881,368,99238,168,99882,168,99229,168,99984,168,99179,168,99991,100,99169,100,100026,100,99164,100,100041,100,99094,100,100045,100,98853,100,100112,100,98500,100
2019-06-28 09:51:40.000000000,99657,215,99514,215,99876,212,99342,212,99881,412,99238,212,99882,100,99229,100,99984,100,99179,100,99991,100,99169,100,100026,100,99164,100,100041,100,99094,100,100045,100,98853,100,100112,100,98500,100
2019-06-28 09:51:49.412643640,99657,215,99514,115,99876,212,99342,212,99881,412,99238,212,99882,100,99229,100,99984,100,99179,100,99991,100,99169,100,100041,100,99164,100,100045,100,99094,100,100112,100,98853,100,,,98500,100
2019-06-28 09:51:50.000000000,99657,439,99342,439,99876,100,99238,100,99881,300,99229,100,99882,100,99179,100,99984,100,99169,100,99991,100,99164,100,100041,100,99094,100,100045,100,98853,100,100112,100,98500,100,,,98494,100
2019-06-28 09:51:53.484441488,99657,439,99449,100,99876,100,99342,439,99881,300,99238,100,99882,100,99229,100,99984,100,99179,100,99991,100,99169,100,100041,100,99164,100,100045,100,99094,100,100112,100,98853,100,,,98500,100
2019-06-28 09:52:00.000000000,99657,185,99449,185,99876,185,99342,185,99881,385,99238,185,99882,185,99229,185,99984,100,99179,100,99991,100,99169,100,100041,100,99164,100,100045,100,99094,100,100112,100,98853,100,,,98500,100
2019-06-28 09:52:09.923756223,99657,185,99449,85,99876,185,99342,185,99881,385,99238,185,99882,185,99229,185,99984,100,99179,100,99991,100,99169,100,100041,100,99164,100,100045,100,99094,100,100112,100,98853,100,,,98500,100
2019-06-28 09:52:10.000000000,99657,185,99342,185,99876,185,99238,185,99881,385,99229,185,99882,185,99179,185,99984,100,99169,100,99991,100,99164,100,100041,100,99094,100,100045,100,98853,100,100112,100,98500,100,,,98494,100
2019-06-28 09:52:14.981819417,99514,100,99342,185,99657,185,99238,185,99876,185,99229,185,99881,285,99179,185,99882,185,99169,100,99984,100,99164,100,99991,100,99094,100,100041,100,98853,100,100045,100,98500,100,100112,100,98494,100
2019-06-28 09:52:19.519823288,99514,100,99342,85,99657,185,99238,185,99876,185,99229,185,99881,285,99179,185,99882,185,99169,100,99984,100,99164,100,99991,100,99094,100,100041,100,98853,100,100045,100,98500,100,100112,100,98494,100
2019-06-28 09:52:20.000000000,99514,215,99238,215,99657,212,99229,212,99876,212,99179,212,99881,200,99169,100,99882,100,99164,100,99984,100,99094,100,99991,100,98853,100,100041,100,98500,100,100045,100,98494,100,100112,100,,
2019-06-28 09:52:24.718358904,99449,100,99238,215,99514,215,99229,212,99657,212,99179,212,99876,212,99169,100,99881,200,99164,100,99882,100,99094,100,99984,100,98853,100,99991,100,98500,100,100041,100,98494,100,100045,100,,
2019-06-28 09:52:30.000000000,99449,215,99238,215,99514,212,99229,212,99657,212,99179,212,99876,100,99169,100,99881,200,99164,100,99882,100,99094,100,99984,100,98853,100,99991,100,98500,100,100041,100,98494,100,100045,100,,
2019-06-28 09:52:38.924563697,99449,215,99238,115,99514,212,99229,212,99657,212,99179,212,99876,100,99169,100,99881,200,99164,100,99882,100,99094,100,99984,100,98853,100,99991,100,98500,100,100041,100,98494,100,100045,100,,
2019-06-28 09:52:40.000000000,99449,168,99229,168,99514,168,99179,168,99657,168,99169,168,99876,168,99164,168,99881,268,99094,168,99882,100,98853,100,99984,100,98500,100,99991,100,98494,100,100041,100,,,100045,100,,
2019-06-28 09:52:50.000000000,99449,270,99229,270,99514,270,99179,270,99657,100,99169,100,99876,100,99164,100,99881,200,99094,100,99882,100,98853,100,99984,100,98500,100,99991,100,98494,100,100041,100,,,100045,100,,
2019-06-28 09:52:50.318847510,99449,270,99229,270,99514,270,99179,270,99657,100,99169,100,99876,100,99164,100,99881,200,99094,100,99882,100,98995,100,99984,100,98853,100,99991,100,98500,100,100041,100,98494,100,100045,100,,
2019-06-28 09:52:53.024825653,99449,270,99289,100,99514,270,99229,270,99657,100,99179,270,99876,100,99169,100,99881,200,99164,100,99882,100,99094,100,99984,100,98995,100,99991,100,98853,100,100041,100,98500,100,100045,100,98494,100
2019-06-28 09:53:00.000000000,99449,439,99289,439,99514,100,99229,100,99657,100,99179,100,99876,100,99169,100,99881,200,99164,100,99882,100,99094,100,99984,100,98995,100,99991,100,98853,100,100041,100,98500,100,100045,100,98494,100
2019-06-28 09:53:10.000000000,99449,439,99289,439,99514,100,99229,100,99657,100,99179,100,99876,100,99169,100,99881,200,99164,100,99882,100,99094,100,99984,100,98995,100,99991,100,98853,100,100041,100,98500,100,100045,100,98494,100
2019-06-28 09:53:10.034917310,99449,439,99289,439,99514,100,99229,100,99657,100,99212,100,99876,100,99179,100,99881,200,99169,100,99882,100,99164,100,99984,100,99094,100,99991,100,98995,100,100041,100,98853,100,100045,100,98500,100
2019-06-28 09:53:20.000000000,99449,185,99289,185,99514,185,99229,185,99657,185,99212,185,99876,185,99179,185,99881,200,99169,100,99882,100,99164,100,99984,100,99094,100,99991,100,98995,100,100041,100,98853,100,100045,100,98500,100
2019-06-28 09:53:30.000000000,99449,439,99289,439,99514,100,99229,100,99657,100,99212,100,99876,100,99179,100,99881,200,99169,100,99882,100,99164,100,99984,100,99094,100,99991,100,98995,100,100041,100,98853,100,100045,100,98500,100
2019-06-28 09:53:31.518339831,99449,439,99289,439,99657,100,99229,100,99876,100,99212,100,99881,200,99179,100,99882,100,99169,100,99984,100,99164,100,99991,100,99094,100,100041,100,98995,100,100045,100,98853,100,100112,100,98500,100
2019-06-28 09:53:34.546997112,99449,439,99289,439,99550,100,99229,100,99657,100,99212,100,99876,100,99179,100,99881,200,99169,100,99882,100,99164,100,99984,100,99094,100,99991,100,98995,100,100041,100,98853,100,100045,100,98500,100
2019-06-28 09:53:35.417393942,99449,439,99289,439,99550,100,99229,100,99575,100,99212,100,99657,100,99179,100,99876,100,99169,100,99881,200,99164,100,99882,100,99094,100,99984,100,98995,100,99991,100,98853,100,100041,100,98500,100
2019-06-28 09:53:40.000000000,99449,215,99289,215,99550,212,99229,212,99575,212,99212,212,99657,100,99179,100,99876,100,99169,100,99881,200,99164,100,99882,100,99094,100,99984,100,98995,100,99991,100,98853,100,100041,100,98500,100
2019-06-28 09:53:48.015489592,99449,215,99289,215,99550,212,99231,100,99575,212,99229,212,99657,100,99212,112,99876,100,99179,100,99881,200,99169,100,99882,100,99164,100,99984,100,99094,100,99991,100,98995,100,100041,100,98853,100
2019-06-28 09:53:50.000000000,99449,439,99289,439,99550,100,99231,100,99575,100,99229,100,99657,100,99179,100,99876,100,99169,100,99881,200,99164,100,99882,100,99094,100,99984,100,98995,100,99991,100,98853,100,100041,100,98500,100
2019-06-28 09:53:53.406487177,99449,439,99289,339,99550,100,99231,100,99575,100,99229,100,99657,100,99179,100,99876,100,99169,100,99881,200,99164,100,99882,100,99094,100,99984,100,98995,100,100041,100,98853,100,100045,100,98500,100
2019-06-28 09:54:00.000000000,99449,439,99231,439,99550,100,99229,100,99575,100,99179,100,99657,100,99169,100,99876,100,99164,100,99881,200,99094,100,99882,100,98995,100,99984,100,98853,100,100041,100,98500,100,100045,100,98494,100
2019-06-28 09:54:10.000000000,99449,215,99231,215,99550,212,99229,212,99575,212,99179,212,99657,100,99169,100,99876,100,99164,100,99881,200,99094,100,99882,100,98995,100,99984,100,98853,100,100041,100,98500,100,100045,100,98494,100
2019-06-28 09:54:20.000000000,99449,270,99231,270,99550,270,99229,270,99575,100,99179,100,99657,100,99169,100,99876,100,99164,100,99881,200,99094,100,99882,100,98995,100,99984,100,98853,100,100041,100,98500,100,100045,100,98494,100
2019-06-28 09:54:30.000000000,99449,185,99231,185,99550,185,99229,185,99575,185,99179,185,99657,185,99169,185,99876,100,99164,100,99881,200,99094,100,99882,100,98995,100,99984,100,98853,100,100041,100,98500,100,100045,100,98494,100
2019-06-28 09:54:40.000000000,99449,168,99231,168,99550,168,99229,168,99575,168,99179,168,99657,168,99169,168,99876,168,99164,168,99881,200,99094,100,99882,100,98995,100,99984,100,98853,100,100041,100,98500,100,100045,100,98494,100
2019-06-28 09:54:50.000000000,99449,215,99231,215,99550,212,99229,212,99575,212,99179,212,99657,100,99169,100,99876,100,99164,100,99881,200,99094,100,99882,100,98995,100,99984,100,98853,100,100041,100,98500,100,100045,100,98494,100
2019-06-28 09:54:50.446493508,99449,215,99231,215,99550,212,99229,212,99575,212,99179,212,99657,100,99169,100,99876,100,99164,100,99881,200,99094,100,99882,100,99092,100,99984,100,98995,100,100041,100,98853,100,100045,100,98500,100
2019-06-28 09:55:00.000000000,99449,215,99231,215,99550,212,99229,212,99575,212,99179,212,99657,100,99169,100,99876,100,99164,100,99881,200,99094,100,99882,100,99092,100,99984,100,98995,100,100041,100,98853,100,100045,100,98500,100
2019-06-28 09:55:02.666974022,99449,215,99231,215,99550,212,99229,212,99575,212,99179,212,99657,100,99169,100,99876,100,99164,100,99881,200,99094,100,99882,100,99092,100,99984,100,98995,100,100041,100,98943,100,100045,100,98853,100
2019-06-28 09:55:07.399350177,99449,215,99231,115,99550,212,99229,212,99575,212,99179,212,99657,100,99169,100,99876,100,99164,100,99881,200,99094,100,99882,100,99092,100,99984,100,98995,100,100041,100,98943,100,100045,100,98942,100
2019-06-28 09:55:08.736651768,99449,215,99231,15,99550,212,99229,212,99575,212,99179,212,99657,100,99169,100,99876,100,99164,100,99881,200,99094,100,99882,100,99092,100,99984,100,98995,100,100041,100,98943,100,100045,100,98942,100
2019-06-28 09:55:10.000000000,99449,439,99229,439,99550,100,99179,100,99575,100,99169,100,99657,100,99164,100,99876,100,99094,100,99881,200,99092,100,99882,100,98995,100,99984,100,98943,100,100041,100,98942,100,100045,100,98853,100
2019-06-28 09:55:13.995241555,99289,100,99229,439,99449,439,99179,100,99550,100,99169,100,99575,100,99164,100,99657,100,99094,100,99876,100,99092,100,99881,200,98995,100,99882,100,98943,100,99984,100,98942,100,100041,100,98853,100
2019-06-28 09:55:20.000000000,99289,168,99229,168,99449,168,99179,168,99550,168,99169,168,99575,168,99164,168,99657,168,99094,168,99876,100,99092,100,99881,200,98995,100,99882,100,98943,100,99984,100,98942,100,100041,100,98853,100
2019-06-28 09:55:30.000000000,99289,439,99229,439,99449,100,99179,100,99550,100,99169,100,99575,100,99164,100,99657,100,99094,100,99876,100,99092,100,99881,200,98995,100,99882,100,98943,100,99984,100,98942,100,100041,100,98853,100
2019-06-28 09:55:40.000000000,99289,168,99229,168,99449,168,99179,168,99550,168,99169,168,99575,168,99164,168,99657,168,99094,168,99876,100,99092,100,99881,200,98995,100,99882,100,98943,100,99984,100,98942,100,100041,100,98853,100
2019-06-28 09:55:43.833234764,99289,68,99229,168,99449,168,99179,168,99550,168,99169,168,99575,168,99164,168,99657,168,99094,168,99876,100,99092,100,99881,200,98995,100,99882,100,98943,100,99984,100,98942,100,100041,100,98853,100
2019-06-28 09:55:50.000000000,99449,168,99229,168,99550,168,99179,168,99575,168,99169,168,99657,168,99164,168,99876,168,99094,168,99881,200,99092,100,99882,100,98995,100,99984,100,98943,100,100041,100,98942,100,100045,100,98853,100
2019-06-28 09:56:00.000000000,99449,185,99229,185,99550,185,99179,185,99575,185,99169,185,99657,185,99164,185,99876,100,99094,100,99881,200,99092,100,99882,100,98995,100,99984,100,98943,100,100041,100,98942,100,100045,100,98853,100
2019-06-28 09:56:02.916738854,99449,185,99229,185,99550,185,99179,185,99575,185,99169,185,99657,185,99164,185,99876,100,99094,100,99881,200,99092,100,99882,100,98995,100,99984,100,98943,100,100041,100,98942,100,100045,100,98853,100
2019-06-28 09:56:05.524705321,99449,185,99229,85,99550,185,99179,185,99575,185,99169,185,99657,185,99164,185,99876,100,99094,100,99881,200,99092,100,99882,100,98995,100,99984,100,98943,100,100041,100,98942,100,100045,100,98853,100
2019-06-28 09:56:10.000000000,99449,215,99179,215,99550,212,99169,212,99575,212,99164,212,99657,100,99094,100,99876,100,99092,100,99881,200,98995,100,99882,100,98943,100,99984,100,98942,100,100041,100,98853,100,100045,100,98806,100
2019-06-28 09:56:17.467826476,99449,215,99179,215,99550,212,99169,212,99575,212,99164,212,99657,100,99094,100,99876,100,99092,100,99881,200,98995,100,99882,100,98943,100,99984,100,98942,100,100041,100,98853,100,100045,100,98806,100
2019-06-28 09:56:20.000000000,99449,168,99179,168,99550,168,99169,168,99575,168,99164,168,99657,168,99094,168,99876,168,99092,168,99881,200,98995,100,99882,100,98943,100,99984,100,98942,100,100041,100,98853,100,100045,100,98806,100
2019-06-28 09:56:30.000000000,99449,270,99179,270,99550,270,99169,270,99575,100,99164,100,99657,100,99094,100,99876,100,99092,100,99881,200,98995,100,99882,100,98943,100,99984,100,98942,100,100041,100,98853,100,100045,100,98806,100
2019-06-28 09:56:40.000000000,99449,185,99179,185,99550,185,99169,185,99575,185,99164,185,99657,185,99094,185,99876,100,99092,100,99881,200,98995,100,99882,100,98943,100,99984,100,98942,100,100041,100,98853,100,100045,100,98806,100
2019-06-28 09:56:50.000000000,99449,185,99179,185,99550,185,99169,185,99575,185,99164,185,99657,185,99094,185,99876,100,99092,100,99881,200,98995,100,99882,100,98943,100,99984,100,98942,100,100041,100,98853,100,100045,100,98806,100
2019-06-28 09:57:00.000000000,99449,215,99179,215,99550,212,99169,212,99575,212,99164,212,99657,100,99094,100,99876,100,99092,100,99881,200,98995,100,99882,100,98943,100,99984,100,98942,100,100041,100,98853,100,100045,100,98806,100
2019-06-28 09:57:10.000000000,99449,439,99179,439,99550,100,99169,100,99575,100,99164,100,99657,100,99094,100,99876,100,99092,100,99881,200,98995,100,99882,100,98943,100,99984,100,98942,100,100041,100,98853,100,100045,100,98806,100
2019-06-28 09:57:20.000000000,99449,439,99179,439,99550,100,99169,100,99575,100,99164,100,99657,100,99094,100,99876,100,99092,100,99881,200,98995,100,99882,100,98943,100,99984,100,98942,100,100041,100,98853,100,100045,100,98806,100
2019-06-28 09:57:24.951159014,99449,439,99179,439,99550,100,99169,100,99575,100,99164,100,99657,100,99094,100,99876,100,99092,100,99881,200,98995,100,99882,100,98985,100,99984,100,98943,100,100041,100,98942,100,100045,100,98853,100
2019-06-28 09:57:25.261208849,99449,439,99179,439,99550,100,99169,100,99575,100,99164,100,99657,100,99094,100,99876,100,99092,100,99881,200,98995,100,99882,100,98982,100,99984,100,98943,100,100041,100,98942,100,100045,100,98853,100
2019-06-28 09:57:27.243522717,99288,100,99179,439,99449,439,99169,100,99550,100,99164,100,99575,100,99094,100,99657,100,99092,100,99876,100,98995,100,99881,200,98982,100,99882,100,98943,100,99984,100,98942,100,100041,100,98853,100
2019-06-28 09:57:30.000000000,99288,168,99179,168,99449,168,99169,168,99550,168,99164,168,99575,168,99094,168,99657,168,99092,168,99876,100,98995,100,99881,200,98982,100,99882,100,98943,100,99984,100,98942,100,100041,100,98853,100
2019-06-28 09:57:33.990351142,99288,168,99179,168,99449,168,99169,168,99550,168,99164,168,99575,168,99094,168,99657,168,99092,168,99876,100,99059,100,99881,200,98995,100,99882,100,98982,100,99984,100,98943,100,100041,100,98942,100
2019-06-28 09:57:36.555695783,99288,168,99179,68,99449,168,99169,168,99550,168,99164,168,99575,168,99094,168,99657,168,99092,168,99876,100,99059,100,99881,200,98995,100,99882,100,98982,100,99984,100,98943,100,100041,100,98942,100
2019-06-28 09:57:40.000000000,99288,168,99169,168,99449,168,99164,168,99550,168,99094,168,99575,168,99092,168,99657,168,99059,168,99876,100,98995,100,99881,200,98982,100,99882,100,98943,100,99984,100,98942,100,100041,100,98853,100
2019-06-28 09:57:41.974999473,99243,100,99169,168,99288,168,99164,168,99449,168,99094,168,99550,168,99092,168,99575,168,99059,68,99657,168,98995,100,99876,100,98982,100,99881,200,98943,100,99882,100,98942,100,99984,100,98853,100
2019-06-28 09:57:46.167088672,99243,100,99169,168,99288,168,99164,168,99449,168,99094,168,99550,168,99092,168,99575,168,99059,68,99657,168,99014,100,99876,100,98995,100,99881,200,98982,100,99882,100,98943,100,99984,100,98942,100
2019-06-28 09:57:48.577040590,99243,100,99169,168,99288,168,99164,168,99314,100,99094,168,99449,168,99092,168,99550,168,99059,68,99575,168,99014,100,99657,168,98995,100,99876,100,98982,100,99881,200,98943,100,99882,100,98942,100
2019-06-28 09:57:50.000000000,99243,270,99169,270,99288,270,99164,270,99314,100,99094,100,99449,100,99092,100,99550,100,99014,100,99575,100,98995,100,99657,100,98982,100,99876,100,98943,100,99881,200,98942,100,99882,100,98853,100
2019-06-28 09:58:00.000000000,99243,168,99169,168,99288,168,99164,168,99314,168,99094,168,99449,168,99092,168,99550,168,99014,168,99575,100,98995,100,99657,100,98982,100,99876,100,98943,100,99881,200,98942,100,99882,100,98853,100
2019-06-28 09:58:10.000000000,99243,185,99169,185,99288,185,99164,185,99314,185,99094,185,99449,185,99092,185,99550,100,99014,100,99575,100,98995,100,99657,100,98982,100,99876,100,98943,100,99881,200,98942,100,99882,100,98853,100
2019-06-28 09:58:10.532320280,99243,185,99169,185,99288,185,99164,185,99314,185,99094,185,99318,100,99092,185,99449,185,99014,100,99550,100,98995,100,99575,100,98982,100,99657,100,98943,100,99876,100,98942,100,99881,200,98853,100
2019-06-28 09:58:20.000000000,99243,168,99169,168,99288,168,99164,168,99314,168,99094,168,99318,168,99092,168,99449,168,99014,168,99550,100,98995,100,99575,100,98982,100,99657,100,98943,100,99876,100,98942,100,99881,200,98853,100
2019-06-28 09:58:20.589478379,99212,100,99169,168,99243,168,99164,168,99288,168,99094,168,99314,168,99092,168,99318,168,99014,168,99449,168,98995,100,99550,100,98982,100,99575,100,98943,100,99657,100,98942,100,99876,100,98853,100
2019-06-28 09:58:30.000000000,99212,168,99169,168,99243,168,99164,168,99288,168,99094,168,99314,168,99092,168,99318,168,99014,168,99449,100,98995,100,99550,100,98982,100,99575,100,98943,100,99657,100,98942,100,99876,100,98853,100
2019-06-28 09:58:40.000000000,99212,185,99169,185,99243,185,99164,185,99288,185,99094,185,99314,185,99092,185,99318,100,99014,100,99449,100,98995,100,99550,100,98982,100,99575,100,98943,100,99657,100,98942,100,99876,100,98853,100
2019-06-28 09:58:45.456559893,99212,185,99169,185,99243,185,99164,185,99288,185,99094,185,99314,185,99092,185,99318,100,99014,100,99449,100,98995,100,99550,100,98982,100,99575,100,98943,100,99657,100,98942,100,99876,100,98853,100
2019-06-28 09:58:50.000000000,99212,185,99169,185,99243,185,99164,185,99288,185,99094,185,99314,185,99092,185,99318,100,99014,100,99449,100,98995,100,99550,100,98982,100,99575,100,98943,100,99657,100,98942,100,99876,100,98853,100
2019-06-28 09:59:00.000000000,99212,439,99169,439,99243,100,99164,100,99288,100,99094,100,99314,100,99092,100,99318,100,99014,100,99449,100,98995,100,99550,100,98982,100,99575,100,98943,100,99657,100,98942,100,99876,100,98853,100
2019-06-28 09:59:10.000000000,99212,168,99169,168,99243,168,99164,168,99288,168,99094,168,99314,168,99092,168,99318,168,99014,168,99449,100,98995,100,99550,100,98982,100,99575,100,98943,100,99657,100,98942,100,99876,100,98853,100
2019-06-28 09:59:17.414890276,99212,68,99169,168,99243,168,99164,68,99288,168,99094,168,99314,168,99092,168,99318,168,99014,168,99449,100,98995,100,99550,100,98982,100,99575,100,98943,100,99657,100,98942,100,99876,100,98853,100
2019-06-28 09:59:20.000000000,99243,439,99169,439,99288,100,99094,100,99314,100,99092,100,99318,100,99014,100,99449,100,98995,100,99550,100,98982,100,99575,100,98943,100,99657,100,98942,100,99876,100,98853,100,99881,100,98804,100
2019-06-28 09:59:20.609090463,99243,439,99169,439,99288,100,99094,100,99314,100,99092,100,99318,100,99014,100,99550,100,98995,100,99575,100,98982,100,99657,100,98943,100,99876,100,98942,100,99881,100,98853,100,99882,100,98804,100
2019-06-28 09:59:25.774668308,99243,339,99169,439,99288,100,99094,100,99314,100,99092,100,99318,100,99014,100,99550,100,98995,100,99575,100,98982,100,99657,100,98943,100,99876,100,98942,100,99881,100,98853,100,99882,100,98804,100
2019-06-28 09:59:30.000000000,99288,185,99169,185,99314,185,99094,185,99318,185,99092,185,99550,185,99014,185,99575,100,98995,100,99657,100,98982,100,99876,100,98943,100,99881,100,98942,100,99882,100,98853,100,99984,100,98804,100
2019-06-28 09:59:34.135778948,99288,185,99169,185,99314,185,99094,185,99318,185,99092,185,99550,185,99014,185,99575,100,98995,100,99614,100,98982,100,99657,100,98943,100,99876,100,98942,100,99881,100,98853,100,99882,100,98804,100
2019-06-28 09:59:36.309414816,99288,85,99169,185,99314,185,99094,185,99318,185,99092,185,99550,185,99014,85,99575,100,98995,100,99614,100,98982,100,99657,100,98943,100,99876,100,98942,100,99881,100,98853,100,99882,100,98804,100
2019-06-28 09:59:40.000000000,99314,215,99169,215,99318,212,99094,212,99550,212,99092,212,99575,100,98995,100,99614,100,98982,100,99657,100,98943,100,99876,100,98942,100,99881,100,98853,100,99882,100,98804,100,99984,100,98500,100
2019-06-28 09:59:50.000000000,99314,270,99169,270,99318,270,99094,270,99550,100,99092,100,99575,100,98995,100,99614,100,98982,100,99657,100,98943,100,99876,100,98942,100,99881,100,98853,100,99882,100,98804,100,99984,100,98500,100
2019-06-28 10:00:00.000000000,99314,215,99169,215,99318,212,99094,212,99550,212,99092,212,99575,100,98995,100,99614,100,98982,100,99657,100,98943,100,99876,100,98942,100,99881,100,98853,100,99882,100,98804,100,99984,100,98500,100
2019-06-28 10:00:02.598948256,99314,215,99169,215,99318,212,99094,212,99550,212,99092,212,99575,100,98995,100,99614,100,98982,100,99618,100,98943,100,99657,100,98853,100,99876,100,98804,100,99881,100,98500,100,99882,100,,
2019-06-28 10:00:10.000000000,99314,168,99169,168,99318,168,99094,168,99550,168,99092,168,99575,168,98995,168,99614,168,98982,168,99618,100,98943,100,99657,100,98853,100,99876,100,98804,100,99881,100,98500,100,99882,100,,
2019-06-28 10:00:14.115096941,99314,68,99169,168,99318,168,99094,168,99550,168,99092,168,99575,168,98995,168,99614,168,98982,168,99618,100,98943,100,99657,100,98853,100,99876,100,98804,100,99881,100,98500,100,99882,100,,
2019-06-28 10:00:17.789609653,99314,68,99169,168,99318,168,99094,168,99550,168,99092,168,99575,68,98995,168,99614,168,98982,168,99618,100,98943,100,99657,100,98853,100,99749,100,98804,100,99876,100,98500,100,99881,100,,
2019-06-28 10:00:20.000000000,99318,215,99169,215,99550,212,99094,212,99614,212,99092,212,99618,100,98995,100,99657,100,98982,100,99749,100,98943,100,99876,100,98853,100,99881,100,98804,100,99882,100,98500,100,99984,100,,
2019-06-28 10:00:30.000000000,99318,270,99169,270,99550,270,99094,270,99614,100,99092,100,99618,100,98995,100,99657,100,98982,100,99749,100,98943,100,99876,100,98853,100,99881,100,98804,100,99882,100,98500,100,99984,100,,
2019-06-28 10:00:40.000000000,99318,439,99169,439,99550,100,99094,100,99614,100,99092,100,99618,100,98995,100,99657,100,98982,100,99749,100,98943,100,99876,100,98853,100,99881,100,98804,100,99882,100,98500,100,99984,100,,
2019-06-28 10:00:42.847182389,99318,439,99169,439,99550,100,99094,100,99614,100,99092,100,99618,100,98995,100,99626,100,98982,100,99657,100,98943,100,99749,100,98853,100,99876,100,98804,100,99881,100,98500,100,99882,100,,
2019-06-28 10:00:49.367409991,99318,439,99288,100,99550,100,99169,439,99614,100,99094,100,99618,100,99092,100,99626,100,98995,100,99657,100,98982,100,99749,100,98943,100,99876,100,98853,100,99881,100,98804,100,99882,100,98500,100
2019-06-28 10:00:50.000000000,99318,185,99288,185,99550,185,99169,185,99614,185,99094,185,99618,185,99092,185,99626,100,98995,100,99657,100,98982,100,99749,100,98943,100,99876,100,98853,100,99881,100,98804,100,99882,100,98500,100
2019-06-28 10:01:00.000000000,99318,185,99288,185,99550,185,99169,185,99614,185,99094,185,99618,185,99092,185,99626,100,98995,100,99657,100,98982,100,99749,100,98943,100,99876,100,98853,100,99881,100,98804,100,99882,100,98500,100
2019-06-28 10:01:10.000000000,99318,168,99288,168,99550,168,99169,168,99614,168,99094,168,99618,168,99092,168,99626,168,98995,168,99657,100,98982,100,99749,100,98943,100,99876,100,98853,100,99881,100,98804,100,99882,100,98500,100
2019-06-28 10:01:20.000000000,99318,215,99288,215,99550,212,99169,212,99614,212,99094,212,99618,100,99092,100,99626,100,98995,100,99657,100,98982,100,99749,100,98943,100,99876,100,98853,100,99881,100,98804,100,99882,100,98500,100
2019-06-28 10:01:30.000000000,99318,215,99288,215,99550,212,99169,212,99614,212,99094,212,99618,100,99092,100,99626,100,98995,100,99657,100,98982,100,99749,100,98943,100,99876,100,98853,100,99881,100,98804,100,99882,100,98500,100
2019-06-28 10:01:40.000000000,99318,185,99288,185,99550,185,99169,185,99614,185,99094,185,99618,185,99092,185,99626,100,98995,100,99657,100,98982,100,99749,100,98943,100,99876,100,98853,100,99881,100,98804,100,99882,100,98500,100
2019-06-28 10:01:50.000000000,99318,439,99288,439,99550,100,99169,100,99614,100,99094,100,99618,100,99092,100,99626,100,98995,100,99657,100,98982,100,99749,100,98943,100,99876,100,98853,100,99881,100,98804,100,99882,100,98500,100
2019-06-28 10:01:50.762389863,99318,339,99288,439,99550,100,99169,100,99614,100,99094,100,99618,100,99092,100,99626,100,98995,100,99657,100,98982,100,99749,100,98943,100,99876,100,98853,100,99881,100,98804,100,99882,100,98500,100
2019-06-28 10:01:56.933240720,99318,239,99288,439,99550,100,99169,100,99614,100,99094,100,99618,100,99092,100,99657,100,98995,100,99749,100,98982,100,99876,100,98943,100,99881,100,98853,100,99882,100,98804,100,99984,100,98500,100
2019-06-28 10:01:57.388661907,99318,139,99288,439,99550,100,99169,100,99614,100,99094,100,99618,100,99092,100,99657,100,98995,100,99749,100,98982,100,99876,100,98943,100,99881,100,98853,100,99882,100,98804,100,99984,100,98500,100
2019-06-28 10:02:00.000000000,99550,168,99288,168,99614,168,99169,168,99618,168,99094,168,99657,168,99092,168,99749,168,98995,168,99876,100,98982,100,99881,100,98943,100,99882,100,98853,100,99984,100,98804,100,100041,100,98500,100
2019-06-28 10:02:10.000000000,99550,168,99288,168,99614,168,99169,168,99618,168,99094,168,99657,168,99092,168,99749,168,98995,168,99876,100,98982,100,99881,100,98943,100,99882,100,98853,100,99984,100,98804,100,100041,100,98500,100
2019-06-28 10:02:11.816598863,99550,168,99288,168,99614,168,99169,168,99618,168,99094,168,99657,168,99092,168,99749,168,98995,168,99876,100,98982,100,99881,100,98943,100,99882,100,98853,100,99984,100,98804,100,100041,100,98500,100
2019-06-28 10:02:16.112082455,99550,168,99318,100,99614,168,99288,168,99618,168,99169,168,99657,168,99094,168,99749,168,99092,168,99876,100,98995,168,99881,100,98982,100,99882,100,98943,100,99984,100,98853,100,100041,100,98804,100
2019-06-28 10:02:17.456079767,99550,168,99318,200,99614,168,99288,168,99618,168,99169,168,99657,168,99094,168,99749,168,99092,168,99876,100,98995,168,99881,100,98982,100,99882,100,98943,100,99984,100,98853,100,100041,100,98804,100
2019-06-28 10:02:20.000000000,99550,439,99318,539,99614,100,99288,100,99618,100,99169,100,99657,100,99094,100,99749,100,99092,100,99876,100,98995,100,99881,100,98982,100,99882,100,98943,100,99984,100,98853,100,100041,100,98804,100
2019-06-28 10:02:30.000000000,99550,215,99318,315,99614,212,99288,212,99618,212,99169,212,99657,100,99094,100,99749,100,99092,100,99876,100,98995,100,99881,100,98982,100,99882,100,98943,100,99984,100,98853,100,100041,100,98804,100
2019-06-28 10:02:32.557361484,99550,215,99318,415,99614,212,99288,212,99618,212,99169,212,99657,100,99094,100,99749,100,99092,100,99876,100,98995,100,99881,100,98982,100,99882,100,98943,100,99984,100,98853,100,100041,100,98804,100
2019-06-28 10:02:40.000000000,99550,215,99318,415,99614,212,99288,212,99618,212,99169,212,99657,100,99094,100,99749,100,99092,100,99876,100,98995,100,99881,100,98982,100,99882,100,98943,100,99984,100,98853,100,100041,100,98804,100
2019-06-28 10:02:50.000000000,99550,185,99318,385,99614,185,99288,185,99618,185,99169,185,99657,185,99094,185,99749,100,99092,100,99876,100,98995,100,99881,100,98982,100,99882,100,98943,100,99984,100,98853,100,100041,100,98804,100
2019-06-28 10:03:00.000000000,99550,215,99318,415,99614,212,99288,212,99618,212,99169,212,99657,100,99094,100,99749,100,99092,100,99876,100,98995,100,99881,100,98982,100,99882,100,98943,100,99984,100,98853,100,100041,100,98804,100
2019-06-28 10:03:10.000000000,99550,215,99318,415,99614,212,99288,212,99618,212,99169,212,99657,100,99094,100,99749,100,99092,100,99876,100,98995,100,99881,100,98982,100,99882,100,98943,100,99984,100,98853,100,100041,100,98804,100
2019-06-28 10:03:14.146608606,99550,215,99318,415,99581,100,99288,212,99614,212,99169,212,99618,212,99094,100,99657,100,99092,100,99749,100,98995,100,99876,100,98982,100,99881,100,98943,100,99882,100,98853,100,99984,100,98804,100
2019-06-28 10:03:20.000000000,99550,439,99318,639,99581,100,99288,100,99614,100,99169,100,99618,100,99094,100,99657,100,99092,100,99749,100,98995,100,99876,100,98982,100,99881,100,98943,100,99882,100,98853,100,99984,100,98804,100
2019-06-28 10:03:30.000000000,99550,185,99318,385,99581,185,99288,185,99614,185,99169,185,99618,185,99094,185,99657,100,99092,100,99749,100,98995,100,99876,100,98982,100,99881,100,98943,100,99882,100,98853,100,99984,100,98804,100
2019-06-28 10:03:36.541336466,99550,185,99318,285,99581,185,99288,185,99614,185,99169,185,99618,185,99094,185,99657,100,99092,100,99749,100,98995,100,99876,100,98982,100,99881,100,98943,100,99882,100,98853,100,99984,100,98804,100
2019-06-28 10:03:40.000000000,99550,270,99318,370,99581,270,99288,270,99614,100,99169,100,99618,100,99094,100,99657,100,99092,100,99749,100,98995,100,99876,100,98982,100,99881,100,98943,100,99882,100,98853,100,99984,100,98804,100
2019-06-28 10:03:44.515168455,99550,270,99318,470,99581,270,99288,270,99614,100,99169,100,99618,100,99094,100,99657,100,99092,100,99749,100,98995,100,99876,100,98982,100,99881,100,98943,100,99882,100,98853,100,99984,100,98804,100
2019-06-28 10:03:50.000000000,99550,168,99318,368,99581,168,99288,168,99614,168,99169,168,99618,168,99094,168,99657,168,99092,168,99749,100,98995,100,99876,100,98982,100,99881,100,98943,100,99882,100,98853,100,99984,100,98804,100
2019-06-28 10:03:51.792176417,99550,168,99318,468,99581,168,99288,168,99614,168,99169,168,99618,168,99094,168,99657,168,99092,168,99749,100,98995,100,99876,100,98982,100,99881,100,98943,100,99882,100,98853,100,99984,100,98804,100
2019-06-28 10:04:00.000000000,99550,215,99318,515,99581,212,99288,212,99614,212,99169,212,99618,100,99094,100,99657,100,99092,100,99749,100,98995,100,99876,100,98982,100,99881,100,98943,100,99882,100,98853,100,99984,100,98804,100
2019-06-28 10:04:03.076318405,99536,100,99318,515,99550,215,99288,212,99581,212,99169,212,99614,212,99094,100,99618,100,99092,100,99657,100,98995,100,99749,100,98982,100,99876,100,98943,100,99881,100,98853,100,99882,100,98804,100
2019-06-28 10:04:10.000000000,99536,168,99318,468,99550,168,99288,168,99581,168,99169,168,99614,168,99094,168,99618,168,99092,168,99657,100,98995,100,99749,100,98982,100,99876,100,98943,100,99881,100,98853,100,99882,100,98804,100
2019-06-28 10:04:11.854092336,99452,100,99318,468,99536,168,99288,168,99550,168,99169,168,99581,168,99094,168,99614,168,99092,168,99618,168,98995,100,99657,100,98982,100,99749,100,98943,100,99876,100,98853,100,99881,100,98804,100
2019-06-28 10:04:13.275729979,99536,168,99318,468,99550,168,99288,168,99581,168,99169,168,99614,168,99094,168,99618,168,99092,168,99657,100,98995,100,99749,100,98982,100,99876,100,98943,100,99881,100,98804,100,99882,100,98500,100
2019-06-28 10:04:20.000000000,99536,270,99318,570,99550,270,99288,270,99581,100,99169,100,99614,100,99094,100,99618,100,99092,100,99657,100,98995,100,99749,100,98982,100,99876,100,98943,100,99881,100,98804,100,99882,100,98500,100
2019-06-28 10:04:30.000000000,99536,439,99318,739,99550,100,99288,100,99581,100,99169,100,99614,100,99094,100,99618,100,99092,100,99657,100,98995,100,99749,100,98982,100,99876,100,98943,100,99881,100,98804,100,99882,100,98500,100
2019-06-28 10:04:40.000000000,99536,439,99318,739,99550,100,99288,100,99581,100,99169,100,99614,100,99094,100,99618,100,99092,100,99657,100,98995,100,99749,100,98982,100,99876,100,98943,100,99881,100,98804,100,99882,100,98500,100
2019-06-28 10:04:50.000000000,99536,185,99318,485,99550,185,99288,185,99581,185,99169,185,99614,185,99094,185,99618,100,99092,100,99657,100,98995,100,99749,100,98982,100,99876,100,98943,100,99881,100,98804,100,99882,100,98500,100
2019-06-28 10:05:00.000000000,99536,439,99318,739,99550,100,99288,100,99581,100,99169,100,99614,100,99094,100,99618,100,99092,100,99657,100,98995,100,99749,100,98982,100,99876,100,98943,100,99881,100,98804,100,99882,100,98500,100
2019-06-28 10:05:10.000000000,99536,185,99318,485,99550,185,99288,185,99581,185,99169,185,99614,185,99094,185,99618,100,99092,100,99657,100,98995,100,99749,100,98982,100,99876,100,98943,100,99881,100,98804,100,99882,100,98500,100
2019-06-28 10:05:20.000000000,99536,215,99318,515,99550,212,99288,212,99581,212,99169,212,99614,100,99094,100,99618,100,99092,100,99657,100,98995,100,99749,100,98982,100,99876,100,98943,100,99881,100,98804,100,99882,100,98500,100
2019-06-28 10:05:30.000000000,99536,168,99318,468,99550,168,99288,168,99581,168,99169,168,99614,168,99094,168,99618,168,99092,168,99657,100,98995,100,99749,100,98982,100,99876,100,98943,100,99881,100,98804,100,99882,100,98500,100
2019-06-28 10:05:37.836874232,99536,168,99318,468,99550,168,99288,168,99581,68,99169,168,99614,168,99094,168,99618,168,99092,168,99657,100,98995,100,99749,100,98982,100,99876,100,98969,100,99881,100,98943,100,99882,100,98804,100
2019-06-28 10:05:40.000000000,99536,270,99318,570,99550,270,99288,270,99614,100,99169,100,99618,100,99094,100,99657,100,99092,100,99749,100,98995,100,99876,100,98982,100,99881,100,98969,100,99882,100,98943,100,99984,100,98804,100
2019-06-28 10:05:50.000000000,99536,215,99318,515,99550,212,99288,212,99614,212,99169,212,99618,100,99094,100,99657,100,99092,100,99749,100,98995,100,99876,100,98982,100,99881,100,98969,100,99882,100,98943,100,99984,100,98804,100
2019-06-28 10:05:50.773618591,99323,100,99318,515,99536,115,99288,212,99550,212,99169,212,99614,212,99094,100,99618,100,99092,100,99657,100,98995,100,99749,100,98982,100,99876,100,98969,100,99881,100,98943,100,99882,100,98804,100
2019-06-28 10:06:00.000000000,99323,439,99318,739,99550,100,99288,100,99614,100,99169,100,99618,100,99094,100,99657,100,99092,100,99749,100,98995,100,99876,100,98982,100,99881,100,98969,100,99882,100,98943,100,99984,100,98804,100
2019-06-28 10:06:05.304410382,99323,439,99318,739,99452,100,99288,100,99550,100,99169,100,99614,100,99094,100,99618,100,99092,100,99657,100,98995,100,99749,100,98982,100,99876,100,98969,100,99881,100,98943,100,99882,100,98804,100
2019-06-28 10:06:09.006275145,99323,439,99318,739,99452,100,99288,100,99550,100,99169,100,99614,100,99094,200,99618,100,99092,100,99657,100,98995,100,99749,100,98982,100,99876,100,98943,100,99881,100,98804,100,99882,100,98500,100
2019-06-28 10:06:10.000000000,99323,439,99318,739,99452,100,99288,100,99550,100,99169,100,99614,100,99094,200,99618,100,99092,100,99657,100,98995,100,99749,100,98982,100,99876,100,98943,100,99881,100,98804,100,99882,100,98500,100
2019-06-28 10:06:19.447873482,99323,439,99318,739,99333,100,99288,100,99452,100,99169,100,99550,100,99094,200,99614,100,99092,100,99618,100,98995,100,99657,100,98982,100,99749,100,98943,100,99876,100,98804,100,99881,100,98500,100
2019-06-28 10:06:20.000000000,99323,168,99318,468,99333,168,99288,168,99452,168,99169,168,99550,168,99094,268,99614,168,99092,168,99618,100,98995,100,99657,100,98982,100,99749,100,98943,100,99876,100,98804,100,99881,100,98500,100
2019-06-28 10:06:30.000000000,99323,215,99318,515,99333,212,99288,212,99452,212,99169,212,99550,100,99094,200,99614,100,99092,100,99618,100,98995,100,99657,100,98982,100,99749,100,98943,100,99876,100,98804,100,99881,100,98500,100
2019-06-28 10:06:30.271769314,99323,215,99318,515,99333,212,99288,212,99351,100,99169,212,99452,212,99094,200,99550,100,99092,100,99614,100,98995,100,99618,100,98982,100,99657,100,98943,100,99749,100,98804,100,99876,100,98500,100
2019-06-28 10:06:40.000000000,99323,439,99318,739,99333,100,99288,100,99351,100,99169,100,99452,100,99094,200,99550,100,99092,100,99614,100,98995,100,99618,100,98982,100,99657,100,98943,100,99749,100,98804,100,99876,100,98500,100
2019-06-28 10:06:43.981310769,99323,439,99318,739,99327,100,99288,100,99333,100,99169,100,99351,100,99094,200,99452,100,99092,100,99550,100,98995,100,99614,100,98943,100,99618,100,98804,100,99657,100,98500,100,99749,100,,
2019-06-28 10:06:47.786613616,99323,439,99318,739,99327,100,99288,100,99333,100,99200,100,99351,100,99169,100,99452,100,99094,200,99550,100,99092,100,99614,100,98995,100,99618,100,98943,100,99657,100,98804,100,99749,100,98500,100
2019-06-28 10:06:50.000000000,99323,270,99318,570,99327,270,99288,270,99333,100,99200,100,99351,100,99169,100,99452,100,99094,200,99550,100,99092,100,99614,100,98995,100,99618,100,98943,100,99657,100,98804,100,99749,100,98500,100
2019-06-28 10:07:00.000000000,99323,439,99318,739,99327,100,99288,100,99333,100,99200,100,99351,100,99169,100,99452,100,99094,200,99550,100,99092,100,99614,100,98995,100,99618,100,98943,100,99657,100,98804,100,99749,100,98500,100
2019-06-28 10:07:08.835087866,99323,439,99318,739,99327,100,99288,100,99333,100,99255,100,99351,100,99169,100,99452,100,99094,200,99550,100,99092,100,99614,100,98995,100,99618,100,98943,100,99657,100,98804,100,99749,100,98500,100
2019-06-28 10:07:10.000000000,99323,439,99318,739,99327,100,99288,100,99333,100,99255,100,99351,100,99169,100,99452,100,99094,200,99550,100,99092,100,99614,100,98995,100,99618,100,98943,100,99657,100,98804,100,99749,100,98500,100
2019-06-28 10:07:16.361501949,99323,339,99318,739,99327,100,99288,100,99333,100,99255,100,99351,100,99169,100,99452,100,99113,100,99550,100,99094,200,99614,100,99092,100,99618,100,98995,100,99657,100,98943,100,99749,100,98804,100
2019-06-28 10:07:20.000000000,99327,215,99318,515,99333,212,99288,212,99351,212,99255,212,99452,100,99169,100,99550,100,99113,100,99614,100,99094,200,99618,100,99092,100,99657,100,98995,100,99749,100,98943,100,99876,100,98804,100
2019-06-28 10:07:30.000000000,99327,185,99318,485,99333,185,99288,185,99351,185,99255,185,99452,185,99169,185,99550,100,99113,100,99614,100,99094,200,99618,100,99092,100,99657,100,98995,100,99749,100,98943,100,99876,100,98804,100
2019-06-28 10:07:40.000000000,99327,185,99318,485,99333,185,99288,185,99351,185,99255,185,99452,185,99169,185,99550,100,99113,100,99614,100,99094,200,99618,100,99092,100,99657,100,98995,100,99749,100,98943,100,99876,100,98804,100
2019-06-28 10:07:41.543748059,99327,185,99318,485,99333,185,99288,185,99351,185,99255,185,99369,100,99169,185,99452,185,99113,100,99550,100,99094,200,99614,100,99092,100,99618,100,98995,100,99657,100,98943,100,99749,100,98804,100
2019-06-28 10:07:44.999646340,99327,185,99318,485,99333,185,99288,285,99351,185,99255,185,99369,100,99169,185,99452,185,99113,100,99550,100,99094,200,99614,100,99092,100,99618,100,98995,100,99657,100,98943,100,99749,100,98804,100
2019-06-28 10:07:50.000000000,99327,270,99318,570,99333,270,99288,370,99351,100,99255,100,99369,100,99169,100,99452,100,99113,100,99550,100,99094,200,99614,100,99092,100,99618,100,98995,100,99657,100,98943,100,99749,100,98804,100
2019-06-28 10:08:00.000000000,99327,270,99318,570,99333,270,99288,370,99351,100,99255,100,99369,100,99169,100,99452,100,99113,100,99550,100,99094,200,99614,100,99092,100,99618,100,98995,100,99657,100,98943,100,99749,100,98804,100
2019-06-28 10:08:00.613032673,99327,270,99318,570,99333,270,99288,370,99351,100,99255,100,99369,100,99169,100,99452,100,99126,100,99550,100,99113,100,99614,100,99094,200,99618,100,99092,100,99657,100,98995,100,99749,100,98943,100
2019-06-28 10:08:10.000000000,99327,215,99318,515,99333,212,99288,312,99351,212,99255,212,99369,100,99169,100,99452,100,99126,100,99550,100,99113,100,99614,100,99094,200,99618,100,99092,100,99657,100,98995,100,99749,100,98943,100
2019-06-28 10:08:20.000000000,99327,439,99318,739,99333,100,99288,200,99351,100,99255,100,99369,100,99169,100,99452,100,99126,100,99550,100,99113,100,99614,100,99094,200,99618,100,99092,100,99657,100,98995,100,99749,100,98943,100
2019-06-28 10:08:30.000000000,99327,168,99318,468,99333,168,99288,268,99351,168,99255,168,99369,168,99169,168,99452,168,99126,168,99550,100,99113,100,99614,100,99094,200,99618,100,99092,100,99657,100,98995,100,99749,100,98943,100
