,ask_price_1,ask_size_1,bid_price_1,bid_size_1,ask_price_2,ask_size_2,bid_price_2,bid_size_2,ask_price_3,ask_size_3,bid_price_3,bid_size_3,ask_price_4,ask_size_4,bid_price_4,bid_size_4,ask_price_5,ask_size_5,bid_price_5,bid_size_5,ask_price_6,ask_size_6,bid_price_6,bid_size_6,ask_price_7,ask_size_7,bid_price_7,bid_size_7,ask_price_8,ask_size_8,bid_price_8,bid_size_8,ask_price_9,ask_size_9,bid_price_9,bid_size_9,ask_price_10,ask_size_10,bid_price_10,bid_size_10
2019-06-28 09:30:00.000000000,,,99912,100,,,99836,100,,,,,,,,,,,,,,,,,,,,,,,,,,,,,,,,
2019-06-28 09:30:00.000000002,,,99912,100,,,99902,100,,,99836,100,,,,,,,,,,,,,,,,,,,,,,,,,,,,
2019-06-28 09:30:00.000000006,100078,100,99912,100,,,99902,100,,,99880,100,,,99836,100,,,,,,,,,,,,,,,,,,,,,,,,
2019-06-28 09:30:00.000000008,99998,100,99912,100,100078,100,99902,100,100092,100,99880,100,,,99836,100,,,,,,,,,,,,,,,,,,,,,,,,
2019-06-28 09:30:00.000000009,100078,100,99912,100,100092,100,99902,100,,,99880,100,,,99836,100,,,,,,,,,,,,,,,,,,,,,,,,
2019-06-28 09:30:00.000000011,100078,100,99934,100,100092,100,99912,100,,,99902,100,,,99880,100,,,99836,100,,,,,,,,,,,,,,,,,,,,
2019-06-28 09:30:00.000000013,100078,100,99934,100,100092,100,99912,100,100174,100,99902,100,,,99880,100,,,99836,100,,,,,,,,,,,,,,,,,,,,
2019-06-28 09:30:00.000000015,100078,100,99998,100,100092,100,99934,100,100174,100,99912,100,,,99902,100,,,99880,100,,,99836,100,,,,,,,,,,,,,,,,
2019-06-28 09:30:00.000000016,100078,100,99998,100,100092,100,99936,100,100174,100,99934,100,,,99912,100,,,99902,100,,,99880,100,,,99836,100,,,,,,,,,,,,
2019-06-28 09:30:00.000000017,100048,100,99998,100,100078,100,99978,100,100092,100,99936,100,100174,100,99934,100,,,99912,100,,,99902,100,,,99880,100,,,99836,100,,,,,,,,
2019-06-28 09:30:00.000000021,100048,100,99998,100,100078,100,99978,100,100092,100,99936,100,100155,100,99934,100,100174,100,99912,100,,,99902,100,,,99880,100,,,99836,100,,,,,,,,
2019-06-28 09:30:00.000000022,100007,100,99998,100,100048,100,99978,100,100078,100,99936,100,100092,100,99934,100,100155,100,99912,100,100174,100,99902,100,,,99880,100,,,99836,100,,,,,,,,
2019-06-28 09:30:00.000000024,100007,100,99998,100,100048,100,99978,100,100078,100,99964,100,100092,100,99936,100,100155,100,99934,100,100174,100,99912,100,,,99902,100,,,99880,100,,,99836,100,,,,
2019-06-28 09:30:00.000000025,100007,100,99998,100,100048,100,99978,100,100078,100,99964,100,100092,100,99936,100,100155,100,99934,100,100174,100,99912,100,,,99902,100,,,99880,100,,,99869,100,,,99836,100
2019-06-28 09:30:00.000000026,100007,100,99998,100,100048,100,99986,100,100078,100,99978,100,100092,100,99964,100,100155,100,99936,100,100174,100,99934,100,,,99912,100,,,99902,100,,,99880,100,,,99869,100
2019-06-28 09:30:00.000000027,100007,200,99998,100,100009,100,99986,100,100048,100,99978,100,100078,100,99964,100,100092,100,99936,100,100155,100,99934,100,100174,100,99912,100,,,99902,100,,,99880,100,,,99869,100
2019-06-28 09:30:00.000000028,100007,200,99998,100,100009,100,99986,100,100048,100,99978,100,100078,100,99964,100,100092,100,99936,100,100121,100,99934,100,100155,100,99912,100,100174,100,99902,100,100188,100,99880,100,,,99869,100
2019-06-28 09:30:00.000000029,100007,200,99998,100,100009,100,99986,100,100048,100,99978,100,100078,100,99964,100,100092,100,99959,100,100121,100,99936,100,100155,100,99934,100,100174,100,99912,100,100188,100,99902,100,,,99880,100
2019-06-28 09:30:00.000000030,100007,200,99998,100,100009,100,99986,100,100048,100,99978,100,100078,100,99964,100,100092,100,99959,100,100121,100,99936,100,100155,100,99934,100,100174,100,99912,100,100188,100,99902,100,,,99891,100
2019-06-28 09:30:00.000000038,100006,100,99998,100,100007,200,99986,100,100009,100,99978,100,100048,100,99964,100,100063,100,99959,100,100078,100,99936,100,100092,100,99934,100,100121,100,99912,100,100155,100,99902,100,100174,100,99891,100
2019-06-28 09:30:00.000000040,100006,100,99998,100,100007,200,99994,100,100009,100,99987,100,100048,100,99986,100,100063,100,99978,100,100078,100,99964,100,100092,100,99959,100,100121,100,99936,100,100155,100,99934,100,100174,100,99912,100
2019-06-28 09:30:00.000000041,100007,200,99998,100,100009,100,99994,100,100048,100,99987,100,100063,100,99986,100,100078,100,99978,100,100092,100,99964,100,100121,100,99959,100,100155,100,99936,100,100174,100,99934,100,100188,100,99912,100
2019-06-28 09:30:00.000000046,100007,200,99998,100,100009,100,99994,100,100048,100,99987,100,100063,100,99986,100,100078,100,99978,100,100092,100,99964,100,100108,100,99959,100,100121,100,99936,100,100155,100,99934,100,100174,100,99912,100
2019-06-28 09:30:00.000000048,100007,200,99994,100,100009,100,99987,100,100048,100,99986,100,100063,100,99978,100,100078,100,99964,100,100092,100,99959,100,100108,100,99936,100,100121,100,99934,100,100155,100,99912,100,100174,100,99902,100
2019-06-28 09:30:00.000000049,100007,200,99994,100,100009,100,99987,100,100028,100,99986,100,100048,100,99978,100,100063,100,99964,100,100078,100,99961,100,100092,100,99959,100,100108,100,99936,100,100121,100,99934,100,100155,100,99912,100
2019-06-28 09:30:00.000000050,99997,100,99994,100,100007,200,99987,100,100009,100,99986,100,100025,100,99978,100,100028,100,99964,100,100048,100,99961,100,100063,100,99959,100,100078,100,99936,100,100092,100,99934,100,100108,100,99912,100
2019-06-28 09:30:00.000000053,99995,100,99994,100,99997,100,99987,100,100007,200,99986,100,100009,100,99978,100,100025,100,99964,100,100028,100,99961,100,100048,100,99959,100,100063,100,99936,100,100078,100,99934,100,100092,100,99912,100
2019-06-28 09:30:00.000000058,99997,100,99994,100,100007,200,99987,100,100009,100,99986,100,100025,100,99978,100,100028,100,99964,100,100048,100,99961,100,100063,100,99959,100,100078,100,99936,100,100092,100,99934,100,100108,100,99912,100
2019-06-28 09:30:00.000000061,99997,100,99994,100,100004,100,99987,100,100007,200,99986,100,100009,100,99978,100,100025,100,99964,100,100028,100,99961,100,100048,100,99959,100,100063,100,99936,100,100078,100,99934,100,100092,100,99912,100
2019-06-28 09:30:00.000000063,99997,100,99994,100,100004,100,99987,100,100007,200,99986,100,100009,100,99978,100,100025,100,99964,100,100028,100,99961,100,100048,100,99959,100,100063,100,99951,100,100078,100,99936,100,100092,100,99934,100
2019-06-28 09:30:00.000000066,99997,100,99995,100,100004,100,99994,100,100007,200,99987,100,100009,100,99986,100,100025,100,99978,100,100028,100,99964,100,100048,100,99961,100,100063,100,99959,100,100078,100,99951,100,100092,100,99936,100
2019-06-28 09:30:00.000000067,99997,100,99995,100,100004,100,99994,100,100007,200,99987,100,100009,100,99986,100,100025,100,99978,100,100028,100,99964,100,100048,100,99961,100,100063,100,99959,100,100078,100,99951,100,100092,100,99936,100
2019-06-28 09:30:00.000000068,99997,100,99995,100,100004,100,99994,100,100007,200,99987,100,100009,100,99986,100,100025,100,99978,100,100028,100,99966,100,100048,100,99964,100,100063,100,99961,100,100078,100,99959,100,100092,100,99951,100
2019-06-28 09:30:00.000000069,99997,100,99995,100,100004,100,99994,100,100007,200,99987,100,100009,100,99986,100,100025,100,99978,100,100028,100,99966,100,100048,100,99964,100,100063,100,99961,100,100078,100,99959,100,100092,100,99951,100
2019-06-28 09:30:00.000000071,99997,100,99995,100,100004,100,99994,100,100007,200,99987,100,100009,100,99986,100,100025,100,99978,100,100028,100,99966,100,100048,100,99964,100,100063,100,99961,100,100078,100,99959,100,100092,100,99951,100
2019-06-28 09:30:00.000000072,99997,100,99994,100,100004,100,99987,100,100007,200,99986,100,100009,100,99978,100,100025,100,99966,100,100028,100,99964,100,100048,100,99961,100,100063,100,99959,100,100078,100,99951,100,100092,100,99948,100
2019-06-28 09:30:00.000000073,99997,100,99987,100,100004,100,99986,100,100007,200,99978,100,100009,100,99966,100,100025,100,99964,100,100028,100,99961,100,100048,100,99959,100,100063,100,99951,100,100078,100,99948,100,100092,100,99944,100
2019-06-28 09:30:00.000000075,99990,100,99987,100,99997,100,99986,100,100004,100,99978,100,100007,200,99966,100,100009,100,99964,100,100025,100,99961,100,100028,100,99959,100,100048,100,99951,100,100063,100,99948,100,100078,100,99944,100
2019-06-28 09:30:00.000000079,99997,100,99987,100,100004,100,99986,100,100007,200,99978,100,100009,100,99966,100,100025,100,99964,100,100028,100,99961,100,100048,100,99959,100,100063,100,99951,100,100078,100,99948,100,100092,100,99944,100
2019-06-28 09:30:00.000000081,99997,100,99987,100,100004,100,99986,100,100007,200,99978,100,100009,100,99966,100,100025,100,99964,100,100028,100,99961,100,100048,100,99959,100,100063,100,99951,100,100078,100,99948,100,100088,100,99944,100
2019-06-28 09:30:00.000000082,99994,100,99987,100,99997,100,99986,100,100004,100,99978,100,100007,200,99966,100,100009,100,99964,100,100025,100,99961,100,100028,100,99959,100,100048,100,99951,100,100063,100,99948,100,100078,100,99944,100
2019-06-28 09:30:00.000000084,99994,100,99987,100,99997,100,99986,100,100004,100,99978,100,100007,200,99966,100,100009,100,99964,100,100025,100,99961,100,100028,100,99959,100,100036,100,99951,100,100048,100,99948,100,100063,100,99944,100
2019-06-28 09:30:00.000000087,99994,100,99987,100,99997,100,99986,100,100004,100,99978,100,100007,200,99966,100,100009,100,99964,100,100025,100,99961,100,100028,100,99959,100,100036,100,99951,100,100048,100,99948,100,100063,100,99944,100
2019-06-28 09:30:00.000000088,99994,200,99987,100,99997,100,99986,100,100004,100,99978,100,100007,200,99966,100,100009,100,99964,100,100025,100,99961,100,100028,100,99959,100,100036,100,99951,100,100048,100,99948,100,100063,100,99944,100
2019-06-28 09:30:00.000000097,99994,200,99987,100,99997,100,99986,100,100004,100,99978,100,100007,200,99966,100,100009,100,99964,100,100025,100,99961,100,100028,100,99959,100,100036,100,99951,100,100048,100,99948,100,100063,100,99944,100
2019-06-28 09:30:10.000000000,99994,602,99987,502,99997,100,99986,100,100004,100,99978,100,100007,200,99966,100,100009,100,99964,100,100025,100,99961,100,100028,100,99959,100,100036,100,99951,100,100048,100,99948,100,100063,100,99944,100
2019-06-28 09:30:16.623206937,99994,602,99990,100,99997,100,99987,502,100004,100,99986,100,100007,200,99978,100,100009,100,99966,100,100025,100,99964,100,100028,100,99961,100,100036,100,99959,100,100048,100,99951,100,100063,100,99948,100
2019-06-28 09:30:20.000000000,99994,401,99990,301,99997,301,99987,301,100004,100,99986,100,100007,200,99978,100,100009,100,99966,100,100025,100,99964,100,100028,100,99961,100,100036,100,99959,100,100048,100,99951,100,100063,100,99948,100
2019-06-28 09:30:27.607524674,99994,401,99990,401,99997,301,99987,301,100004,100,99986,100,100007,200,99978,100,100009,100,99966,100,100025,100,99964,100,100028,100,99961,100,100036,100,99959,100,100048,100,99951,100,100063,100,99948,100
2019-06-28 09:30:30.000000000,99994,602,99990,602,99997,100,99987,100,100004,100,99986,100,100007,200,99978,100,100009,100,99966,100,100025,100,99964,100,100028,100,99961,100,100036,100,99959,100,100048,100,99951,100,100063,100,99948,100
2019-06-28 09:30:32.834475027,99994,502,99990,602,99997,100,99987,100,100004,100,99986,100,100007,200,99978,100,100009,100,99966,100,100025,100,99964,100,100028,100,99961,100,100036,100,99959,100,100048,100,99951,100,100063,100,99948,100
2019-06-28 09:30:40.000000000,99994,200,99990,300,99997,200,99987,200,100004,200,99986,200,100007,300,99978,200,100009,100,99966,100,100025,100,99964,100,100028,100,99961,100,100036,100,99959,100,100048,100,99951,100,100063,100,99948,100
2019-06-28 09:30:50.000000000,99994,502,99990,602,99997,100,99987,100,100004,100,99986,100,100007,200,99978,100,100009,100,99966,100,100025,100,99964,100,100028,100,99961,100,100036,100,99959,100,100048,100,99951,100,100063,100,99948,100
2019-06-28 09:31:00.000000000,99994,301,99990,401,99997,301,99987,301,100004,100,99986,100,100007,200,99978,100,100009,100,99966,100,100025,100,99964,100,100028,100,99961,100,100036,100,99959,100,100048,100,99951,100,100063,100,99948,100
2019-06-28 09:31:10.000000000,99994,200,99990,300,99997,200,99987,200,100004,200,99986,200,100007,300,99978,200,100009,100,99966,100,100025,100,99964,100,100028,100,99961,100,100036,100,99959,100,100048,100,99951,100,100063,100,99948,100
2019-06-28 09:31:10.037120528,99994,200,99990,300,99997,200,99987,200,100004,200,99986,200,100007,300,99978,200,100009,100,99966,100,100025,100,99964,100,100028,100,99961,100,100036,100,99959,100,100048,100,99951,100,100063,100,99948,100
2019-06-28 09:31:20.000000000,99994,502,99990,602,99997,100,99987,100,100004,100,99986,100,100007,200,99978,100,100009,100,99966,100,100025,100,99964,100,100028,100,99961,100,100036,100,99959,100,100048,100,99951,100,100063,100,99948,100
2019-06-28 09:31:21.932408610,99994,502,99990,602,99997,100,99987,100,100004,100,99986,100,100007,200,99978,100,100009,100,99966,100,100013,100,99964,100,100025,100,99961,100,100028,100,99959,100,100036,100,99951,100,100048,100,99948,100
2019-06-28 09:31:30.000000000,99994,200,99990,300,99997,200,99987,200,100004,200,99986,200,100007,300,99978,200,100009,100,99966,100,100013,100,99964,100,100025,100,99961,100,100028,100,99959,100,100036,100,99951,100,100048,100,99948,100
2019-06-28 09:31:40.000000000,99994,180,99990,280,99997,180,99987,180,100004,180,99986,180,100007,280,99978,180,100009,180,99966,180,100013,100,99964,100,100025,100,99961,100,100028,100,99959,100,100036,100,99951,100,100048,100,99948,100
2019-06-28 09:31:47.996285924,99994,180,99990,280,99997,180,99987,180,100004,180,99986,180,100007,280,99978,180,100009,180,99966,180,100013,100,99964,100,100025,100,99961,100,100028,100,99959,100,100036,100,99951,100,100048,100,99948,100
2019-06-28 09:31:50.000000000,99994,200,99990,300,99997,200,99987,200,100004,200,99986,200,100007,300,99978,200,100009,100,99966,100,100013,100,99964,100,100025,100,99961,100,100028,100,99959,100,100036,100,99951,100,100048,100,99948,100
2019-06-28 09:31:57.601124466,99994,200,99990,200,99997,200,99987,200,100004,200,99986,200,100007,300,99978,200,100009,100,99966,100,100013,100,99964,100,100025,100,99961,100,100028,100,99959,100,100036,100,99951,100,100048,100,99948,100
2019-06-28 09:32:00.000000000,99994,180,99990,180,99997,180,99987,180,100004,180,99986,180,100007,280,99978,180,100009,180,99966,180,100013,100,99964,100,100025,100,99961,100,100028,100,99959,100,100036,100,99951,100,100048,100,99948,100
2019-06-28 09:32:07.307312169,99994,180,99990,180,99997,180,99987,180,100004,180,99986,180,100007,280,99978,180,100009,180,99966,180,100013,100,99964,100,100025,100,99961,100,100028,100,99959,100,100036,100,99951,100,100048,100,99948,100
2019-06-28 09:32:10.000000000,99994,301,99990,301,99997,301,99987,301,100004,100,99986,100,100007,200,99978,100,100009,100,99966,100,100013,100,99964,100,100025,100,99961,100,100028,100,99959,100,100036,100,99951,100,100048,100,99948,100
2019-06-28 09:32:20.000000000,99994,180,99990,180,99997,180,99987,180,100004,180,99986,180,100007,280,99978,180,100009,180,99966,180,100013,100,99964,100,100025,100,99961,100,100028,100,99959,100,100036,100,99951,100,100048,100,99948,100
2019-06-28 09:32:30.000000000,99994,301,99990,301,99997,301,99987,301,100004,100,99986,100,100007,200,99978,100,100009,100,99966,100,100013,100,99964,100,100025,100,99961,100,100028,100,99959,100,100036,100,99951,100,100048,100,99948,100
2019-06-28 09:32:40.000000000,99994,180,99990,180,99997,180,99987,180,100004,180,99986,180,100007,280,99978,180,100009,180,99966,180,100013,100,99964,100,100025,100,99961,100,100028,100,99959,100,100036,100,99951,100,100048,100,99948,100
2019-06-28 09:32:50.000000000,99994,237,99990,237,99997,233,99987,233,100004,233,99986,233,100007,200,99978,100,100009,100,99966,100,100013,100,99964,100,100025,100,99961,100,100028,100,99959,100,100036,100,99951,100,100048,100,99948,100
2019-06-28 09:33:00.000000000,99994,301,99990,301,99997,301,99987,301,100004,100,99986,100,100007,200,99978,100,100009,100,99966,100,100013,100,99964,100,100025,100,99961,100,100028,100,99959,100,100036,100,99951,100,100048,100,99948,100
2019-06-28 09:33:07.220534091,99994,301,99990,201,99997,301,99987,301,100004,100,99986,100,100007,200,99978,100,100009,100,99966,100,100013,100,99964,100,100025,100,99961,100,100028,100,99959,100,100036,100,99951,100,100048,100,99948,100
2019-06-28 09:33:10.000000000,99994,180,99987,180,99997,180,99986,180,100004,180,99978,180,100007,280,99966,180,100009,180,99964,180,100013,100,99961,100,100025,100,99959,100,100028,100,99951,100,100036,100,99948,100,100048,100,99944,100
2019-06-28 09:33:14.113271386,99990,100,99987,180,99994,180,99986,180,99997,180,99978,180,100004,180,99966,180,100007,280,99964,180,100009,180,99961,100,100013,100,99959,100,100025,100,99951,100,100028,100,99948,100,100036,100,99944,100
2019-06-28 09:33:20.000000000,99990,301,99987,301,99994,301,99986,301,99997,100,99978,100,100004,100,99966,100,100007,200,99964,100,100009,100,99961,100,100013,100,99959,100,100025,100,99951,100,100028,100,99948,100,100036,100,99944,100
2019-06-28 09:33:21.759895833,99990,301,99987,201,99994,301,99986,301,99997,100,99978,100,100004,100,99966,100,100007,200,99964,100,100009,100,99961,100,100013,100,99959,100,100025,100,99951,100,100028,100,99948,100,100036,100,99944,100
2019-06-28 09:33:26.888703727,99990,301,99987,201,99994,401,99986,301,99997,100,99978,100,100004,100,99966,100,100007,200,99964,100,100009,100,99961,100,100013,100,99959,100,100025,100,99951,100,100028,100,99948,100,100036,100,99944,100
2019-06-28 09:33:29.378313210,99990,301,99987,201,99994,401,99986,301,99997,100,99978,100,100004,100,99966,100,100007,200,99964,100,100009,100,99961,100,100013,100,99959,100,100025,100,99951,100,100028,100,99948,100,100036,100,99944,100
2019-06-28 09:33:30.000000000,99990,200,99986,200,99994,300,99978,200,99997,200,99966,200,100004,200,99964,200,100007,200,99961,100,100009,100,99959,100,100013,100,99951,100,100025,100,99948,100,100028,100,99944,100,100036,100,99934,100
2019-06-28 09:33:40.000000000,99990,301,99986,301,99994,401,99978,301,99997,100,99966,100,100004,100,99964,100,100007,200,99961,100,100009,100,99959,100,100013,100,99951,100,100025,100,99948,100,100028,100,99944,100,100036,100,99934,100
2019-06-28 09:33:50.000000000,99990,237,99986,237,99994,333,99978,233,99997,233,99966,233,100004,100,99964,100,100007,200,99961,100,100009,100,99959,100,100013,100,99951,100,100025,100,99948,100,100028,100,99944,100,100036,100,99934,100
2019-06-28 09:33:53.958058150,99990,237,99986,237,99994,333,99978,233,99997,233,99966,233,100007,200,99964,100,100009,100,99961,100,100013,100,99959,100,100025,100,99951,100,100028,100,99948,100,100036,100,99944,100,100048,100,99934,100
2019-06-28 09:33:56.264961597,99990,137,99986,237,99994,333,99978,233,99997,233,99966,233,100007,200,99964,100,100009,100,99961,100,100013,100,99959,100,100025,100,99951,100,100028,100,99948,100,100036,100,99944,100,100048,100,99934,100
2019-06-28 09:34:00.000000000,99994,300,99986,200,99997,200,99978,200,100007,300,99966,200,100009,200,99964,200,100013,100,99961,100,100025,100,99959,100,100028,100,99951,100,100036,100,99948,100,100048,100,99944,100,100063,100,99934,100
2019-06-28 09:34:04.259405943,99994,300,99988,100,99997,200,99986,200,100007,300,99978,200,100009,200,99966,200,100013,100,99964,200,100025,100,99961,100,100028,100,99959,100,100036,100,99951,100,100048,100,99948,100,100063,100,99944,100
2019-06-28 09:34:10.000000000,99994,401,99988,301,99997,301,99986,301,100007,200,99978,100,100009,100,99966,100,100013,100,99964,100,100025,100,99961,100,100028,100,99959,100,100036,100,99951,100,100048,100,99948,100,100063,100,99944,100
2019-06-28 09:34:20.000000000,99994,337,99988,237,99997,233,99986,233,100007,333,99978,233,100009,100,99966,100,100013,100,99964,100,100025,100,99961,100,100028,100,99959,100,100036,100,99951,100,100048,100,99948,100,100063,100,99944,100
2019-06-28 09:34:21.328639062,99994,337,99988,237,99997,233,99986,233,100007,333,99978,233,100009,100,99966,100,100013,100,99964,100,100025,100,99961,100,100028,100,99959,100,100036,100,99951,100,100048,100,99948,100,100063,100,99944,100
2019-06-28 09:34:30.000000000,99994,280,99988,180,99997,180,99986,180,100007,280,99978,180,100009,180,99966,180,100013,180,99964,180,100025,100,99961,100,100028,100,99959,100,100036,100,99951,100,100048,100,99948,100,100063,100,99944,100
2019-06-28 09:34:31.950094367,99989,100,99988,180,99994,280,99986,180,99997,180,99978,180,100007,280,99966,180,100009,180,99964,180,100013,180,99961,100,100025,100,99959,100,100028,100,99951,100,100036,100,99948,100,100048,100,99944,100
2019-06-28 09:34:37.732889768,99989,100,99988,180,99994,280,99986,180,99997,180,99978,180,100007,280,99966,180,100009,180,99964,180,100013,180,99961,100,100025,100,99959,100,100028,100,99951,100,100036,100,99948,100,100048,100,99944,100
2019-06-28 09:34:40.000000000,99989,180,99988,180,99994,280,99986,180,99997,180,99978,180,100007,280,99966,180,100009,180,99964,180,100013,100,99961,100,100025,100,99959,100,100028,100,99951,100,100036,100,99948,100,100048,100,99944,100
2019-06-28 09:34:50.000000000,99989,301,99988,301,99994,401,99986,301,99997,100,99978,100,100007,200,99966,100,100009,100,99964,100,100013,100,99961,100,100025,100,99959,100,100028,100,99951,100,100036,100,99948,100,100048,100,99944,100
2019-06-28 09:35:00.000000000,99989,502,99988,502,99994,200,99986,100,99997,100,99978,100,100007,200,99966,100,100009,100,99964,100,100013,100,99961,100,100025,100,99959,100,100028,100,99951,100,100036,100,99948,100,100048,100,99944,100
2019-06-28 09:35:08.261882963,99989,502,99988,402,99994,200,99986,100,99997,100,99978,100,100007,200,99966,100,100009,100,99964,100,100013,100,99961,100,100025,100,99959,100,100028,100,99951,100,100036,100,99948,100,100048,100,99944,100
2019-06-28 09:35:10.000000000,99989,502,99986,502,99994,200,99978,100,99997,100,99966,100,100007,200,99964,100,100009,100,99961,100,100013,100,99959,100,100025,100,99951,100,100028,100,99948,100,100036,100,99944,100,100048,100,99934,100
2019-06-28 09:35:20.000000000,99989,301,99986,301,99994,401,99978,301,99997,100,99966,100,100007,200,99964,100,100009,100,99961,100,100013,100,99959,100,100025,100,99951,100,100028,100,99948,100,100036,100,99944,100,100048,100,99934,100
2019-06-28 09:35:30.000000000,99989,301,99986,301,99994,401,99978,301,99997,100,99966,100,100007,200,99964,100,100009,100,99961,100,100013,100,99959,100,100025,100,99951,100,100028,100,99948,100,100036,100,99944,100,100048,100,99934,100
2019-06-28 09:35:30.485360823,99989,201,99986,301,99994,401,99978,301,99997,100,99966,100,100007,200,99964,100,100009,100,99961,100,100013,100,99959,100,100025,100,99951,100,100028,100,99948,100,100036,100,99944,100,100048,100,99934,100
2019-06-28 09:35:38.683446652,99989,201,99986,301,99994,401,99978,301,99997,100,99966,100,100007,200,99964,100,100009,100,99961,100,100013,100,99959,100,100025,100,99951,100,100028,100,99948,100,100036,100,99944,100,100048,100,99934,100
2019-06-28 09:35:39.987705177,99989,101,99986,301,99994,401,99978,301,99997,100,99966,100,100007,100,99964,100,100009,100,99961,100,100013,100,99959,100,100025,100,99951,100,100028,100,99948,100,100036,100,99944,100,100048,100,99934,100
2019-06-28 09:35:40.000000000,99994,337,99986,237,99997,233,99978,233,100007,233,99966,233,100009,100,99964,100,100013,100,99961,100,100025,100,99959,100,100028,100,99951,100,100036,100,99948,100,100048,100,99944,100,100063,100,99934,100
2019-06-28 09:35:50.000000000,99994,337,99986,237,99997,233,99978,233,100007,233,99966,233,100009,100,99964,100,100013,100,99961,100,100025,100,99959,100,100028,100,99951,100,100036,100,99948,100,100048,100,99944,100,100063,100,99934,100
2019-06-28 09:36:00.000000000,99994,280,99986,180,99997,180,99978,180,100007,180,99966,180,100009,180,99964,180,100013,180,99961,180,100025,100,99959,100,100028,100,99951,100,100036,100,99948,100,100048,100,99944,100,100063,100,99934,100
2019-06-28 09:36:02.642650190,99994,280,99986,80,99997,180,99978,180,100007,180,99966,180,100009,180,99964,180,100013,180,99961,180,100025,100,99959,100,100028,100,99951,100,100036,100,99948,100,100048,100,99944,100,100063,100,99934,100
2019-06-28 09:36:08.734856297,99994,280,99986,80,99997,180,99978,180,100007,180,99966,180,100009,180,99964,180,100013,180,99961,180,100025,100,99959,100,100028,100,99951,100,100036,100,99948,100,100048,100,99944,100,100063,100,99934,100
2019-06-28 09:36:10.000000000,99994,337,99978,237,99997,233,99966,233,100007,233,99964,233,100009,100,99961,100,100013,100,99959,100,100025,100,99951,100,100028,100,99948,100,100036,100,99944,100,100048,100,99934,100,100063,100,99916,100
2019-06-28 09:36:15.106199848,99988,100,99978,237,99994,337,99966,233,99997,233,99964,233,100007,233,99961,100,100009,100,99959,100,100013,100,99951,100,100025,100,99948,100,100028,100,99944,100,100036,100,99934,100,100048,100,99916,100
2019-06-28 09:36:20.000000000,99988,502,99978,502,99994,200,99966,100,99997,100,99964,100,100007,100,99961,100,100009,100,99959,100,100013,100,99951,100,100025,100,99948,100,100028,100,99944,100,100036,100,99934,100,100048,100,99916,100
2019-06-28 09:36:23.971910790,99988,502,99978,502,99994,200,99966,100,99997,100,99964,100,100009,100,99961,100,100013,100,99959,100,100025,100,99951,100,100028,100,99948,100,100036,100,99944,100,100048,100,99934,100,100063,100,99916,100
2019-06-28 09:36:27.035127150,99988,502,99978,402,99994,200,99966,100,99997,100,99964,100,100009,100,99961,100,100013,100,99959,100,100025,100,99951,100,100028,100,99948,100,100036,100,99944,100,100048,100,99934,100,100063,100,99916,100
2019-06-28 09:36:27.447691208,99987,100,99978,402,99988,502,99966,100,99994,200,99964,100,99997,100,99961,100,100009,100,99959,100,100013,100,99951,100,100025,100,99948,100,100028,100,99944,100,100036,100,99934,100,100048,100,99916,100
2019-06-28 09:36:30.000000000,99987,301,99966,301,99988,301,99964,301,99994,200,99961,100,99997,100,99959,100,100009,100,99951,100,100013,100,99948,100,100025,100,99944,100,100028,100,99934,100,100036,100,99916,100,100048,100,99912,100
2019-06-28 09:36:40.000000000,99987,237,99966,237,99988,233,99964,233,99994,333,99961,233,99997,100,99959,100,100009,100,99951,100,100013,100,99948,100,100025,100,99944,100,100028,100,99934,100,100036,100,99916,100,100048,100,99912,100
2019-06-28 09:36:50.000000000,99987,237,99966,237,99988,233,99964,233,99994,333,99961,233,99997,100,99959,100,100009,100,99951,100,100013,100,99948,100,100025,100,99944,100,100028,100,99934,100,100036,100,99916,100,100048,100,99912,100
2019-06-28 09:36:51.719182628,99987,237,99966,137,99988,233,99964,233,99994,333,99961,233,99997,100,99959,100,100009,100,99951,100,100013,100,99948,100,100025,100,99944,100,100028,100,99934,100,100036,100,99916,100,100048,100,99912,100
2019-06-28 09:37:00.000000000,99987,200,99964,200,99988,200,99961,200,99994,300,99959,200,99997,200,99951,200,100009,100,99948,100,100013,100,99944,100,100025,100,99934,100,100028,100,99916,100,100036,100,99912,100,100048,100,99906,100
2019-06-28 09:37:07.308458635,99987,200,99964,100,99988,200,99961,200,99994,300,99959,200,99997,200,99951,200,100009,100,99948,100,100013,100,99944,100,100025,100,99934,100,100028,100,99916,100,100036,100,99912,100,100048,100,99906,100
2019-06-28 09:37:10.000000000,99987,502,99961,502,99988,100,99959,100,99994,200,99951,100,99997,100,99948,100,100009,100,99944,100,100013,100,99934,100,100025,100,99916,100,100028,100,99912,100,100036,100,99906,100,100048,100,99902,100
2019-06-28 09:37:20.000000000,99987,502,99961,502,99988,100,99959,100,99994,200,99951,100,99997,100,99948,100,100009,100,99944,100,100013,100,99934,100,100025,100,99916,100,100028,100,99912,100,100036,100,99906,100,100048,100,99902,100
2019-06-28 09:37:21.347961484,99987,502,99961,402,99988,100,99959,100,99994,200,99951,100,99997,100,99948,100,100009,100,99944,100,100013,100,99934,100,100025,100,99916,100,100028,100,99912,100,100036,100,99906,100,100048,100,99902,100
2019-06-28 09:37:23.350142787,99964,100,99961,402,99987,502,99959,100,99988,100,99951,100,99994,200,99948,100,99997,100,99944,100,100009,100,99934,100,100013,100,99916,100,100025,100,99912,100,100028,100,99906,100,100036,100,99902,100
2019-06-28 09:37:30.000000000,99964,502,99959,502,99987,100,99951,100,99988,100,99948,100,99994,200,99944,100,99997,100,99934,100,100009,100,99916,100,100013,100,99912,100,100025,100,99906,100,100028,100,99902,100,100036,100,99880,100
2019-06-28 09:37:36.869680713,99964,502,99959,502,99987,100,99951,100,99988,100,99948,100,99994,200,99944,100,99997,100,99934,100,100009,100,99916,100,100013,100,99912,100,100025,100,99906,100,100028,100,99902,100,100036,100,99880,100
2019-06-28 09:37:40.000000000,99964,301,99959,301,99987,301,99951,301,99988,100,99948,100,99994,200,99944,100,99997,100,99934,100,100009,100,99916,100,100013,100,99912,100,100025,100,99906,100,100028,100,99902,100,100036,100,99880,100
2019-06-28 09:37:50.000000000,99964,180,99959,180,99987,180,99951,180,99988,180,99948,180,99994,280,99944,180,99997,180,99934,180,100009,100,99916,100,100013,100,99912,100,100025,100,99906,100,100028,100,99902,100,100036,100,99880,100
2019-06-28 09:38:00.000000000,99964,237,99959,237,99987,233,99951,233,99988,233,99948,233,99994,200,99944,100,99997,100,99934,100,100009,100,99916,100,100013,100,99912,100,100025,100,99906,100,100028,100,99902,100,100036,100,99880,100
2019-06-28 09:38:00.141696282,99964,237,99959,137,99987,233,99951,233,99988,233,99948,233,99994,200,99944,100,99997,100,99934,100,100009,100,99916,100,100013,100,99912,100,100025,100,99906,100,100028,100,99902,100,100036,100,99880,100
2019-06-28 09:38:03.243783282,99964,237,99959,137,99987,233,99951,233,99988,233,99948,233,99994,200,99944,100,99997,100,99934,100,100009,100,99916,100,100013,100,99912,100,100025,100,99906,100,100028,100,99902,100,100036,100,99880,100
2019-06-28 09:38:07.923218575,99964,237,99959,37,99987,233,99951,233,99988,233,99948,233,99994,200,99944,100,99997,100,99934,100,100009,100,99916,100,100013,100,99912,100,100025,100,99906,100,100028,100,99902,100,100036,100,99880,100
2019-06-28 09:38:08.335039351,99959,63,99951,233,99964,237,99948,233,99987,233,99944,100,99988,233,99934,100,99994,200,99916,100,99997,100,99912,100,100009,100,99906,100,100025,100,99902,100,100028,100,99880,100,100036,100,99869,100
2019-06-28 09:38:10.000000000,99959,143,99951,180,99964,180,99948,180,99987,180,99944,180,99988,180,99934,180,99994,280,99916,180,99997,100,99912,100,100009,100,99906,100,100025,100,99902,100,100028,100,99880,100,100036,100,99869,100
2019-06-28 09:38:20.000000000,99959,143,99951,180,99964,180,99948,180,99987,180,99944,180,99988,180,99934,180,99994,280,99916,180,99997,100,99912,100,100009,100,99906,100,100025,100,99902,100,100028,100,99880,100,100036,100,99869,100
2019-06-28 09:38:23.137762531,99959,143,99951,180,99964,180,99948,180,99987,180,99944,180,99988,180,99934,180,99994,280,99916,180,99997,100,99912,100,100009,100,99906,100,100025,100,99902,100,100028,100,99880,100,100036,100,99869,100
2019-06-28 09:38:30.000000000,99959,200,99951,237,99964,233,99948,233,99987,233,99944,233,99988,100,99934,100,99994,200,99916,100,99997,100,99912,100,100009,100,99906,100,100025,100,99902,100,100028,100,99880,100,100036,100,99869,100
2019-06-28 09:38:37.387718291,99959,300,99951,237,99964,233,99948,233,99987,233,99944,233,99994,200,99934,100,99997,100,99916,100,100009,100,99912,100,100025,100,99906,100,100028,100,99902,100,100036,100,99880,100,100048,100,99869,100
2019-06-28 09:38:40.000000000,99959,300,99951,237,99964,233,99948,233,99987,233,99944,233,99994,200,99934,100,99997,100,99916,100,100009,100,99912,100,100025,100,99906,100,100028,100,99902,100,100036,100,99880,100,100048,100,99869,100
2019-06-28 09:38:50.000000000,99959,364,99951,301,99964,301,99948,301,99987,100,99944,100,99994,200,99934,100,99997,100,99916,100,100009,100,99912,100,100025,100,99906,100,100028,100,99902,100,100036,100,99880,100,100048,100,99869,100
2019-06-28 09:38:59.050228909,99959,364,99951,301,99964,301,99948,301,99987,100,99944,100,99994,200,99934,100,99997,100,99916,100,100009,100,99912,100,100025,100,99906,100,100028,100,99880,100,100036,100,99869,100,100048,100,99812,100
2019-06-28 09:39:00.000000000,99959,565,99951,502,99964,100,99948,100,99987,100,99944,100,99994,200,99934,100,99997,100,99916,100,100009,100,99912,100,100025,100,99906,100,100028,100,99880,100,100036,100,99869,100,100048,100,99812,100
2019-06-28 09:39:00.249857809,99959,565,99951,502,99964,100,99948,100,99987,100,99944,100,99994,200,99934,100,99997,100,99916,100,100009,100,99912,100,100025,100,99906,100,100028,100,99880,100,100036,100,99869,100,100048,100,99812,100
2019-06-28 09:39:05.477818678,99959,565,99951,402,99964,100,99944,100,99987,100,99934,100,99994,200,99916,100,99997,100,99912,100,100009,100,99906,100,100025,100,99880,100,100028,100,99869,100,100036,100,99812,100,100048,100,99771,100
2019-06-28 09:39:07.916150929,99959,565,99951,302,99964,100,99944,100,99987,100,99934,100,99994,200,99916,100,99997,100,99912,100,100009,100,99906,100,100025,100,99880,100,100028,100,99869,100,100036,100,99812,100,100048,100,99771,100
2019-06-28 09:39:10.000000000,99959,263,99944,200,99964,200,99934,200,99987,200,99916,200,99994,300,99912,200,99997,100,99906,100,100009,100,99880,100,100025,100,99869,100,100028,100,99812,100,100036,100,99771,100,100048,100,99758,100
2019-06-28 09:39:17.746242246,99959,263,99944,200,99964,200,99934,200,99987,200,99916,200,99994,300,99912,200,99997,100,99906,100,100009,100,99880,100,100025,100,99869,100,100028,100,99812,100,100036,100,99771,100,100048,100,99758,100
2019-06-28 09:39:20.000000000,99959,243,99944,180,99964,180,99934,180,99987,180,99916,180,99994,280,99912,180,99997,180,99906,180,100009,100,99880,100,100025,100,99869,100,100028,100,99812,100,100036,100,99771,100,100048,100,99758,100
2019-06-28 09:39:30.000000000,99959,300,99944,237,99964,233,99934,233,99987,233,99916,233,99994,200,99912,100,99997,100,99906,100,100009,100,99880,100,100025,100,99869,100,100028,100,99812,100,100036,100,99771,100,100048,100,99758,100
2019-06-28 09:39:40.000000000,99959,364,99944,301,99964,301,99934,301,99987,100,99916,100,99994,200,99912,100,99997,100,99906,100,100009,100,99880,100,100025,100,99869,100,100028,100,99812,100,100036,100,99771,100,100048,100,99758,100
2019-06-28 09:39:50.000000000,99959,243,99944,180,99964,180,99934,180,99987,180,99916,180,99994,280,99912,180,99997,180,99906,180,100009,100,99880,100,100025,100,99869,100,100028,100,99812,100,100036,100,99771,100,100048,100,99758,100
2019-06-28 09:39:56.899635643,99951,100,99944,180,99959,243,99934,180,99964,180,99916,180,99987,180,99912,180,99994,280,99906,180,99997,180,99880,100,100009,100,99869,100,100025,100,99812,100,100028,100,99771,100,100036,100,99758,100
2019-06-28 09:40:00.000000000,99951,502,99944,502,99959,163,99934,100,99964,100,99916,100,99987,100,99912,100,99994,200,99906,100,99997,100,99880,100,100009,100,99869,100,100025,100,99812,100,100028,100,99771,100,100036,100,99758,100
2019-06-28 09:40:10.000000000,99951,180,99944,180,99959,243,99934,180,99964,180,99916,180,99987,180,99912,180,99994,280,99906,180,99997,100,99880,100,100009,100,99869,100,100025,100,99812,100,100028,100,99771,100,100036,100,99758,100
2019-06-28 09:40:20.000000000,99951,237,99944,237,99959,296,99934,233,99964,233,99916,233,99987,100,99912,100,99994,200,99906,100,99997,100,99880,100,100009,100,99869,100,100025,100,99812,100,100028,100,99771,100,100036,100,99758,100
2019-06-28 09:40:30.000000000,99951,180,99944,180,99959,243,99934,180,99964,180,99916,180,99987,180,99912,180,99994,280,99906,180,99997,100,99880,100,100009,100,99869,100,100025,100,99812,100,100028,100,99771,100,100036,100,99758,100
2019-06-28 09:40:40.000000000,99951,180,99944,180,99959,243,99934,180,99964,180,99916,180,99987,180,99912,180,99994,280,99906,180,99997,100,99880,100,100009,100,99869,100,100025,100,99812,100,100028,100,99771,100,100036,100,99758,100
2019-06-28 09:40:50.000000000,99951,301,99944,301,99959,364,99934,301,99964,100,99916,100,99987,100,99912,100,99994,200,99906,100,99997,100,99880,100,100009,100,99869,100,100025,100,99812,100,100028,100,99771,100,100036,100,99758,100
2019-06-28 09:41:00.000000000,99951,502,99944,502,99959,163,99934,100,99964,100,99916,100,99987,100,99912,100,99994,200,99906,100,99997,100,99880,100,100009,100,99869,100,100025,100,99812,100,100028,100,99771,100,100036,100,99758,100
2019-06-28 09:41:06.903575949,99951,502,99944,502,99959,163,99934,100,99964,100,99916,100,99987,100,99912,100,99994,200,99906,100,99997,100,99880,100,100009,100,99869,100,100025,100,99812,100,100028,100,99771,100,100036,100,99758,100
2019-06-28 09:41:08.273761139,99951,602,99944,502,99959,163,99934,100,99964,100,99916,100,99987,100,99912,100,99994,200,99906,100,99997,100,99880,100,100009,100,99869,100,100025,100,99812,100,100028,100,99771,100,100036,100,99758,100
2019-06-28 09:41:10.000000000,99951,337,99944,237,99959,296,99934,233,99964,233,99916,233,99987,100,99912,100,99994,200,99906,100,99997,100,99880,100,100009,100,99869,100,100025,100,99812,100,100028,100,99771,100,100036,100,99758,100
2019-06-28 09:41:20.000000000,99951,401,99944,301,99959,364,99934,301,99964,100,99916,100,99987,100,99912,100,99994,200,99906,100,99997,100,99880,100,100009,100,99869,100,100025,100,99812,100,100028,100,99771,100,100036,100,99758,100
2019-06-28 09:41:30.000000000,99951,602,99944,502,99959,163,99934,100,99964,100,99916,100,99987,100,99912,100,99994,200,99906,100,99997,100,99880,100,100009,100,99869,100,100025,100,99812,100,100028,100,99771,100,100036,100,99758,100
2019-06-28 09:41:32.493299028,99951,602,99944,502,99959,163,99934,100,99964,100,99916,100,99994,200,99912,100,99997,100,99906,100,100009,100,99880,100,100025,100,99869,100,100028,100,99812,100,100036,100,99771,100,100048,100,99758,100
2019-06-28 09:41:40.000000000,99951,337,99944,237,99959,296,99934,233,99964,233,99916,233,99994,200,99912,100,99997,100,99906,100,100009,100,99880,100,100025,100,99869,100,100028,100,99812,100,100036,100,99771,100,100048,100,99758,100
2019-06-28 09:41:45.890734663,99951,337,99944,137,99959,296,99934,233,99964,233,99916,233,99994,200,99912,100,99997,100,99906,100,100009,100,99880,100,100025,100,99869,100,100028,100,99812,100,100036,100,99771,100,100048,100,99758,100
2019-06-28 09:41:47.273316526,99951,337,99944,37,99959,296,99934,233,99964,233,99916,233,99994,200,99912,100,99997,100,99906,100,100009,100,99880,100,100025,100,99869,100,100028,100,99812,100,100036,100,99771,100,100048,100,99758,100
2019-06-28 09:41:50.000000000,99951,602,99934,502,99959,163,99916,100,99964,100,99912,100,99994,200,99906,100,99997,100,99880,100,100009,100,99869,100,100025,100,99812,100,100028,100,99771,100,100036,100,99758,100,100048,100,99731,100
2019-06-28 09:42:00.000000000,99951,300,99934,200,99959,263,99916,200,99964,200,99912,200,99994,300,99906,200,99997,100,99880,100,100009,100,99869,100,100025,100,99812,100,100028,100,99771,100,100036,100,99758,100,100048,100,99731,100
2019-06-28 09:42:10.000000000,99951,280,99934,180,99959,243,99916,180,99964,180,99912,180,99994,280,99906,180,99997,180,99880,180,100009,100,99869,100,100025,100,99812,100,100028,100,99771,100,100036,100,99758,100,100048,100,99731,100
2019-06-28 09:42:20.000000000,99951,337,99934,237,99959,296,99916,233,99964,233,99912,233,99994,200,99906,100,99997,100,99880,100,100009,100,99869,100,100025,100,99812,100,100028,100,99771,100,100036,100,99758,100,100048,100,99731,100
2019-06-28 09:42:30.000000000,99951,337,99934,237,99959,296,99916,233,99964,233,99912,233,99994,200,99906,100,99997,100,99880,100,100009,100,99869,100,100025,100,99812,100,100028,100,99771,100,100036,100,99758,100,100048,100,99731,100
2019-06-28 09:42:35.657423693,99951,337,99934,237,99959,296,99916,233,99964,233,99912,233,99994,200,99906,100,99997,100,99880,100,100009,100,99869,100,100025,100,99812,100,100028,100,99771,100,100036,100,99758,100,100048,100,99731,100
2019-06-28 09:42:37.087483996,99951,337,99934,237,99959,296,99916,233,99964,233,99912,233,99994,200,99906,100,99997,100,99869,100,100009,100,99812,100,100025,100,99771,100,100028,100,99758,100,100036,100,99731,100,100048,100,99510,100
2019-06-28 09:42:39.197357099,99951,337,99934,137,99959,296,99916,233,99964,233,99912,233,99994,200,99906,100,99997,100,99869,100,100009,100,99812,100,100025,100,99771,100,100028,100,99758,100,100036,100,99731,100,100048,100,99510,100
2019-06-28 09:42:40.000000000,99951,401,99916,301,99959,364,99912,301,99964,100,99906,100,99994,200,99869,100,99997,100,99812,100,100009,100,99771,100,100025,100,99758,100,100028,100,99731,100,100036,100,99510,100,100048,100,99412,100
2019-06-28 09:42:50.000000000,99951,602,99916,502,99959,163,99912,100,99964,100,99906,100,99994,200,99869,100,99997,100,99812,100,100009,100,99771,100,100025,100,99758,100,100028,100,99731,100,100036,100,99510,100,100048,100,99412,100
2019-06-28 09:42:50.681003795,99951,602,99916,502,99959,163,99912,100,99964,100,99906,100,99994,100,99869,100,99997,100,99812,100,100009,100,99771,100,100025,100,99758,100,100028,100,99731,100,100036,100,99510,100,100048,100,99412,100
2019-06-28 09:43:00.000000000,99951,337,99916,237,99959,296,99912,233,99964,233,99906,233,99994,100,99869,100,99997,100,99812,100,100009,100,99771,100,100025,100,99758,100,100028,100,99731,100,100036,100,99510,100,100048,100,99412,100
2019-06-28 09:43:07.689852754,99951,337,99916,237,99959,296,99912,233,99964,233,99906,233,99994,100,99869,100,100009,100,99812,100,100025,100,99771,100,100028,100,99758,100,100036,100,99731,100,100048,100,99510,100,100063,100,99412,100
2019-06-28 09:43:10.000000000,99951,280,99916,180,99959,243,99912,180,99964,180,99906,180,99994,180,99869,180,100009,180,99812,180,100025,100,99771,100,100028,100,99758,100,100036,100,99731,100,100048,100,99510,100,100063,100,99412,100
2019-06-28 09:43:12.105431887,99951,280,99916,180,99959,143,99912,180,99964,180,99906,180,99994,180,99869,180,100009,180,99812,180,100025,100,99771,100,100028,100,99758,100,100036,100,99731,100,100048,100,99510,100,100063,100,99412,100
2019-06-28 09:43:20.000000000,99951,337,99916,237,99959,196,99912,233,99964,233,99906,233,99994,100,99869,100,100009,100,99812,100,100025,100,99771,100,100028,100,99758,100,100036,100,99731,100,100048,100,99510,100,100063,100,99412,100
2019-06-28 09:43:30.000000000,99951,401,99916,301,99959,264,99912,301,99964,100,99906,100,99994,100,99869,100,100009,100,99812,100,100025,100,99771,100,100028,100,99758,100,100036,100,99731,100,100048,100,99510,100,100063,100,99412,100
2019-06-28 09:43:40.000000000,99951,337,99916,237,99959,196,99912,233,99964,233,99906,233,99994,100,99869,100,100009,100,99812,100,100025,100,99771,100,100028,100,99758,100,100036,100,99731,100,100048,100,99510,100,100063,100,99412,100
2019-06-28 09:43:50.000000000,99951,300,99916,200,99959,163,99912,200,99964,200,99906,200,99994,200,99869,200,100009,100,99812,100,100025,100,99771,100,100028,100,99758,100,100036,100,99731,100,100048,100,99510,100,100063,100,99412,100
2019-06-28 09:44:00.000000000,99951,337,99916,237,99959,196,99912,233,99964,233,99906,233,99994,100,99869,100,100009,100,99812,100,100025,100,99771,100,100028,100,99758,100,100036,100,99731,100,100048,100,99510,100,100063,100,99412,100
2019-06-28 09:44:10.000000000,99951,300,99916,200,99959,163,99912,200,99964,200,99906,200,99994,200,99869,200,100009,100,99812,100,100025,100,99771,100,100028,100,99758,100,100036,100,99731,100,100048,100,99510,100,100063,100,99412,100
2019-06-28 09:44:10.118622593,99944,100,99916,200,99951,300,99912,200,99959,163,99906,200,99964,200,99869,200,99994,200,99812,100,100009,100,99771,100,100025,100,99758,100,100028,100,99731,100,100036,100,99510,100,100048,100,99412,100
2019-06-28 09:44:20.000000000,99944,180,99916,180,99951,280,99912,180,99959,143,99906,180,99964,180,99869,180,99994,180,99812,180,100009,100,99771,100,100025,100,99758,100,100028,100,99731,100,100036,100,99510,100,100048,100,99412,100
2019-06-28 09:44:28.591137102,99944,180,99916,180,99951,280,99912,180,99959,143,99906,180,99964,180,99869,180,99994,180,99812,180,100009,100,99771,100,100025,100,99758,100,100028,100,99731,100,100036,100,99510,100,100048,100,99412,100
2019-06-28 09:44:30.000000000,99944,502,99916,502,99951,200,99912,100,99959,63,99906,100,99964,100,99869,100,99994,100,99812,100,100009,100,99771,100,100025,100,99758,100,100028,100,99731,100,100036,100,99510,100,100048,100,99412,100
2019-06-28 09:44:32.583660146,99944,602,99916,502,99951,200,99912,100,99959,63,99906,100,99964,100,99869,100,99994,100,99812,100,100009,100,99771,100,100025,100,99758,100,100028,100,99731,100,100036,100,99510,100,100048,100,99412,100
2019-06-28 09:44:40.000000000,99944,602,99916,502,99951,200,99912,100,99959,63,99906,100,99964,100,99869,100,99994,100,99812,100,100009,100,99771,100,100025,100,99758,100,100028,100,99731,100,100036,100,99510,100,100048,100,99412,100
2019-06-28 09:44:41.534524286,99944,602,99916,402,99951,200,99912,100,99959,63,99906,100,99964,100,99869,100,99994,100,99812,100,100009,100,99771,100,100025,100,99758,100,100028,100,99731,100,100036,100,99510,100,100048,100,99412,100
2019-06-28 09:44:42.201728298,99944,602,99916,302,99951,200,99912,100,99959,63,99906,100,99964,100,99869,100,99994,100,99812,100,100009,100,99771,100,100025,100,99758,100,100028,100,99731,100,100036,100,99510,100,100048,100,99412,100
2019-06-28 09:44:50.000000000,99944,337,99912,237,99951,333,99906,233,99959,196,99869,233,99964,100,99812,100,99994,100,99771,100,100009,100,99758,100,100025,100,99731,100,100028,100,99510,100,100036,100,99412,100,100048,100,99251,100
2019-06-28 09:45:00.000000000,99944,300,99912,200,99951,300,99906,200,99959,163,99869,200,99964,200,99812,200,99994,100,99771,100,100009,100,99758,100,100025,100,99731,100,100028,100,99510,100,100036,100,99412,100,100048,100,99251,100
2019-06-28 09:45:02.372257170,99944,300,99912,100,99951,300,99906,200,99959,163,99869,200,99964,200,99812,200,99994,100,99758,100,100009,100,99731,100,100025,100,99510,100,100028,100,99412,100,100036,100,99251,100,100048,100,99040,100
2019-06-28 09:45:10.000000000,99944,602,99906,502,99951,200,99869,100,99959,63,99812,100,99964,100,99758,100,99994,100,99731,100,100009,100,99510,100,100025,100,99412,100,100028,100,99251,100,100036,100,99040,100,100048,100,98979,100
2019-06-28 09:45:12.805243852,99944,602,99906,402,99951,200,99869,100,99959,63,99812,100,99964,100,99758,100,99994,100,99731,100,100009,100,99510,100,100025,100,99412,100,100028,100,99251,100,100036,100,99040,100,100048,100,98979,100
2019-06-28 09:45:13.402723084,99944,602,99906,402,99951,200,99869,100,99959,63,99812,100,99994,100,99758,100,100009,100,99731,100,100025,100,99510,100,100028,100,99412,100,100036,100,99251,100,100048,100,99040,100,100063,100,98979,100
2019-06-28 09:45:20.000000000,99944,602,99869,502,99951,200,99812,100,99959,63,99758,100,99994,100,99731,100,100009,100,99510,100,100025,100,99412,100,100028,100,99251,100,100036,100,99040,100,100048,100,98979,100,100063,100,98497,100
2019-06-28 09:45:22.259126910,99944,602,99869,402,99951,200,99812,100,99959,63,99758,100,99994,100,99731,100,100009,100,99510,100,100025,100,99412,100,100028,100,99251,100,100036,100,99040,100,100048,100,98979,100,100063,100,98497,100
2019-06-28 09:45:30.000000000,99944,337,99812,237,99951,333,99758,233,99959,196,99731,233,99994,100,99510,100,100009,100,99412,100,100025,100,99251,100,100028,100,99040,100,100036,100,98979,100,100048,100,98497,100,100063,100,98459,100
2019-06-28 09:45:40.000000000,99944,401,99812,301,99951,401,99758,301,99959,63,99731,100,99994,100,99510,100,100009,100,99412,100,100025,100,99251,100,100028,100,99040,100,100036,100,98979,100,100048,100,98497,100,100063,100,98459,100
2019-06-28 09:45:41.957131401,99944,401,99812,201,99951,401,99758,301,99959,63,99731,100,99994,100,99510,100,100009,100,99412,100,100025,100,99251,100,100028,100,99040,100,100036,100,98979,100,100063,100,98497,100,100078,100,98459,100
2019-06-28 09:45:50.000000000,99944,300,99758,200,99951,300,99731,200,99959,163,99510,200,99994,200,99412,200,100009,100,99251,100,100025,100,99040,100,100028,100,98979,100,100036,100,98497,100,100063,100,98459,100,100078,100,98448,100
2019-06-28 09:46:00.000000000,99944,337,99758,237,99951,333,99731,233,99959,196,99510,233,99994,100,99412,100,100009,100,99251,100,100025,100,99040,100,100028,100,98979,100,100036,100,98497,100,100063,100,98459,100,100078,100,98448,100
2019-06-28 09:46:10.000000000,99944,602,99758,502,99951,200,99731,100,99959,63,99510,100,99994,100,99412,100,100009,100,99251,100,100025,100,99040,100,100028,100,98979,100,100036,100,98497,100,100063,100,98459,100,100078,100,98448,100
2019-06-28 09:46:20.000000000,99944,337,99758,237,99951,333,99731,233,99959,196,99510,233,99994,100,99412,100,100009,100,99251,100,100025,100,99040,100,100028,100,98979,100,100036,100,98497,100,100063,100,98459,100,100078,100,98448,100
2019-06-28 09:46:20.814997941,99944,337,99758,137,99951,333,99731,233,99959,196,99510,233,99994,100,99412,100,100009,100,99251,100,100025,100,99040,100,100028,100,98979,100,100036,100,98497,100,100063,100,98459,100,100078,100,98448,100
2019-06-28 09:46:22.291461865,99812,100,99758,137,99944,337,99731,233,99951,333,99510,233,99959,196,99412,100,99994,100,99251,100,100009,100,99040,100,100025,100,98979,100,100028,100,98497,100,100036,100,98459,100,100063,100,98448,100
2019-06-28 09:46:27.062354879,99812,100,99758,37,99944,337,99731,233,99951,333,99510,133,99959,196,99412,100,99994,100,99251,100,100009,100,99040,100,100025,100,98979,100,100028,100,98497,100,100036,100,98459,100,100063,100,98448,100
2019-06-28 09:46:30.000000000,99812,502,99731,502,99944,200,99412,100,99951,200,99251,100,99959,63,99040,100,99994,100,98979,100,100009,100,98497,100,100025,100,98459,100,100028,100,98448,100,100036,100,,,100063,100,,
2019-06-28 09:46:30.510474730,99812,402,99731,502,99944,200,99412,100,99951,200,99251,100,99959,63,99040,100,99994,100,98979,100,100009,100,98497,100,100025,100,98459,100,100028,100,98448,100,100036,100,,,100063,100,,
2019-06-28 09:46:40.000000000,99944,602,99731,502,99951,200,99412,100,99959,63,99251,100,99994,100,99040,100,100009,100,98979,100,100025,100,98497,100,100028,100,98459,100,100036,100,98448,100,100063,100,,,100078,100,,
2019-06-28 09:46:41.658824521,99944,602,99731,402,99951,200,99412,100,99959,63,99251,100,99994,100,99040,100,100009,100,98979,100,100025,100,98497,100,100028,100,98459,100,100036,100,98448,100,100063,100,,,100078,100,,
2019-06-28 09:46:48.533308248,99944,602,99731,302,99951,200,99412,100,99959,63,99251,100,99994,100,99040,100,100009,100,98979,100,100025,100,98497,100,100028,100,98459,100,100036,100,98448,100,100063,100,,,100078,100,,
2019-06-28 09:46:50.000000000,99944,337,99412,237,99951,333,99251,233,99959,196,99040,233,99994,100,98979,100,100009,100,98497,100,100025,100,98459,100,100028,100,98448,100,100036,100,,,100063,100,,,100078,100,,
2019-06-28 09:47:00.000000000,99944,401,99412,301,99951,401,99251,301,99959,63,99040,100,99994,100,98979,100,100009,100,98497,100,100025,100,98459,100,100028,100,98448,100,100036,100,,,100063,100,,,100078,100,,
2019-06-28 09:47:10.000000000,99944,280,99412,180,99951,280,99251,180,99959,143,99040,180,99994,180,98979,180,100009,180,98497,180,100025,100,98459,100,100028,100,98448,100,100036,100,,,100063,100,,,100078,100,,
2019-06-28 09:47:14.591775911,99944,280,99412,80,99951,280,99251,180,99959,143,99040,180,99994,180,98979,180,100009,180,98497,180,100025,100,98459,100,100028,100,98448,100,100036,100,,,100063,100,,,100078,100,,
2019-06-28 09:47:18.273446101,99944,280,99412,80,99951,280,99251,180,99959,143,99040,180,99994,180,98979,180,100009,180,98954,100,100025,100,98497,180,100028,100,98459,100,100036,100,98448,100,100063,100,,,100078,100,,
2019-06-28 09:47:20.000000000,99944,280,99251,180,99951,280,99040,180,99959,143,98979,180,99994,180,98954,180,100009,180,98497,180,100025,100,98459,100,100028,100,98448,100,100036,100,,,100063,100,,,100078,100,,
2019-06-28 09:47:30.000000000,99944,300,99251,200,99951,300,99040,200,99959,163,98979,200,99994,200,98954,200,100009,100,98497,100,100025,100,98459,100,100028,100,98448,100,100036,100,,,100063,100,,,100078,100,,
2019-06-28 09:47:40.000000000,99944,337,99251,237,99951,333,99040,233,99959,196,98979,233,99994,100,98954,100,100009,100,98497,100,100025,100,98459,100,100028,100,98448,100,100036,100,,,100063,100,,,100078,100,,
2019-06-28 09:47:50.000000000,99944,337,99251,237,99951,333,99040,233,99959,196,98979,233,99994,100,98954,100,100009,100,98497,100,100025,100,98459,100,100028,100,98448,100,100036,100,,,100063,100,,,100078,100,,
2019-06-28 09:48:00.000000000,99944,280,99251,180,99951,280,99040,180,99959,143,98979,180,99994,180,98954,180,100009,180,98497,180,100025,100,98459,100,100028,100,98448,100,100036,100,,,100063,100,,,100078,100,,
2019-06-28 09:48:10.000000000,99944,280,99251,180,99951,280,99040,180,99959,143,98979,180,99994,180,98954,180,100009,180,98497,180,100025,100,98459,100,100028,100,98448,100,100036,100,,,100063,100,,,100078,100,,
2019-06-28 09:48:20.000000000,99944,300,99251,200,99951,300,99040,200,99959,163,98979,200,99994,200,98954,200,100009,100,98497,100,100025,100,98459,100,100028,100,98448,100,100036,100,,,100063,100,,,100078,100,,
2019-06-28 09:48:30.000000000,99944,401,99251,301,99951,401,99040,301,99959,63,98979,100,99994,100,98954,100,100009,100,98497,100,100025,100,98459,100,100028,100,98448,100,100036,100,,,100063,100,,,100078,100,,
2019-06-28 09:48:31.110797484,99944,401,99251,201,99951,401,99040,301,99959,63,98954,100,99994,100,98497,100,100009,100,98459,100,100025,100,98448,100,100028,100,,,100036,100,,,100063,100,,,100078,100,,
2019-06-28 09:48:31.884904499,99944,401,99251,101,99951,401,99040,301,99959,63,98954,100,99994,100,98497,100,100009,100,98459,100,100025,100,98448,100,100028,100,,,100036,100,,,100078,100,,,100174,100,,
2019-06-28 09:48:35.060376579,99944,401,99251,1,99951,401,99040,301,99959,63,98954,100,99994,100,98497,100,100009,100,98459,100,100025,100,98448,100,100028,100,,,100036,100,,,100078,100,,,100174,100,,
2019-06-28 09:48:40.000000000,99944,337,99040,237,99951,333,98954,233,99959,196,98497,233,99994,100,98459,100,100009,100,98448,100,100025,100,,,100028,100,,,100036,100,,,100078,100,,,100174,100,,
2019-06-28 09:48:50.000000000,99944,300,99040,200,99951,300,98954,200,99959,163,98497,200,99994,200,98459,200,100009,100,98448,100,100025,100,,,100028,100,,,100036,100,,,100078,100,,,100174,100,,
2019-06-28 09:48:59.110150627,99944,300,99040,200,99951,300,98954,200,99959,163,98497,200,99994,200,98459,100,100009,100,98448,100,100025,100,98226,100,100028,100,,,100036,100,,,100078,100,,,100174,100,,
2019-06-28 09:49:00.000000000,99944,280,99040,180,99951,280,98954,180,99959,143,98497,180,99994,180,98448,180,100009,180,98226,180,100025,100,,,100028,100,,,100036,100,,,100078,100,,,100174,100,,
2019-06-28 09:49:10.000000000,99944,602,99040,502,99951,200,98954,100,99959,63,98497,100,99994,100,98448,100,100009,100,98226,100,100025,100,,,100028,100,,,100036,100,,,100078,100,,,100174,100,,
2019-06-28 09:49:20.000000000,99944,401,99040,301,99951,401,98954,301,99959,63,98497,100,99994,100,98448,100,100009,100,98226,100,100025,100,,,100028,100,,,100036,100,,,100078,100,,,100174,100,,
2019-06-28 09:49:26.983255230,99944,401,99040,301,99951,401,98954,301,99959,63,98690,100,99994,100,98497,100,100009,100,98448,100,100025,100,98226,100,100028,100,,,100036,100,,,100078,100,,,100174,100,,
2019-06-28 09:49:30.000000000,99944,300,99040,200,99951,300,98954,200,99959,163,98690,200,99994,200,98497,200,100009,100,98448,100,100025,100,98226,100,100028,100,,,100036,100,,,100078,100,,,100174,100,,
2019-06-28 09:49:40.000000000,99944,602,99040,502,99951,200,98954,100,99959,63,98690,100,99994,100,98497,100,100009,100,98448,100,100025,100,98226,100,100028,100,,,100036,100,,,100078,100,,,100174,100,,
2019-06-28 09:49:40.112128789,99944,602,99040,502,99951,200,98954,100,99959,63,98690,100,99994,100,98655,100,100009,100,98497,100,100025,100,98226,100,100028,100,,,100036,100,,,100078,100,,,100174,100,,
2019-06-28 09:49:50.000000000,99944,280,99040,180,99951,280,98954,180,99959,143,98690,180,99994,180,98655,180,100009,180,98497,180,100025,100,98226,100,100028,100,,,100036,100,,,100078,100,,,100174,100,,
2019-06-28 09:50:00.000000000,99944,401,99040,301,99951,401,98954,301,99959,63,98690,100,99994,100,98655,100,100009,100,98497,100,100025,100,98226,100,100028,100,,,100036,100,,,100078,100,,,100174,100,,
2019-06-28 09:50:02.497258567,99944,401,99040,201,99951,401,98954,301,99959,63,98690,100,99994,100,98655,100,100009,100,98497,100,100025,100,98226,100,100028,100,,,100036,100,,,100078,100,,,100174,100,,
2019-06-28 09:50:10.000000000,99944,280,98954,180,99951,280,98690,180,99959,143,98655,180,99994,180,98497,180,100009,180,98226,180,100025,100,,,100028,100,,,100036,100,,,100078,100,,,100174,100,,
2019-06-28 09:50:20.000000000,99944,300,98954,200,99951,300,98690,200,99959,163,98655,200,99994,200,98497,200,100009,100,98226,100,100025,100,,,100028,100,,,100036,100,,,100078,100,,,100174,100,,
2019-06-28 09:50:21.356085479,99944,300,98954,200,99951,300,98690,200,99959,163,98655,200,99994,200,98497,200,100009,100,98226,100,100025,100,97897,100,100028,100,,,100036,100,,,100078,100,,,100174,100,,
2019-06-28 09:50:30.000000000,99944,337,98954,237,99951,333,98690,233,99959,196,98655,233,99994,100,98497,100,100009,100,98226,100,100025,100,97897,100,100028,100,,,100036,100,,,100078,100,,,100174,100,,
2019-06-28 09:50:40.000000000,99944,337,98954,237,99951,333,98690,233,99959,196,98655,233,99994,100,98497,100,100009,100,98226,100,100025,100,97897,100,100028,100,,,100036,100,,,100078,100,,,100174,100,,
2019-06-28 09:50:50.000000000,99944,602,98954,502,99951,200,98690,100,99959,63,98655,100,99994,100,98497,100,100009,100,98226,100,100025,100,97897,100,100028,100,,,100036,100,,,100078,100,,,100174,100,,
2019-06-28 09:51:00.000000000,99944,337,98954,237,99951,333,98690,233,99959,196,98655,233,99994,100,98497,100,100009,100,98226,100,100025,100,97897,100,100028,100,,,100036,100,,,100078,100,,,100174,100,,
2019-06-28 09:51:07.367470503,99944,337,98954,137,99951,333,98690,233,99959,196,98655,233,99994,100,98497,100,100009,100,98226,100,100025,100,97897,100,100028,100,,,100036,100,,,100078,100,,,100174,100,,
2019-06-28 09:51:10.000000000,99944,300,98690,200,99951,300,98655,200,99959,163,98497,200,99994,200,98226,200,100009,100,97897,100,100025,100,,,100028,100,,,100036,100,,,100078,100,,,100174,100,,
2019-06-28 09:51:15.656024221,98811,100,98690,200,99944,300,98655,200,99951,300,98497,200,99959,163,98226,200,99994,200,97897,100,100009,100,,,100025,100,,,100028,100,,,100036,100,,,100078,100,,
2019-06-28 09:51:18.952062094,98811,100,98690,200,98935,100,98655,200,99944,300,98497,200,99951,300,98226,200,99959,163,97897,100,99994,200,,,100009,100,,,100025,100,,,100028,100,,,100036,100,,
2019-06-28 09:51:20.000000000,98811,502,98690,502,98935,100,98655,100,99944,200,98497,100,99951,200,98226,100,99959,63,97897,100,99994,100,,,100009,100,,,100025,100,,,100028,100,,,100036,100,,
2019-06-28 09:51:28.482452794,98811,502,98690,502,98935,100,98655,100,99040,100,98497,100,99944,200,98226,100,99951,200,97897,100,99959,63,,,99994,100,,,100009,100,,,100025,100,,,100028,100,,
2019-06-28 09:51:30.000000000,98811,180,98690,180,98935,180,98655,180,99040,180,98497,180,99944,280,98226,180,99951,280,97897,180,99959,63,,,99994,100,,,100009,100,,,100025,100,,,100028,100,,
2019-06-28 09:51:34.578582832,98811,180,98690,80,98935,180,98655,180,98988,100,98497,180,99040,180,98226,180,99944,280,97897,180,99951,280,,,99959,63,,,99994,100,,,100009,100,,,100025,100,,
2019-06-28 09:51:40.000000000,98811,180,98655,180,98935,180,98497,180,98988,180,98226,180,99040,180,97897,180,99944,280,97896,80,99951,200,,,99959,63,,,99994,100,,,100009,100,,,100025,100,,
2019-06-28 09:51:49.252309874,98811,80,98655,180,98888,100,98497,180,98935,180,98226,180,98988,180,97897,180,99040,180,97896,80,99944,280,,,99951,200,,,99959,63,,,99994,100,,,100009,100,,
2019-06-28 09:51:50.000000000,98888,502,98655,502,98935,100,98497,100,98988,100,98226,100,99040,100,97897,100,99944,200,,,99951,200,,,99959,63,,,99994,100,,,100009,100,,,100025,100,,
2019-06-28 09:52:00.000000000,98888,502,98655,502,98935,100,98497,100,98988,100,98226,100,99040,100,97897,100,99944,200,,,99951,200,,,99959,63,,,99994,100,,,100009,100,,,100025,100,,
2019-06-28 09:52:06.768595741,98838,100,98655,502,98888,502,98497,100,98935,100,98226,100,98988,100,97897,100,99040,100,,,99944,200,,,99951,200,,,99959,63,,,99994,100,,,100009,100,,
2019-06-28 09:52:10.000000000,98838,301,98655,301,98888,301,98497,301,98935,100,98226,100,98988,100,97897,100,99040,100,,,99944,200,,,99951,200,,,99959,63,,,99994,100,,,100009,100,,
2019-06-28 09:52:15.489203888,98838,301,98774,100,98888,301,98655,301,98935,100,98497,301,98988,100,98226,100,99040,100,97897,100,99944,200,,,99951,200,,,99959,63,,,99994,100,,,100009,100,,
2019-06-28 09:52:20.000000000,98838,180,98774,180,98888,180,98655,180,98935,180,98497,180,98988,180,98226,180,99040,180,97897,180,99944,200,,,99951,200,,,99959,63,,,99994,100,,,100009,100,,
2019-06-28 09:52:30.000000000,98838,502,98774,502,98888,100,98655,100,98935,100,98497,100,98988,100,98226,100,99040,100,97897,100,99944,200,,,99951,200,,,99959,63,,,99994,100,,,100009,100,,
2019-06-28 09:52:31.966930569,98838,402,98774,502,98888,100,98655,100,98935,100,98497,100,98988,100,98226,100,99040,100,97897,100,99944,200,,,99951,200,,,99959,63,,,100009,100,,,100025,100,,
2019-06-28 09:52:40.000000000,98888,200,98774,200,98935,200,98655,200,98988,200,98497,200,99040,200,98226,200,99944,200,97897,100,99951,200,,,99959,63,,,100009,100,,,100025,100,,,100028,100,,
2019-06-28 09:52:50.000000000,98888,200,98774,200,98935,200,98655,200,98988,200,98497,200,99040,200,98226,200,99944,200,97897,100,99951,200,,,99959,63,,,100009,100,,,100025,100,,,100028,100,,
2019-06-28 09:53:00.000000000,98888,200,98774,200,98935,200,98655,200,98988,200,98497,200,99040,200,98226,200,99944,200,97897,100,99951,200,,,99959,63,,,100009,100,,,100025,100,,,100028,100,,
2019-06-28 09:53:10.000000000,98888,180,98774,180,98935,180,98655,180,98988,180,98497,180,99040,180,98226,180,99944,280,97897,180,99951,200,,,99959,63,,,100009,100,,,100025,100,,,100028,100,,
2019-06-28 09:53:20.000000000,98888,301,98774,301,98935,301,98655,301,98988,100,98497,100,99040,100,98226,100,99944,200,97897,100,99951,200,,,99959,63,,,100009,100,,,100025,100,,,100028,100,,
2019-06-28 09:53:30.000000000,98888,237,98774,237,98935,233,98655,233,98988,233,98497,233,99040,100,98226,100,99944,200,97897,100,99951,200,,,99959,63,,,100009,100,,,100025,100,,,100028,100,,
2019-06-28 09:53:40.000000000,98888,502,98774,502,98935,100,98655,100,98988,100,98497,100,99040,100,98226,100,99944,200,97897,100,99951,200,,,99959,63,,,100009,100,,,100025,100,,,100028,100,,
2019-06-28 09:53:50.000000000,98888,237,98774,237,98935,233,98655,233,98988,233,98497,233,99040,100,98226,100,99944,200,97897,100,99951,200,,,99959,63,,,100009,100,,,100025,100,,,100028,100,,
2019-06-28 09:53:56.959151017,98888,237,98774,237,98935,233,98655,233,98988,233,98497,133,99040,100,98226,100,99944,200,97965,100,99951,200,97897,100,99959,63,,,100009,100,,,100025,100,,,100028,100,,
2019-06-28 09:54:00.000000000,98888,502,98774,502,98935,100,98655,100,98988,100,98226,100,99040,100,97965,100,99944,200,97897,100,99951,200,,,99959,63,,,100009,100,,,100025,100,,,100028,100,,
2019-06-28 09:54:09.954187726,98810,100,98774,502,98888,502,98655,100,98935,100,98226,100,98988,100,97965,100,99040,100,97897,100,99944,200,,,99951,200,,,99959,63,,,100009,100,,,100025,100,,
2019-06-28 09:54:10.000000000,98810,180,98774,180,98888,180,98655,180,98935,180,98226,180,98988,180,97965,180,99040,180,97897,180,99944,200,,,99951,200,,,99959,63,,,100009,100,,,100025,100,,
2019-06-28 09:54:14.919516580,98810,180,98774,80,98888,180,98655,180,98935,180,98226,180,98988,180,97965,180,99040,180,97897,180,99944,200,,,99951,200,,,99959,63,,,100009,100,,,100025,100,,
2019-06-28 09:54:20.000000000,98810,301,98655,301,98888,301,98226,301,98935,100,97965,100,98988,100,97897,100,99040,100,,,99944,200,,,99951,200,,,99959,63,,,100009,100,,,100025,100,,
2019-06-28 09:54:30.000000000,98810,502,98655,502,98888,100,98226,100,98935,100,97965,100,98988,100,97897,100,99040,100,,,99944,200,,,99951,200,,,99959,63,,,100009,100,,,100025,100,,
2019-06-28 09:54:40.000000000,98810,301,98655,301,98888,301,98226,301,98935,100,97965,100,98988,100,97897,100,99040,100,,,99944,200,,,99951,200,,,99959,63,,,100009,100,,,100025,100,,
2019-06-28 09:54:50.000000000,98810,502,98655,502,98888,100,98226,100,98935,100,97965,100,98988,100,97897,100,99040,100,,,99944,200,,,99951,200,,,99959,63,,,100009,100,,,100025,100,,
2019-06-28 09:55:00.000000000,98810,301,98655,301,98888,301,98226,301,98935,100,97965,100,98988,100,97897,100,99040,100,,,99944,200,,,99951,200,,,99959,63,,,100009,100,,,100025,100,,
2019-06-28 09:55:10.000000000,98810,200,98655,200,98888,200,98226,200,98935,200,97965,200,98988,200,97897,200,99040,100,,,99944,200,,,99951,200,,,99959,63,,,100009,100,,,100025,100,,
2019-06-28 09:55:20.000000000,98810,502,98655,502,98888,100,98226,100,98935,100,97965,100,98988,100,97897,100,99040,100,,,99944,200,,,99951,200,,,99959,63,,,100009,100,,,100025,100,,
2019-06-28 09:55:28.794186052,98810,502,98655,402,98888,100,98226,100,98935,100,97965,100,98988,100,97897,100,99040,100,,,99944,200,,,99951,200,,,99959,63,,,100009,100,,,100025,100,,
2019-06-28 09:55:30.000000000,98810,237,98226,237,98888,233,97965,233,98935,233,97897,233,98988,100,,,99040,100,,,99944,200,,,99951,200,,,99959,63,,,100009,100,,,100025,100,,
2019-06-28 09:55:37.216581123,98810,237,98226,237,98888,233,97965,233,98935,233,97897,233,98988,100,,,99040,100,,,99944,100,,,99951,200,,,99959,63,,,100009,100,,,100025,100,,
2019-06-28 09:55:40.000000000,98810,237,98226,237,98888,233,97965,233,98935,233,97897,233,98988,100,,,99040,100,,,99944,100,,,99951,200,,,99959,63,,,100009,100,,,100025,100,,
2019-06-28 09:55:50.000000000,98810,237,98226,237,98888,233,97965,233,98935,233,97897,233,98988,100,,,99040,100,,,99944,100,,,99951,200,,,99959,63,,,100009,100,,,100025,100,,
2019-06-28 09:55:57.109238062,98810,237,98278,100,98888,233,98226,237,98935,233,97965,233,98988,100,97897,233,99040,100,,,99944,100,,,99951,200,,,99959,63,,,100009,100,,,100025,100,,
2019-06-28 09:56:00.000000000,98810,237,98278,237,98888,233,98226,233,98935,233,97965,233,98988,100,97897,100,99040,100,,,99944,100,,,99951,200,,,99959,63,,,100009,100,,,100025,100,,
2019-06-28 09:56:00.412800868,98360,100,98278,237,98810,237,98226,233,98888,233,97965,233,98935,233,97897,100,98988,100,,,99040,100,,,99944,100,,,99951,200,,,100009,100,,,100025,100,,
2019-06-28 09:56:10.000000000,98360,502,98278,502,98810,100,98226,100,98888,100,97965,100,98935,100,97897,100,98988,100,,,99040,100,,,99944,100,,,99951,200,,,100009,100,,,100025,100,,
2019-06-28 09:56:17.774457524,98360,502,98278,502,98417,100,97965,100,98810,100,97897,100,98888,100,,,98935,100,,,98988,100,,,99040,100,,,99944,100,,,99951,200,,,100009,100,,
2019-06-28 09:56:20.000000000,98360,237,98278,237,98417,233,97965,233,98810,233,97897,233,98888,100,,,98935,100,,,98988,100,,,99040,100,,,99944,100,,,99951,200,,,100009,100,,
2019-06-28 09:56:22.327103959,98360,237,98295,100,98417,233,98278,237,98810,233,97965,233,98935,100,97897,233,98988,100,,,99040,100,,,99944,100,,,99951,200,,,100009,100,,,100025,100,,
2019-06-28 09:56:30.000000000,98360,237,98295,237,98417,233,98278,233,98810,233,97965,233,98935,100,97897,100,98988,100,,,99040,100,,,99944,100,,,99951,200,,,100009,100,,,100025,100,,
2019-06-28 09:56:37.458512540,98360,237,98295,237,98417,233,98278,233,98774,100,97965,233,98810,233,97897,100,98935,100,,,98988,100,,,99040,100,,,99944,100,,,99951,200,,,100009,100,,
2019-06-28 09:56:40.000000000,98360,502,98295,502,98417,100,98278,100,98774,100,97965,100,98810,100,97897,100,98935,100,,,98988,100,,,99040,100,,,99944,100,,,99951,200,,,100009,100,,
2019-06-28 09:56:50.000000000,98360,180,98295,180,98417,180,98278,180,98774,180,97965,180,98810,180,97897,180,98935,180,97896,80,98988,100,,,99040,100,,,99944,100,,,99951,200,,,100009,100,,
2019-06-28 09:56:50.010363591,98338,100,98295,180,98360,180,98278,180,98417,180,97965,180,98774,180,97897,180,98810,180,97896,80,98935,180,,,98988,100,,,99040,100,,,99944,100,,,99951,200,,
2019-06-28 09:56:54.949159913,98360,180,98295,80,98417,180,98278,180,98774,180,97965,180,98810,180,97897,180,98935,180,97896,80,98988,100,,,99040,100,,,99944,100,,,99951,200,,,100009,100,,
2019-06-28 09:57:00.000000000,98360,200,98278,200,98417,200,97965,200,98774,200,97897,200,98810,200,97896,100,98935,100,,,98988,100,,,99040,100,,,99944,100,,,99951,200,,,100009,100,,
2019-06-28 09:57:10.000000000,98360,301,98278,301,98417,301,97965,301,98774,100,97897,100,98810,100,,,98935,100,,,98988,100,,,99040,100,,,99944,100,,,99951,200,,,100009,100,,
2019-06-28 09:57:20.000000000,98360,237,98278,237,98417,233,97965,233,98774,233,97897,233,98810,100,,,98935,100,,,98988,100,,,99040,100,,,99944,100,,,99951,200,,,100009,100,,
2019-06-28 09:57:30.000000000,98360,200,98278,200,98417,200,97965,200,98774,200,97897,200,98810,200,97896,100,98935,100,,,98988,100,,,99040,100,,,99944,100,,,99951,200,,,100009,100,,
2019-06-28 09:57:34.862284518,98360,200,98278,200,98417,200,98037,100,98774,200,97965,200,98810,200,97897,200,98935,100,97896,100,98988,100,,,99040,100,,,99944,100,,,99951,200,,,100009,100,,
2019-06-28 09:57:35.600125856,98360,200,98278,200,98417,200,98037,100,98449,100,97965,200,98774,200,97897,200,98810,200,97896,100,98935,100,,,98988,100,,,99040,100,,,99944,100,,,99951,200,,
2019-06-28 09:57:40.000000000,98360,180,98278,180,98417,180,98037,180,98449,180,97965,180,98774,180,97897,180,98810,180,97896,80,98935,100,,,98988,100,,,99040,100,,,99944,100,,,99951,200,,
2019-06-28 09:57:50.000000000,98360,301,98278,301,98417,301,98037,301,98449,100,97965,100,98774,100,97897,100,98810,100,,,98935,100,,,98988,100,,,99040,100,,,99944,100,,,99951,200,,
2019-06-28 09:58:00.000000000,98360,237,98278,237,98417,233,98037,233,98449,233,97965,233,98774,100,97897,100,98810,100,,,98935,100,,,98988,100,,,99040,100,,,99944,100,,,99951,200,,
2019-06-28 09:58:00.281163928,98360,237,98278,237,98417,233,98037,233,98449,233,97965,233,98481,100,97897,100,98774,100,,,98810,100,,,98935,100,,,98988,100,,,99040,100,,,99944,100,,
2019-06-28 09:58:02.125446103,98360,237,98287,100,98417,233,98278,237,98449,233,98037,233,98481,100,97965,233,98774,100,97897,100,98810,100,,,98935,100,,,99040,100,,,99944,100,,,99951,200,,
2019-06-28 09:58:03.885948901,98360,237,98309,100,98417,233,98287,100,98449,233,98278,237,98481,100,98037,233,98774,100,97965,233,98810,100,97897,100,98935,100,,,99040,100,,,99944,100,,,99951,200,,
2019-06-28 09:58:08.858618592,98360,237,98309,100,98417,233,98287,100,98449,233,98278,237,98481,100,98037,233,98590,100,97965,233,98774,100,97897,100,98810,100,,,98935,100,,,99040,100,,,99944,100,,
2019-06-28 09:58:09.214630797,98360,237,98309,100,98417,233,98287,100,98449,233,98278,237,98481,100,98037,233,98540,100,97965,233,98590,100,97897,100,98774,100,,,98810,100,,,98935,100,,,99040,100,,
2019-06-28 09:58:10.000000000,98360,180,98309,180,98417,180,98287,180,98449,180,98278,180,98481,180,98037,180,98540,180,97965,180,98590,100,97897,100,98774,100,,,98810,100,,,98935,100,,,99040,100,,
2019-06-28 09:58:18.983462361,98360,180,98309,180,98417,180,98287,180,98449,180,98278,180,98481,180,98037,180,98540,180,97965,180,98590,100,97897,100,98674,100,,,98774,100,,,98810,100,,,98935,100,,
2019-06-28 09:58:20.000000000,98360,200,98309,200,98417,200,98287,200,98449,200,98278,200,98481,200,98037,200,98540,100,97965,100,98590,100,97897,100,98674,100,,,98774,100,,,98810,100,,,98935,100,,
2019-06-28 09:58:25.981083281,98360,200,98309,200,98417,200,98287,200,98449,200,98278,200,98481,200,98037,200,98504,100,97965,100,98540,100,97897,100,98590,100,,,98674,100,,,98774,100,,,98810,100,,
2019-06-28 09:58:26.731260009,98360,200,98309,200,98417,200,98287,200,98449,200,98278,200,98481,200,98037,200,98504,100,97965,100,98540,100,97897,100,98544,100,,,98590,100,,,98674,100,,,98774,100,,
2019-06-28 09:58:30.000000000,98360,301,98309,301,98417,301,98287,301,98449,100,98278,100,98481,100,98037,100,98504,100,97965,100,98540,100,97897,100,98544,100,,,98590,100,,,98674,100,,,98774,100,,
2019-06-28 09:58:36.959613044,98360,201,98309,301,98417,301,98287,301,98449,100,98278,100,98481,100,98037,100,98504,100,97965,100,98540,100,97897,100,98544,100,,,98590,100,,,98674,100,,,98774,100,,
2019-06-28 09:58:40.000000000,98417,237,98309,237,98449,233,98287,233,98481,233,98278,233,98504,100,98037,100,98540,100,97965,100,98544,100,97897,100,98590,100,,,98674,100,,,98774,100,,,98810,100,,
2019-06-28 09:58:42.946791386,98417,237,98309,237,98449,233,98287,233,98481,233,98278,233,98504,100,98037,100,98540,100,97965,100,98544,100,97897,100,98590,100,,,98674,100,,,98774,100,,,98810,100,,
2019-06-28 09:58:50.000000000,98417,301,98309,301,98449,301,98287,301,98481,100,98278,100,98504,100,98037,100,98540,100,97965,100,98544,100,97897,100,98590,100,,,98674,100,,,98774,100,,,98810,100,,
2019-06-28 09:58:50.910208576,98417,301,98309,301,98449,301,98287,301,98481,100,98278,100,98504,100,98037,100,98540,100,97965,100,98544,100,97897,100,98590,100,,,98674,100,,,98774,100,,,98810,100,,
2019-06-28 09:58:55.963577277,98417,301,98309,301,98449,301,98287,301,98481,100,98278,100,98504,100,98037,100,98540,100,97965,100,98544,100,97897,100,98590,100,,,98674,100,,,98774,100,,,98810,100,,
2019-06-28 09:59:00.000000000,98417,301,98309,301,98449,301,98287,301,98481,100,98278,100,98504,100,98037,100,98540,100,97965,100,98544,100,97897,100,98590,100,,,98674,100,,,98774,100,,,98810,100,,
2019-06-28 09:59:01.573532528,98417,201,98309,301,98449,301,98287,301,98481,100,98278,100,98504,100,98037,100,98540,100,97965,100,98544,100,97897,100,98590,100,,,98674,100,,,98774,100,,,98810,100,,
2019-06-28 09:59:10.000000000,98449,200,98309,200,98481,200,98287,200,98504,200,98278,200,98540,200,98037,200,98544,100,97965,100,98590,100,97897,100,98674,100,,,98774,100,,,98810,100,,,98935,100,,
2019-06-28 09:59:20.000000000,98449,180,98309,180,98481,180,98287,180,98504,180,98278,180,98540,180,98037,180,98544,180,97965,180,98590,100,97897,100,98674,100,,,98774,100,,,98810,100,,,98935,100,,
2019-06-28 09:59:30.000000000,98449,200,98309,200,98481,200,98287,200,98504,200,98278,200,98540,200,98037,200,98544,100,97965,100,98590,100,97897,100,98674,100,,,98774,100,,,98810,100,,,98935,100,,
2019-06-28 09:59:32.814464224,98449,100,98309,200,98481,200,98287,200,98504,200,98278,200,98540,200,98037,200,98544,100,97965,100,98590,100,97897,100,98674,100,,,98774,100,,,98810,100,,,98935,100,,
2019-06-28 09:59:40.000000000,98481,180,98309,180,98504,180,98287,180,98540,180,98278,180,98544,180,98037,180,98590,180,97965,180,98674,100,97897,100,98774,100,,,98810,100,,,98935,100,,,99531,100,,
2019-06-28 09:59:40.489595823,98481,80,98309,180,98504,180,98287,180,98540,180,98278,180,98544,180,98037,180,98590,180,97965,180,98674,100,97897,100,98774,100,,,98810,100,,,98935,100,,,99531,100,,
2019-06-28 09:59:50.000000000,98504,200,98309,200,98540,200,98287,200,98544,200,98278,200,98590,200,98037,200,98674,100,97965,100,98774,100,97897,100,98810,100,,,98935,100,,,99531,100,,,99560,100,,
2019-06-28 09:59:53.077783894,98504,200,98309,200,98540,200,98287,200,98544,200,98278,200,98590,200,98037,200,98674,100,97965,100,98774,100,97897,100,98810,100,,,98935,100,,,99531,100,,,99560,100,,
2019-06-28 09:59:56.139101169,98504,200,98449,100,98540,200,98309,200,98544,200,98287,200,98590,200,98278,200,98674,100,98037,200,98774,100,97965,100,98810,100,97897,100,98935,100,,,99531,100,,,99560,100,,
2019-06-28 10:00:00.000000000,98504,502,98449,502,98540,100,98309,100,98544,100,98287,100,98590,100,98278,100,98674,100,98037,100,98774,100,97965,100,98810,100,97897,100,98935,100,,,99531,100,,,99560,100,,
2019-06-28 10:00:02.992872090,98504,502,98449,502,98540,100,98309,100,98544,100,98287,100,98590,100,98278,100,98674,100,98037,100,98774,100,97965,100,98810,100,97897,100,98935,100,,,99531,100,,,99560,100,,
2019-06-28 10:00:10.000000000,98504,180,98449,180,98540,180,98309,180,98544,180,98287,180,98590,180,98278,180,98674,180,98037,180,98774,100,97965,100,98810,100,97897,100,98935,100,,,99531,100,,,99560,100,,
2019-06-28 10:00:20.000000000,98504,301,98449,301,98540,301,98309,301,98544,100,98287,100,98590,100,98278,100,98674,100,98037,100,98774,100,97965,100,98810,100,97897,100,98935,100,,,99531,100,,,99560,100,,
2019-06-28 10:00:30.000000000,98504,301,98449,301,98540,301,98309,301,98544,100,98287,100,98590,100,98278,100,98674,100,98037,100,98774,100,97965,100,98810,100,97897,100,98935,100,,,99531,100,,,99560,100,,
2019-06-28 10:00:39.299993549,98504,301,98449,401,98540,301,98309,301,98544,100,98287,100,98590,100,98278,100,98674,100,98037,100,98774,100,97965,100,98810,100,97897,100,98935,100,,,99531,100,,,99560,100,,
2019-06-28 10:00:40.000000000,98504,200,98449,300,98540,200,98309,200,98544,200,98287,200,98590,200,98278,200,98674,100,98037,100,98774,100,97965,100,98810,100,97897,100,98935,100,,,99531,100,,,99560,100,,
2019-06-28 10:00:50.000000000,98504,180,98449,280,98540,180,98309,180,98544,180,98287,180,98590,180,98278,180,98674,180,98037,180,98774,100,97965,100,98810,100,97897,100,98935,100,,,99531,100,,,99560,100,,
2019-06-28 10:00:51.951291464,98504,180,98449,280,98540,180,98309,180,98544,180,98287,180,98590,180,98278,180,98674,180,98037,180,98774,100,97965,100,98810,100,97897,100,98935,100,,,99531,100,,,99560,100,,
2019-06-28 10:01:00.000000000,98504,502,98449,602,98540,100,98309,100,98544,100,98287,100,98590,100,98278,100,98674,100,98037,100,98774,100,97965,100,98810,100,97897,100,98935,100,,,99531,100,,,99560,100,,
2019-06-28 10:01:10.000000000,98504,502,98449,602,98540,100,98309,100,98544,100,98287,100,98590,100,98278,100,98674,100,98037,100,98774,100,97965,100,98810,100,97897,100,98935,100,,,99531,100,,,99560,100,,
2019-06-28 10:01:15.202267282,98504,502,98449,602,98540,100,98309,100,98544,100,98287,100,98590,100,98278,100,98674,100,98037,100,98774,100,97965,100,98935,100,97897,100,99531,100,,,99560,100,,,99951,200,,
2019-06-28 10:01:20.000000000,98504,200,98449,300,98540,200,98309,200,98544,200,98287,200,98590,200,98278,200,98674,100,98037,100,98774,100,97965,100,98935,100,97897,100,99531,100,,,99560,100,,,99951,200,,
2019-06-28 10:01:29.568247301,98504,200,98449,300,98540,200,98309,200,98544,200,98287,200,98590,200,98278,200,98674,100,98037,100,98774,100,97965,100,98935,100,97897,100,99531,100,,,99560,100,,,99951,200,,
2019-06-28 10:01:30.000000000,98504,502,98449,602,98540,100,98309,100,98544,100,98287,100,98590,100,98278,100,98674,100,98037,100,98774,100,97965,100,98935,100,97897,100,99531,100,,,99560,100,,,99951,200,,
2019-06-28 10:01:36.003868148,98504,402,98449,602,98540,100,98309,100,98544,100,98287,100,98590,100,98278,100,98774,100,98037,100,98935,100,97965,100,99531,100,97897,100,99560,100,,,99951,200,,,99973,100,,
2019-06-28 10:01:40.000000000,98540,237,98449,337,98544,233,98309,233,98590,233,98287,233,98774,100,98278,100,98935,100,98037,100,99531,100,97965,100,99560,100,97897,100,99951,200,,,99973,100,,,100028,100,,
2019-06-28 10:01:47.744264493,98540,237,98449,337,98544,233,98309,233,98590,233,98287,233,98774,100,98278,100,98935,100,98037,100,99531,100,97965,100,99542,100,97897,100,99560,100,,,99951,200,,,99973,100,,
2019-06-28 10:01:50.000000000,98540,301,98449,401,98544,301,98309,301,98590,100,98287,100,98774,100,98278,100,98935,100,98037,100,99531,100,97965,100,99542,100,97897,100,99560,100,,,99951,200,,,99973,100,,
2019-06-28 10:01:57.502836724,98540,201,98449,401,98544,301,98309,301,98590,100,98287,100,98774,100,98278,100,99531,100,98037,100,99542,100,97965,100,99560,100,97897,100,99951,200,,,99973,100,,,100028,100,,
2019-06-28 10:02:00.000000000,98544,502,98449,602,98590,100,98309,100,98774,100,98287,100,99531,100,98278,100,99542,100,98037,100,99560,100,97965,100,99951,200,97897,100,99973,100,,,100028,100,,,100078,100,,
2019-06-28 10:02:01.896167925,98544,502,98449,602,98590,100,98309,100,98774,100,98287,100,99531,100,98278,100,99542,100,98037,100,99560,100,97965,100,99951,200,97897,100,99973,100,,,100002,100,,,100028,100,,
2019-06-28 10:02:10.000000000,98544,502,98449,602,98590,100,98309,100,98774,100,98287,100,99531,100,98278,100,99542,100,98037,100,99560,100,97965,100,99951,200,97897,100,99973,100,,,100002,100,,,100028,100,,
2019-06-28 10:02:20.000000000,98544,180,98449,280,98590,180,98309,180,98774,180,98287,180,99531,180,98278,180,99542,180,98037,180,99560,100,97965,100,99951,200,97897,100,99973,100,,,100002,100,,,100028,100,,
2019-06-28 10:02:22.761184469,98544,180,98449,280,98590,180,98309,180,98774,180,98287,180,99210,100,98278,180,99531,180,98037,180,99542,180,97965,100,99560,100,97897,100,99951,200,,,99973,100,,,100002,100,,
2019-06-28 10:02:30.000000000,98544,237,98449,337,98590,233,98309,233,98774,233,98287,233,99210,100,98278,100,99531,100,98037,100,99542,100,97965,100,99560,100,97897,100,99951,200,,,99973,100,,,100002,100,,
2019-06-28 10:02:40.000000000,98544,200,98449,300,98590,200,98309,200,98774,200,98287,200,99210,200,98278,200,99531,100,98037,100,99542,100,97965,100,99560,100,97897,100,99951,200,,,99973,100,,,100002,100,,
2019-06-28 10:02:47.159848904,98544,100,98449,300,98590,200,98309,200,98774,200,98287,200,99210,200,98278,200,99531,100,98037,100,99542,100,97965,100,99951,200,97897,100,99973,100,,,100002,100,,,100028,100,,
2019-06-28 10:02:50.000000000,98590,200,98449,300,98774,200,98309,200,99210,200,98287,200,99531,200,98278,200,99542,100,98037,100,99951,200,97965,100,99973,100,97897,100,100002,100,,,100028,100,,,100078,100,,
2019-06-28 10:03:00.000000000,98590,301,98449,401,98774,301,98309,301,99210,100,98287,100,99531,100,98278,100,99542,100,98037,100,99951,200,97965,100,99973,100,97897,100,100002,100,,,100028,100,,,100078,100,,
2019-06-28 10:03:08.110109249,98590,201,98449,401,98774,301,98309,301,99210,100,98287,100,99531,100,98278,100,99542,100,98037,100,99951,200,97965,100,99973,100,97897,100,100002,100,,,100028,100,,,100078,100,,
2019-06-28 10:03:10.000000000,98774,502,98449,602,99210,100,98309,100,99531,100,98287,100,99542,100,98278,100,99951,200,98037,100,99973,100,97965,100,100002,100,97897,100,100028,100,,,100078,100,,,100154,100,,
2019-06-28 10:03:20.000000000,98774,180,98449,280,99210,180,98309,180,99531,180,98287,180,99542,180,98278,180,99951,280,98037,180,99973,100,97965,100,100002,100,97897,100,100028,100,,,100078,100,,,100154,100,,
2019-06-28 10:03:30.000000000,98774,200,98449,300,99210,200,98309,200,99531,200,98287,200,99542,200,98278,200,99951,200,98037,100,99973,100,97965,100,100002,100,97897,100,100028,100,,,100078,100,,,100154,100,,
2019-06-28 10:03:34.824837850,98774,200,98704,100,99210,200,98449,300,99531,200,98309,200,99542,200,98287,200,99951,200,98278,200,99973,100,98037,100,100002,100,97965,100,100028,100,97897,100,100078,100,,,100154,100,,
2019-06-28 10:03:40.000000000,98774,502,98704,502,99210,100,98449,200,99531,100,98309,100,99542,100,98287,100,99951,200,98278,100,99973,100,98037,100,100002,100,97965,100,100028,100,97897,100,100078,100,,,100154,100,,
2019-06-28 10:03:40.792899303,98774,502,98704,502,99210,100,98544,100,99531,100,98449,200,99542,100,98309,100,99951,200,98287,100,99973,100,98278,100,100002,100,98037,100,100028,100,97965,100,100078,100,97897,100,100154,100,,
2019-06-28 10:03:50.000000000,98774,237,98704,237,99210,233,98544,233,99531,233,98449,333,99542,100,98309,100,99951,200,98287,100,99973,100,98278,100,100002,100,98037,100,100028,100,97965,100,100078,100,97897,100,100154,100,,
2019-06-28 10:03:57.212509033,98774,137,98704,237,99210,233,98544,233,99531,233,98449,333,99542,100,98309,100,99951,200,98287,100,99973,100,98278,100,100002,100,98037,100,100028,100,97965,100,100078,100,97897,100,100154,100,,
2019-06-28 10:04:00.000000000,99210,301,98704,301,99531,301,98544,301,99542,100,98449,200,99951,200,98309,100,99973,100,98287,100,100002,100,98278,100,100028,100,98037,100,100078,100,97965,100,100154,100,97897,100,100155,100,,
2019-06-28 10:04:10.000000000,99210,180,98704,180,99531,180,98544,180,99542,180,98449,280,99951,280,98309,180,99973,180,98287,180,100002,100,98278,100,100028,100,98037,100,100078,100,97965,100,100154,100,97897,100,100155,100,,
2019-06-28 10:04:20.000000000,99210,502,98704,502,99531,100,98544,100,99542,100,98449,200,99951,200,98309,100,99973,100,98287,100,100002,100,98278,100,100028,100,98037,100,100078,100,97965,100,100154,100,97897,100,100155,100,,
2019-06-28 10:04:30.000000000,99210,180,98704,180,99531,180,98544,180,99542,180,98449,280,99951,280,98309,180,99973,180,98287,180,100002,100,98278,100,100028,100,98037,100,100078,100,97965,100,100154,100,97897,100,100155,100,,
2019-06-28 10:04:30.746605689,99210,80,98704,180,99531,180,98544,180,99542,180,98449,280,99951,280,98309,180,99973,180,98287,180,100002,100,98278,100,100028,100,98037,100,100078,100,97965,100,100154,100,97897,100,100187,100,,
2019-06-28 10:04:40.000000000,99531,237,98704,237,99542,233,98544,233,99951,333,98449,333,99973,100,98309,100,100002,100,98287,100,100028,100,98278,100,100078,100,98037,100,100154,100,97965,100,100187,100,97897,100,,,,
2019-06-28 10:04:50.000000000,99531,237,98704,237,99542,233,98544,233,99951,333,98449,333,99973,100,98309,100,100002,100,98287,100,100028,100,98278,100,100078,100,98037,100,100154,100,97965,100,100187,100,97897,100,,,,
2019-06-28 10:04:55.916394339,99531,237,98774,100,99542,233,98704,237,99951,333,98544,233,99973,100,98449,333,100002,100,98309,100,100028,100,98287,100,100078,100,98278,100,100154,100,98037,100,100187,100,97965,100,,,97897,100
2019-06-28 10:05:00.000000000,99531,237,98774,237,99542,233,98704,233,99951,333,98544,233,99973,100,98449,200,100002,100,98309,100,100028,100,98287,100,100078,100,98278,100,100154,100,98037,100,100187,100,97965,100,,,97897,100
2019-06-28 10:05:05.545374236,99531,137,98774,237,99542,233,98704,233,99951,333,98544,233,99973,100,98449,200,100002,100,98309,100,100028,100,98287,100,100078,100,98278,100,100154,100,98037,100,100187,100,97965,100,,,97897,100
2019-06-28 10:05:10.000000000,99542,301,98774,301,99951,401,98704,301,99973,100,98544,100,100002,100,98449,200,100028,100,98309,100,100078,100,98287,100,100154,100,98278,100,100187,100,98037,100,,,97965,100,,,97897,100
2019-06-28 10:05:20.000000000,99542,502,98774,502,99951,200,98704,100,99973,100,98544,100,100002,100,98449,200,100028,100,98309,100,100078,100,98287,100,100154,100,98278,100,100187,100,98037,100,,,97965,100,,,97897,100
2019-06-28 10:05:30.000000000,99542,237,98774,237,99951,333,98704,233,99973,233,98544,233,100002,100,98449,200,100028,100,98309,100,100078,100,98287,100,100154,100,98278,100,100187,100,98037,100,,,97965,100,,,97897,100
2019-06-28 10:05:40.000000000,99542,502,98774,502,99951,200,98704,100,99973,100,98544,100,100002,100,98449,200,100028,100,98309,100,100078,100,98287,100,100154,100,98278,100,100187,100,98037,100,,,97965,100,,,97897,100
2019-06-28 10:05:50.000000000,99542,200,98774,200,99951,300,98704,200,99973,200,98544,200,100002,200,98449,300,100028,100,98309,100,100078,100,98287,100,100154,100,98278,100,100187,100,98037,100,,,97965,100,,,97897,100
2019-06-28 10:05:54.255588595,99542,200,99262,100,99951,300,98774,200,99973,200,98704,200,100002,200,98544,200,100028,100,98449,300,100078,100,98309,100,100154,100,98287,100,100187,100,98278,100,,,98037,100,,,97965,100
2019-06-28 10:06:00.000000000,99542,180,99262,180,99951,280,98774,180,99973,180,98704,180,100002,180,98544,180,100028,180,98449,280,100078,100,98309,100,100154,100,98287,100,100187,100,98278,100,,,98037,100,,,97965,100
2019-06-28 10:06:06.596951687,99542,180,99262,180,99951,180,98774,180,99973,180,98704,180,100002,180,98544,180,100028,180,98449,280,100078,100,98309,100,100154,100,98287,100,100187,100,98278,100,,,98037,100,,,97965,100
2019-06-28 10:06:10.000000000,99542,200,99262,200,99951,200,98774,200,99973,200,98704,200,100002,200,98544,200,100028,100,98449,200,100078,100,98309,100,100154,100,98287,100,100187,100,98278,100,,,98037,100,,,97965,100
2019-06-28 10:06:12.596796096,99542,200,99262,200,99951,200,98858,100,99973,200,98774,200,100002,200,98704,200,100028,100,98544,200,100078,100,98449,200,100154,100,98309,100,100187,100,98287,100,,,98278,100,,,98037,100
2019-06-28 10:06:20.000000000,99542,502,99262,502,99951,100,98858,100,99973,100,98774,100,100002,100,98704,100,100028,100,98544,100,100078,100,98449,200,100154,100,98309,100,100187,100,98287,100,,,98278,100,,,98037,100
2019-06-28 10:06:30.000000000,99542,180,99262,180,99951,180,98858,180,99973,180,98774,180,100002,180,98704,180,100028,180,98544,180,100078,100,98449,200,100154,100,98309,100,100187,100,98287,100,,,98278,100,,,98037,100
2019-06-28 10:06:40.000000000,99542,502,99262,502,99951,100,98858,100,99973,100,98774,100,100002,100,98704,100,100028,100,98544,100,100078,100,98449,200,100154,100,98309,100,100187,100,98287,100,,,98278,100,,,98037,100
2019-06-28 10:06:50.000000000,99542,502,99262,502,99951,100,98858,100,99973,100,98774,100,100002,100,98704,100,100028,100,98544,100,100078,100,98449,200,100154,100,98309,100,100187,100,98287,100,,,98278,100,,,98037,100
2019-06-28 10:07:00.000000000,99542,237,99262,237,99951,233,98858,233,99973,233,98774,233,100002,100,98704,100,100028,100,98544,100,100078,100,98449,200,100154,100,98309,100,100187,100,98287,100,,,98278,100,,,98037,100
2019-06-28 10:07:10.000000000,99542,200,99262,200,99951,200,98858,200,99973,200,98774,200,100002,200,98704,200,100028,100,98544,100,100078,100,98449,200,100154,100,98309,100,100187,100,98287,100,,,98278,100,,,98037,100
2019-06-28 10:07:11.455258363,99542,200,99262,200,99951,200,98867,100,99973,200,98858,200,100002,200,98774,200,100028,100,98704,200,100078,100,98544,100,100154,100,98449,200,100187,100,98309,100,,,98287,100,,,98278,100
2019-06-28 10:07:20.000000000,99542,180,99262,180,99951,180,98867,180,99973,180,98858,180,100002,180,98774,180,100028,180,98704,180,100078,100,98544,100,100154,100,98449,200,100187,100,98309,100,,,98287,100,,,98278,100
2019-06-28 10:07:29.843409706,99542,180,99262,180,99951,180,99093,100,99973,180,98867,80,100002,180,98858,180,100028,180,98774,180,100078,100,98704,180,100154,100,98544,100,100187,100,98449,200,,,98309,100,,,98287,100
2019-06-28 10:07:30.000000000,99542,200,99262,200,99951,200,99093,200,99973,200,98858,200,100002,200,98774,200,100028,100,98704,100,100078,100,98544,100,100154,100,98449,200,100187,100,98309,100,,,98287,100,,,98278,100
2019-06-28 10:07:40.000000000,99542,180,99262,180,99951,180,99093,180,99973,180,98858,180,100002,180,98774,180,100028,180,98704,180,100078,100,98544,100,100154,100,98449,200,100187,100,98309,100,,,98287,100,,,98278,100
2019-06-28 10:07:41.534245776,99405,100,99262,180,99542,180,99093,180,99951,180,98858,180,99973,180,98774,180,100002,180,98704,180,100028,180,98544,100,100078,100,98449,200,100154,100,98309,100,100187,100,98287,100,,,98278,100
2019-06-28 10:07:50.000000000,99405,180,99262,180,99542,180,99093,180,99951,180,98858,180,99973,180,98774,180,100002,180,98704,180,100028,100,98544,100,100078,100,98449,200,100154,100,98309,100,100187,100,98287,100,,,98278,100
2019-06-28 10:08:00.000000000,99405,237,99262,237,99542,233,99093,233,99951,233,98858,233,99973,100,98774,100,100002,100,98704,100,100028,100,98544,100,100078,100,98449,200,100154,100,98309,100,100187,100,98287,100,,,98278,100
2019-06-28 10:08:02.577574596,99405,237,99262,237,99542,233,99093,233,99951,233,98858,233,99973,100,98774,100,100002,100,98704,100,100028,100,98544,100,100078,100,98449,100,100154,100,98309,100,100187,100,98287,100,,,98278,100
2019-06-28 10:08:10.000000000,99405,180,99262,180,99542,180,99093,180,99951,180,98858,180,99973,180,98774,180,100002,180,98704,180,100028,100,98544,100,100078,100,98449,100,100154,100,98309,100,100187,100,98287,100,,,98278,100
2019-06-28 10:08:20.000000000,99405,200,99262,200,99542,200,99093,200,99951,200,98858,200,99973,200,98774,200,100002,100,98704,100,100028,100,98544,100,100078,100,98449,100,100154,100,98309,100,100187,100,98287,100,,,98278,100
2019-06-28 10:08:30.000000000,99405,180,99262,180,99542,180,99093,180,99951,180,98858,180,99973,180,98774,180,100002,180,98704,180,100028,100,98544,100,100078,100,98449,100,100154,100,98309,100,100187,100,98287,100,,,98278,100
2019-06-28 10:08:40.000000000,99405,237,99262,237,99542,233,99093,233,99951,233,98858,233,99973,100,98774,100,100002,100,98704,100,100028,100,98544,100,100078,100,98449,100,100154,100,98309,100,100187,100,98287,100,,,98278,100
2019-06-28 10:08:40.326280467,99405,237,99262,237,99542,233,99093,233,99951,233,98858,233,99973,100,98774,100,100002,100,98704,100,100028,100,98684,100,100078,100,98544,100,100154,100,98449,100,100187,100,98309,100,,,98287,100
2019-06-28 10:08:46.680447495,99405,237,99262,237,99542,233,99093,233,99951,233,98858,133,99973,100,98774,100,100002,100,98705,100,100028,100,98704,100,100078,100,98684,100,100154,100,98544,100,100187,100,98449,100,,,98309,100
2019-06-28 10:08:50.000000000,99405,180,99262,180,99542,180,99093,180,99951,180,98774,180,99973,180,98705,180,100002,180,98704,180,100028,100,98684,100,100078,100,98544,100,100154,100,98449,100,100187,100,98309,100,,,98287,100
2019-06-28 10:09:00.000000000,99405,180,99262,180,99542,180,99093,180,99951,180,98774,180,99973,180,98705,180,100002,180,98704,180,100028,100,98684,100,100078,100,98544,100,100154,100,98449,100,100187,100,98309,100,,,98287,100
2019-06-28 10:09:02.013237131,99405,180,99262,80,99542,180,99093,180,99951,180,98774,180,99973,180,98705,180,100002,180,98704,180,100028,100,98684,100,100078,100,98544,100,100154,100,98449,100,,,98309,100,,,98287,100
2019-06-28 10:09:05.101983781,99262,20,99093,180,99405,180,98774,180,99542,180,98705,180,99951,180,98704,180,99973,180,98684,100,100002,180,98544,100,100028,100,98449,100,100078,100,98309,100,100154,100,98287,100,,,98278,100
2019-06-28 10:09:10.000000000,99262,157,99093,237,99405,233,98774,233,99542,233,98705,233,99951,100,98704,100,99973,100,98684,100,100002,100,98544,100,100028,100,98449,100,100078,100,98309,100,100154,100,98287,100,,,98278,100
2019-06-28 10:09:16.942857427,99262,157,99093,137,99405,233,98774,233,99542,233,98705,233,99951,100,98704,100,99973,100,98684,100,100002,100,98544,100,100028,100,98449,100,100078,100,98309,100,100154,100,98287,100,,,98278,100
2019-06-28 10:09:20.000000000,99262,157,98774,237,99405,233,98705,233,99542,233,98704,233,99951,100,98684,100,99973,100,98544,100,100002,100,98449,100,100028,100,98309,100,100078,100,98287,100,100154,100,98278,100,,,98037,100
2019-06-28 10:09:30.000000000,99262,120,98774,200,99405,200,98705,200,99542,200,98704,200,99951,200,98684,200,99973,100,98544,100,100002,100,98449,100,100028,100,98309,100,100078,100,98287,100,100154,100,98278,100,,,98037,100
2019-06-28 10:09:33.770417923,99262,120,99018,100,99405,200,98774,200,99542,200,98705,200,99951,200,98704,200,99973,100,98684,200,100002,100,98544,100,100028,100,98449,100,100078,100,98309,100,100154,100,98287,100,,,98278,100
2019-06-28 10:09:40.000000000,99262,157,99018,237,99405,233,98774,233,99542,233,98705,233,99951,100,98704,100,99973,100,98684,100,100002,100,98544,100,100028,100,98449,100,100078,100,98309,100,100154,100,98287,100,,,98278,100
2019-06-28 10:09:47.471255269,99262,157,99094,100,99405,233,99018,237,99542,233,98774,233,99951,100,98705,233,99973,100,98704,100,100002,100,98684,100,100028,100,98544,100,100078,100,98449,100,100154,100,98309,100,,,98287,100
2019-06-28 10:09:50.000000000,99262,157,99094,237,99405,233,99018,233,99542,233,98774,233,99951,100,98705,100,99973,100,98704,100,100002,100,98684,100,100028,100,98544,100,100078,100,98449,100,100154,100,98309,100,,,98287,100
2019-06-28 10:09:55.752414899,99262,157,99094,237,99310,100,99018,233,99405,233,98774,233,99542,233,98705,100,99951,100,98704,100,99973,100,98684,100,100002,100,98544,100,100028,100,98449,100,100078,100,98309,100,100154,100,98287,100
2019-06-28 10:10:00.000000000,99262,422,99094,502,99310,100,99018,100,99405,100,98774,100,99542,100,98705,100,99951,100,98704,100,99973,100,98684,100,100002,100,98544,100,100028,100,98449,100,100078,100,98309,100,100154,100,98287,100
2019-06-28 10:10:10.000000000,99262,221,99094,301,99310,301,99018,301,99405,100,98774,100,99542,100,98705,100,99951,100,98704,100,99973,100,98684,100,100002,100,98544,100,100028,100,98449,100,100078,100,98309,100,100154,100,98287,100
2019-06-28 10:10:20.000000000,99262,120,99094,200,99310,200,99018,200,99405,200,98774,200,99542,200,98705,200,99951,100,98704,100,99973,100,98684,100,100002,100,98544,100,100028,100,98449,100,100078,100,98309,100,100154,100,98287,100
2019-06-28 10:10:22.797996184,99262,120,99245,100,99310,200,99094,200,99405,200,99018,200,99542,200,98774,200,99951,100,98705,200,99973,100,98704,100,100002,100,98684,100,100028,100,98544,100,100078,100,98449,100,100154,100,98309,100
2019-06-28 10:10:30.000000000,99262,221,99245,301,99310,301,99094,301,99405,100,99018,100,99542,100,98774,100,99951,100,98705,100,99973,100,98704,100,100002,100,98684,100,100028,100,98544,100,100078,100,98449,100,100154,100,98309,100
2019-06-28 10:10:31.542537370,99262,121,99245,301,99310,301,99094,301,99405,100,99018,100,99542,100,98774,100,99951,100,98705,100,99973,100,98704,100,100002,100,98684,100,100078,100,98544,100,100154,100,98449,100,,,98309,100
2019-06-28 10:10:39.065582176,99262,21,99245,301,99310,301,99094,301,99405,100,99018,100,99542,100,98774,100,99951,100,98705,100,99973,100,98704,100,100002,100,98684,100,100078,100,98544,100,100154,100,98449,100,,,98309,100
2019-06-28 10:10:40.000000000,99310,237,99245,237,99405,233,99094,233,99542,233,99018,233,99951,100,98774,100,99973,100,98705,100,100002,100,98704,100,100078,100,98684,100,100154,100,98544,100,,,98449,100,,,98309,100
2019-06-28 10:10:50.000000000,99310,180,99245,180,99405,180,99094,180,99542,180,99018,180,99951,180,98774,180,99973,180,98705,180,100002,100,98704,100,100078,100,98684,100,100154,100,98544,100,,,98449,100,,,98309,100
2019-06-28 10:11:00.000000000,99310,237,99245,237,99405,233,99094,233,99542,233,99018,233,99951,100,98774,100,99973,100,98705,100,100002,100,98704,100,100078,100,98684,100,100154,100,98544,100,,,98449,100,,,98309,100
2019-06-28 10:11:10.000000000,99310,502,99245,502,99405,100,99094,100,99542,100,99018,100,99951,100,98774,100,99973,100,98705,100,100002,100,98704,100,100078,100,98684,100,100154,100,98544,100,,,98449,100,,,98309,100
2019-06-28 10:11:11.466286071,99310,502,99245,502,99405,100,99018,100,99542,100,98774,100,99951,100,98705,100,99973,100,98704,100,100002,100,98684,100,100078,100,98544,100,100154,100,98449,100,,,98309,100,,,98287,100
2019-06-28 10:11:17.132193926,99310,402,99245,502,99405,100,99018,100,99542,100,98774,100,99951,100,98705,100,99973,100,98704,100,100002,100,98684,100,100078,100,98544,100,100154,100,98449,100,,,98309,100,,,98287,100
2019-06-28 10:11:20.000000000,99405,301,99245,301,99542,301,99018,301,99951,100,98774,100,99973,100,98705,100,100002,100,98704,100,100078,100,98684,100,100154,100,98544,100,,,98449,100,,,98309,100,,,98287,100
2019-06-28 10:11:23.401478008,99405,301,99262,100,99542,301,99245,301,99951,100,99018,301,99973,100,98774,100,100002,100,98705,100,100078,100,98704,100,100154,100,98684,100,,,98544,100,,,98449,100,,,98309,100
2019-06-28 10:11:25.467275667,99405,301,99262,100,99542,301,99245,301,99630,100,99018,301,99951,100,98774,100,99973,100,98705,100,100002,100,98704,100,100078,100,98684,100,100154,100,98544,100,,,98449,100,,,98309,100
2019-06-28 10:11:28.785100150,99405,301,99343,100,99542,201,99262,100,99630,100,99245,301,99951,100,99018,301,99973,100,98774,100,100002,100,98705,100,100078,100,98704,100,100154,100,98684,100,,,98544,100,,,98449,100
2019-06-28 10:11:30.000000000,99405,200,99343,200,99630,200,99262,200,99951,200,99245,200,99973,200,99018,200,100002,100,98774,100,100078,100,98705,100,100154,100,98704,100,,,98684,100,,,98544,100,,,98449,100
