,ask_price_1,ask_size_1,bid_price_1,bid_size_1,ask_price_2,ask_size_2,bid_price_2,bid_size_2,ask_price_3,ask_size_3,bid_price_3,bid_size_3,ask_price_4,ask_size_4,bid_price_4,bid_size_4,ask_price_5,ask_size_5,bid_price_5,bid_size_5,ask_price_6,ask_size_6,bid_price_6,bid_size_6,ask_price_7,ask_size_7,bid_price_7,bid_size_7,ask_price_8,ask_size_8,bid_price_8,bid_size_8,ask_price_9,ask_size_9,bid_price_9,bid_size_9,ask_price_10,ask_size_10,bid_price_10,bid_size_10
2019-06-28 09:30:00.000000000,,,99978,100,,,,,,,,,,,,,,,,,,,,,,,,,,,,,,,,,,,,
2019-06-28 09:30:00.000000001,,,99998,100,,,99978,100,,,,,,,,,,,,,,,,,,,,,,,,,,,,,,,,
2019-06-28 09:30:00.000000002,,,99998,100,,,99978,100,,,99965,100,,,,,,,,,,,,,,,,,,,,,,,,,,,,
2019-06-28 09:30:00.000000003,,,99998,100,,,99978,100,,,99965,100,,,99935,100,,,,,,,,,,,,,,,,,,,,,,,,
2019-06-28 09:30:00.000000007,,,99998,100,,,99995,100,,,99978,100,,,99965,100,,,99935,100,,,,,,,,,,,,,,,,,,,,
2019-06-28 09:30:00.000000008,,,99998,100,,,99995,100,,,99978,100,,,99965,100,,,99935,100,,,99894,100,,,,,,,,,,,,,,,,
2019-06-28 09:30:00.000000011,,,100040,100,,,99998,100,,,99995,100,,,99978,100,,,99965,100,,,99935,100,,,99894,100,,,,,,,,,,,,
2019-06-28 09:30:00.000000012,,,99998,100,,,99995,100,,,99978,100,,,99965,100,,,99935,100,,,99894,100,,,,,,,,,,,,,,,,
2019-06-28 09:30:00.000000013,,,99998,100,,,99995,100,,,99978,100,,,99965,100,,,99935,100,,,99894,100,,,99793,100,,,,,,,,,,,,
2019-06-28 09:30:00.000000016,100071,100,99998,100,,,99995,100,,,99978,100,,,99965,100,,,99935,100,,,99894,100,,,99793,100,,,,,,,,,,,,
2019-06-28 09:30:00.000000020,100050,100,99998,100,100071,100,99995,100,,,99978,100,,,99965,100,,,99935,100,,,99894,100,,,99793,100,,,,,,,,,,,,
2019-06-28 09:30:00.000000021,100050,100,99998,100,100056,100,99995,100,100071,100,99978,100,,,99965,100,,,99935,100,,,99894,100,,,99793,100,,,,,,,,,,,,
2019-06-28 09:30:00.000000022,100050,100,100015,100,100056,100,99998,100,100071,100,99995,100,,,99978,100,,,99965,100,,,99935,100,,,99894,100,,,99793,100,,,,,,,,
2019-06-28 09:30:00.000000024,100037,100,100015,100,100050,100,99998,100,100056,100,99995,100,100064,100,99978,100,100071,100,99965,100,,,99935,100,,,99894,100,,,99793,100,,,,,,,,
2019-06-28 09:30:00.000000025,100037,100,100015,100,100050,100,99998,100,100056,100,99995,100,100064,100,99978,100,100071,100,99965,100,,,99935,100,,,99894,100,,,99877,100,,,99793,100,,,,
2019-06-28 09:30:00.000000026,100037,100,100015,100,100050,100,99998,100,100056,100,99995,100,100064,100,99978,100,100071,100,99965,100,,,99935,100,,,99894,100,,,99890,100,,,99877,100,,,99793,100
2019-06-28 09:30:00.000000027,100050,100,100015,100,100056,100,99998,100,100064,100,99995,100,100071,100,99978,100,,,99965,100,,,99935,100,,,99894,100,,,99890,100,,,99877,100,,,99793,100
2019-06-28 09:30:00.000000030,100050,100,100015,100,100056,100,99998,100,100064,100,99995,100,100071,100,99978,100,100203,100,99965,100,,,99935,100,,,99894,100,,,99890,100,,,99877,100,,,99793,100
2019-06-28 09:30:00.000000031,100050,100,100015,100,100056,100,99998,100,100064,100,99995,100,100071,100,99978,100,100203,100,99965,100,,,99935,100,,,99894,100,,,99890,100,,,99877,100,,,99863,100
2019-06-28 09:30:00.000000032,100056,100,100037,100,100064,100,100015,100,100071,100,99998,100,100203,100,99995,100,,,99978,100,,,99965,100,,,99935,100,,,99894,100,,,99890,100,,,99877,100
2019-06-28 09:30:00.000000035,100050,100,100015,100,100056,100,99998,100,100064,100,99995,100,100071,100,99978,100,100203,100,99965,100,,,99935,100,,,99894,100,,,99890,100,,,99877,100,,,99863,100
2019-06-28 09:30:00.000000036,100050,100,100015,100,100056,100,99998,100,100064,100,99995,100,100071,100,99978,100,100144,100,99965,100,100203,100,99935,100,,,99894,100,,,99890,100,,,99877,100,,,99863,100
2019-06-28 09:30:00.000000037,100050,100,100015,100,100056,100,99998,100,100064,100,99995,100,100071,100,99978,100,100144,100,99965,100,100203,100,99951,100,,,99935,100,,,99894,100,,,99890,100,,,99877,100
2019-06-28 09:30:00.000000038,100050,100,100015,100,100054,100,99998,100,100056,100,99995,100,100064,100,99978,100,100071,100,99965,100,100144,100,99951,100,100203,100,99935,100,,,99894,100,,,99890,100,,,99877,100
2019-06-28 09:30:00.000000039,100050,100,100015,100,100053,100,99998,100,100054,100,99995,100,100056,100,99978,100,100064,100,99965,100,100071,100,99951,100,100126,100,99935,100,100144,100,99894,100,100203,100,99890,100,,,99877,100
2019-06-28 09:30:00.000000040,100050,100,100037,100,100053,100,100015,100,100054,100,99998,100,100056,100,99995,100,100064,100,99978,100,100071,100,99965,100,100126,100,99952,100,100144,100,99951,100,100203,100,99935,100,,,99894,100
2019-06-28 09:30:00.000000041,100050,100,100037,100,100053,100,100017,100,100054,100,100015,100,100056,100,99998,100,100064,100,99995,100,100071,100,99978,100,100126,100,99965,100,100144,100,99952,100,100203,100,99951,100,,,99944,100
2019-06-28 09:30:00.000000042,100050,100,100037,200,100053,100,100017,100,100054,100,100015,100,100056,100,99998,100,100064,100,99995,100,100071,100,99978,100,100126,100,99965,100,100144,100,99952,100,100203,100,99951,100,,,99944,100
2019-06-28 09:30:00.000000043,100050,100,100037,200,100053,100,100017,100,100054,100,100015,100,100056,100,99998,200,100064,100,99995,100,100071,100,99978,100,100126,100,99965,100,100144,100,99958,100,100203,100,99952,100,,,99951,100
2019-06-28 09:30:00.000000045,100050,100,100037,200,100053,100,100017,100,100054,100,100015,100,100056,100,99998,200,100064,100,99995,100,100071,100,99978,100,100126,100,99965,100,100144,100,99958,100,100203,100,99952,100,,,99951,100
2019-06-28 09:30:00.000000049,100050,100,100037,300,100053,100,100017,100,100054,100,100015,100,100056,100,99998,200,100064,100,99995,100,100071,100,99978,200,100126,100,99965,100,100144,100,99958,100,100203,100,99952,100,,,99951,100
2019-06-28 09:30:00.000000051,100050,100,100037,300,100053,100,100017,100,100054,100,100015,100,100056,100,99998,200,100064,100,99995,100,100071,100,99978,200,100126,100,99965,100,100144,100,99958,100,100203,100,99952,100,,,99951,100
2019-06-28 09:30:00.000000052,100050,100,100037,300,100053,100,100017,100,100054,100,100015,100,100056,100,99998,200,100064,100,99995,100,100071,100,99978,200,100084,100,99965,100,100126,100,99958,100,100144,100,99952,100,100203,100,99951,100
2019-06-28 09:30:00.000000056,100050,200,100037,300,100053,100,100017,100,100054,100,100015,100,100056,100,99998,200,100064,100,99995,100,100071,100,99978,200,100084,100,99965,100,100126,100,99958,100,100144,100,99952,100,100203,100,99951,100
2019-06-28 09:30:00.000000057,100050,200,100037,200,100053,100,100017,100,100054,100,100015,100,100056,100,99998,200,100064,100,99995,100,100071,100,99978,200,100084,100,99965,100,100126,100,99958,100,100144,100,99952,100,100203,100,99951,100
2019-06-28 09:30:00.000000058,100050,200,100037,100,100053,100,100017,100,100054,100,100015,100,100056,100,99998,200,100064,100,99995,100,100071,100,99978,200,100084,100,99965,100,100126,100,99958,100,100144,100,99952,100,100203,100,99951,100
2019-06-28 09:30:00.000000061,100050,200,100017,100,100053,100,100015,100,100054,100,99998,200,100056,100,99995,100,100064,100,99978,200,100071,100,99965,100,100084,100,99958,100,100126,100,99952,100,100144,100,99951,100,100203,100,99948,100
2019-06-28 09:30:00.000000065,100050,200,100015,100,100053,100,99998,200,100054,100,99995,100,100056,100,99978,200,100064,100,99965,100,100071,100,99958,100,100084,100,99952,100,100126,100,99951,100,100144,100,99948,100,100203,100,99944,100
2019-06-28 09:30:00.000000067,100050,200,100015,100,100053,100,99998,200,100054,100,99995,100,100056,100,99978,200,100064,100,99965,100,100071,100,99958,100,100084,100,99952,100,100126,100,99951,100,100144,100,99948,100,100166,100,99944,100
2019-06-28 09:30:00.000000068,100037,100,100015,100,100050,200,99998,200,100053,100,99995,100,100054,100,99978,200,100056,100,99965,100,100064,100,99958,100,100071,100,99952,100,100084,100,99951,100,100126,100,99948,100,100144,100,99944,100
2019-06-28 09:30:00.000000069,100037,100,100015,100,100050,200,99998,200,100053,100,99995,100,100054,100,99978,200,100056,100,99965,100,100064,100,99958,100,100071,100,99952,100,100084,100,99951,100,100126,100,99948,100,100144,100,99944,100
2019-06-28 09:30:00.000000070,100037,200,100015,100,100050,200,99998,200,100053,100,99995,100,100054,100,99978,200,100056,100,99965,100,100064,100,99958,100,100071,100,99952,100,100084,100,99951,100,100126,100,99948,100,100144,100,99944,100
2019-06-28 09:30:00.000000071,100019,100,100015,100,100037,200,99998,200,100050,200,99995,100,100053,100,99978,200,100054,100,99965,100,100056,100,99958,100,100064,100,99952,100,100071,100,99951,100,100084,100,99948,100,100108,100,99944,100
2019-06-28 09:30:00.000000072,100037,200,100015,100,100050,200,99998,200,100053,100,99995,100,100054,100,99978,200,100056,100,99965,100,100064,100,99958,100,100071,100,99952,100,100084,100,99951,100,100108,100,99948,100,100126,100,99944,100
2019-06-28 09:30:00.000000078,100019,200,100015,100,100037,200,99998,200,100050,200,99995,100,100053,100,99978,200,100054,100,99965,100,100056,100,99958,100,100064,100,99952,100,100071,100,99951,100,100084,100,99948,100,100108,100,99944,100
2019-06-28 09:30:00.000000080,100019,100,100015,100,100037,200,99998,200,100050,200,99995,100,100053,100,99978,200,100054,100,99965,100,100056,100,99958,100,100064,100,99952,100,100071,100,99951,100,100084,100,99948,100,100108,100,99944,100
2019-06-28 09:30:00.000000081,100019,100,99998,200,100037,200,99995,100,100050,200,99978,200,100053,100,99965,100,100054,100,99958,100,100056,100,99952,100,100064,100,99951,100,100071,100,99948,100,100084,100,99944,100,100108,100,99936,100
2019-06-28 09:30:00.000000083,100019,100,99998,200,100037,200,99995,100,100050,200,99978,200,100053,100,99965,100,100054,100,99958,100,100056,100,99952,100,100064,100,99951,100,100071,100,99948,100,100084,100,99944,100,100108,100,99940,100
2019-06-28 09:30:00.000000087,100019,100,99998,200,100033,100,99995,100,100037,200,99978,200,100050,200,99965,100,100053,100,99958,100,100054,100,99952,100,100056,100,99951,100,100064,100,99948,100,100071,100,99944,100,100084,100,99940,100
2019-06-28 09:30:00.000000088,100019,100,99998,200,100033,100,99995,100,100037,200,99978,200,100050,200,99965,100,100053,100,99958,100,100054,100,99952,100,100056,100,99951,100,100064,100,99948,100,100071,100,99946,100,100084,100,99944,100
2019-06-28 09:30:00.000000089,100019,100,99998,300,100033,100,99995,100,100037,200,99978,200,100050,200,99965,100,100053,100,99958,100,100054,100,99952,100,100056,100,99951,100,100064,100,99948,100,100071,100,99946,100,100084,100,99944,100
2019-06-28 09:30:00.000000090,100019,100,100015,100,100033,100,99998,300,100037,200,99995,100,100050,200,99978,200,100053,100,99965,100,100054,100,99958,100,100056,100,99952,100,100064,100,99951,100,100071,100,99948,100,100084,100,99946,100
2019-06-28 09:30:00.000000094,100019,100,100015,100,100033,100,99998,300,100037,200,99995,100,100050,200,99978,200,100053,100,99965,100,100054,100,99958,100,100056,100,99952,100,100064,100,99951,100,100071,100,99948,100,100084,100,99946,100
2019-06-28 09:30:00.000000096,100019,100,100015,100,100033,100,99998,300,100037,200,99995,100,100050,200,99978,200,100053,100,99965,100,100054,100,99958,100,100056,100,99952,100,100064,100,99951,100,100071,100,99948,100,100084,100,99946,100
2019-06-28 09:30:03.992670158,100019,100,100015,100,100033,100,99998,300,100037,200,99995,100,100050,200,99978,100,100053,100,99965,100,100054,100,99958,100,100056,100,99952,100,100064,100,99951,100,100071,100,99948,100,100084,100,99946,100
2019-06-28 09:30:10.000000000,100019,540,100015,540,100033,100,99998,300,100037,200,99995,100,100050,200,99978,100,100053,100,99965,100,100054,100,99958,100,100056,100,99952,100,100064,100,99951,100,100071,100,99948,100,100084,100,99946,100
2019-06-28 09:30:20.000000000,100019,250,100015,250,100033,245,99998,445,100037,345,99995,245,100050,200,99978,100,100053,100,99965,100,100054,100,99958,100,100056,100,99952,100,100064,100,99951,100,100071,100,99948,100,100084,100,99946,100
2019-06-28 09:30:25.525502687,100019,250,100015,350,100033,245,99998,445,100037,245,99995,245,100050,200,99978,100,100053,100,99965,100,100054,100,99958,100,100056,100,99952,100,100064,100,99951,100,100071,100,99948,100,100084,100,99946,100
2019-06-28 09:30:30.000000000,100019,210,100015,310,100033,210,99998,410,100037,210,99995,210,100050,310,99978,210,100053,100,99965,100,100054,100,99958,100,100056,100,99952,100,100064,100,99951,100,100071,100,99948,100,100084,100,99946,100
2019-06-28 09:30:35.423818236,100019,210,100015,310,100033,210,99998,410,100037,210,99995,210,100050,310,99978,210,100053,100,99965,100,100054,100,99958,100,100056,100,99952,100,100064,100,99951,100,100071,100,99948,100,100084,100,99946,100
2019-06-28 09:30:40.000000000,100019,540,100015,640,100033,100,99998,300,100037,100,99995,100,100050,200,99978,100,100053,100,99965,100,100054,100,99958,100,100056,100,99952,100,100064,100,99951,100,100071,100,99948,100,100084,100,99946,100
2019-06-28 09:30:47.524470269,100019,540,100015,640,100033,100,99998,300,100037,100,99995,100,100050,200,99978,100,100053,100,99965,100,100054,100,99958,100,100056,100,99952,100,100064,100,99951,100,100071,100,99948,100,100084,100,99944,100
2019-06-28 09:30:50.000000000,100019,320,100015,420,100033,320,99998,520,100037,100,99995,100,100050,200,99978,100,100053,100,99965,100,100054,100,99958,100,100056,100,99952,100,100064,100,99951,100,100071,100,99948,100,100084,100,99944,100
2019-06-28 09:31:00.000000000,100019,188,100015,288,100033,188,99998,388,100037,188,99995,188,100050,288,99978,188,100053,188,99965,188,100054,100,99958,100,100056,100,99952,100,100064,100,99951,100,100071,100,99948,100,100084,100,99944,100
2019-06-28 09:31:10.000000000,100019,540,100015,640,100033,100,99998,300,100037,100,99995,100,100050,200,99978,100,100053,100,99965,100,100054,100,99958,100,100056,100,99952,100,100064,100,99951,100,100071,100,99948,100,100084,100,99944,100
2019-06-28 09:31:20.000000000,100019,250,100015,350,100033,245,99998,445,100037,245,99995,245,100050,200,99978,100,100053,100,99965,100,100054,100,99958,100,100056,100,99952,100,100064,100,99951,100,100071,100,99948,100,100084,100,99944,100
2019-06-28 09:31:30.000000000,100019,540,100015,640,100033,100,99998,300,100037,100,99995,100,100050,200,99978,100,100053,100,99965,100,100054,100,99958,100,100056,100,99952,100,100064,100,99951,100,100071,100,99948,100,100084,100,99944,100
2019-06-28 09:31:30.847140063,100019,540,100015,640,100033,100,99998,300,100037,100,99995,100,100050,200,99978,100,100053,100,99965,100,100054,100,99958,100,100056,100,99952,100,100064,100,99951,100,100071,100,99948,100,100084,100,99944,100
2019-06-28 09:31:40.000000000,100019,188,100015,288,100033,188,99998,388,100037,188,99995,188,100050,288,99978,188,100053,188,99965,188,100054,100,99958,100,100056,100,99952,100,100064,100,99951,100,100071,100,99948,100,100084,100,99944,100
2019-06-28 09:31:47.739121729,100019,188,100015,288,100033,188,99998,388,100037,188,99995,188,100050,288,99978,188,100053,188,99965,188,100054,100,99958,100,100056,100,99952,100,100064,100,99948,100,100071,100,99944,100,100084,100,99936,100
2019-06-28 09:31:50.000000000,100019,188,100015,288,100033,188,99998,388,100037,188,99995,188,100050,288,99978,188,100053,188,99965,188,100054,100,99958,100,100056,100,99952,100,100064,100,99948,100,100071,100,99944,100,100084,100,99936,100
2019-06-28 09:31:50.893058124,100019,188,100015,288,100033,188,99998,388,100037,188,99995,188,100050,288,99978,188,100053,188,99965,188,100054,100,99958,100,100056,100,99952,100,100064,100,99948,100,100071,100,99944,100,100084,100,99936,100
2019-06-28 09:32:00.000000000,100019,320,100015,420,100033,320,99998,520,100037,100,99995,100,100050,200,99978,100,100053,100,99965,100,100054,100,99958,100,100056,100,99952,100,100064,100,99948,100,100071,100,99944,100,100084,100,99936,100
2019-06-28 09:32:10.000000000,100019,210,100015,310,100033,210,99998,410,100037,210,99995,210,100050,310,99978,210,100053,100,99965,100,100054,100,99958,100,100056,100,99952,100,100064,100,99948,100,100071,100,99944,100,100084,100,99936,100
2019-06-28 09:32:18.197210770,100019,110,100015,310,100033,210,99998,410,100037,210,99995,210,100050,310,99978,210,100053,100,99965,100,100054,100,99958,100,100056,100,99952,100,100064,100,99948,100,100071,100,99944,100,100084,100,99936,100
2019-06-28 09:32:20.000000000,100033,540,100015,640,100037,100,99998,300,100050,200,99995,100,100053,100,99978,100,100054,100,99965,100,100056,100,99958,100,100064,100,99952,100,100071,100,99948,100,100084,100,99944,100,100108,100,99936,100
2019-06-28 09:32:23.254850757,100033,540,100015,640,100037,100,99998,300,100050,200,99995,100,100053,100,99978,100,100054,100,99965,100,100056,100,99958,100,100064,100,99952,100,100071,100,99948,100,100084,100,99944,100,100108,100,99936,100
2019-06-28 09:32:23.519723196,100033,540,100015,640,100037,100,99998,300,100050,200,99995,100,100053,100,99978,100,100054,100,99965,100,100056,100,99958,100,100064,100,99952,100,100071,100,99948,100,100084,100,99944,100,100108,100,99935,100
2019-06-28 09:32:28.895351350,100033,440,100015,640,100037,100,99998,300,100050,200,99995,100,100053,100,99978,100,100054,100,99965,100,100056,100,99958,100,100064,100,99952,100,100071,100,99948,100,100084,100,99944,100,100108,100,99935,100
2019-06-28 09:32:30.000000000,100037,188,100015,288,100050,288,99998,388,100053,188,99995,188,100054,188,99978,188,100056,188,99965,188,100064,100,99958,100,100071,100,99952,100,100084,100,99948,100,100108,100,99944,100,100126,200,99935,100
2019-06-28 09:32:40.000000000,100037,320,100015,420,100050,420,99998,520,100053,100,99995,100,100054,100,99978,100,100056,100,99965,100,100064,100,99958,100,100071,100,99952,100,100084,100,99948,100,100108,100,99944,100,100126,200,99935,100
2019-06-28 09:32:42.222343914,100037,320,100019,100,100050,420,100015,420,100053,100,99998,520,100054,100,99995,100,100056,100,99978,100,100064,100,99965,100,100071,100,99958,100,100084,100,99952,100,100108,100,99948,100,100126,200,99944,100
2019-06-28 09:32:50.000000000,100037,250,100019,250,100050,345,100015,345,100053,245,99998,445,100054,100,99995,100,100056,100,99978,100,100064,100,99965,100,100071,100,99958,100,100084,100,99952,100,100108,100,99948,100,100126,200,99944,100
2019-06-28 09:32:58.908418158,100037,250,100019,250,100050,345,100015,345,100053,245,99998,445,100054,100,99995,100,100056,100,99978,100,100064,100,99965,100,100071,100,99958,100,100084,100,99952,100,100108,100,99948,100,100126,200,99944,100
2019-06-28 09:33:00.000000000,100037,320,100019,320,100050,420,100015,420,100053,100,99998,300,100054,100,99995,100,100056,100,99978,100,100064,100,99965,100,100071,100,99958,100,100084,100,99952,100,100108,100,99948,100,100126,200,99944,100
2019-06-28 09:33:10.000000000,100037,320,100019,320,100050,420,100015,420,100053,100,99998,300,100054,100,99995,100,100056,100,99978,100,100064,100,99965,100,100071,100,99958,100,100084,100,99952,100,100108,100,99948,100,100126,200,99944,100
2019-06-28 09:33:12.203946020,100037,320,100019,320,100050,420,100015,420,100053,100,99998,300,100054,100,99995,100,100055,100,99978,100,100056,100,99965,100,100064,100,99952,100,100071,100,99948,100,100084,100,99944,100,100108,100,99935,100
2019-06-28 09:33:20.000000000,100037,188,100019,188,100050,288,100015,288,100053,188,99998,388,100054,188,99995,188,100055,188,99978,188,100056,100,99965,100,100064,100,99952,100,100071,100,99948,100,100084,100,99944,100,100108,100,99935,100
2019-06-28 09:33:30.000000000,100037,188,100019,188,100050,288,100015,288,100053,188,99998,388,100054,188,99995,188,100055,188,99978,188,100056,100,99965,100,100064,100,99952,100,100071,100,99948,100,100084,100,99944,100,100108,100,99935,100
2019-06-28 09:33:40.000000000,100037,250,100019,250,100050,345,100015,345,100053,245,99998,445,100054,100,99995,100,100055,100,99978,100,100056,100,99965,100,100064,100,99952,100,100071,100,99948,100,100084,100,99944,100,100108,100,99935,100
2019-06-28 09:33:40.437211096,100037,250,100019,250,100050,345,100015,345,100053,245,99998,445,100054,100,99995,100,100055,100,99978,100,100056,100,99965,100,100071,100,99952,100,100084,100,99948,100,100108,100,99944,100,100126,200,99935,100
2019-06-28 09:33:50.000000000,100037,250,100019,250,100050,345,100015,345,100053,245,99998,445,100054,100,99995,100,100055,100,99978,100,100056,100,99965,100,100071,100,99952,100,100084,100,99948,100,100108,100,99944,100,100126,200,99935,100
2019-06-28 09:33:50.034596853,100037,250,100019,350,100050,345,100015,345,100053,245,99998,445,100054,100,99995,100,100055,100,99978,100,100056,100,99965,100,100071,100,99952,100,100084,100,99948,100,100108,100,99944,100,100126,200,99935,100
2019-06-28 09:33:59.279704299,100037,150,100019,350,100050,345,100015,345,100053,245,99998,445,100054,100,99995,100,100055,100,99978,100,100056,100,99965,100,100071,100,99952,100,100084,100,99948,100,100108,100,99944,100,100126,200,99935,100
2019-06-28 09:34:00.000000000,100050,420,100019,420,100053,320,100015,420,100054,100,99998,300,100055,100,99995,100,100056,100,99978,100,100071,100,99965,100,100084,100,99952,100,100108,100,99948,100,100126,200,99944,100,100131,200,99935,100
2019-06-28 09:34:06.077365842,100050,420,100033,100,100053,320,100019,420,100054,100,100015,420,100055,100,99998,300,100056,100,99995,100,100071,100,99978,100,100084,100,99965,100,100108,100,99952,100,100126,200,99948,100,100131,200,99944,100
2019-06-28 09:34:07.704706291,100050,420,100019,420,100053,320,100015,420,100054,100,99998,300,100055,100,99995,100,100056,100,99978,100,100071,100,99965,100,100084,100,99952,100,100108,100,99948,100,100126,100,99944,100,100131,200,99935,100
2019-06-28 09:34:10.000000000,100050,420,100019,420,100053,320,100015,420,100054,100,99998,300,100055,100,99995,100,100056,100,99978,100,100071,100,99965,100,100084,100,99952,100,100108,100,99948,100,100126,100,99944,100,100131,200,99935,100
2019-06-28 09:34:20.000000000,100050,310,100019,310,100053,210,100015,310,100054,210,99998,410,100055,210,99995,210,100056,100,99978,100,100071,100,99965,100,100084,100,99952,100,100108,100,99948,100,100126,100,99944,100,100131,200,99935,100
2019-06-28 09:34:30.000000000,100050,288,100019,288,100053,188,100015,288,100054,188,99998,388,100055,188,99995,188,100056,188,99978,188,100071,100,99965,100,100084,100,99952,100,100108,100,99948,100,100126,100,99944,100,100131,200,99935,100
2019-06-28 09:34:40.000000000,100050,288,100019,288,100053,188,100015,288,100054,188,99998,388,100055,188,99995,188,100056,188,99978,188,100071,100,99965,100,100084,100,99952,100,100108,100,99948,100,100126,100,99944,100,100131,200,99935,100
2019-06-28 09:34:47.231277134,100036,100,100019,288,100050,288,100015,288,100053,188,99998,388,100054,188,99995,188,100055,188,99978,188,100056,188,99965,100,100071,100,99952,100,100084,100,99948,100,100108,100,99944,100,100126,100,99935,100
2019-06-28 09:34:50.000000000,100036,540,100019,640,100050,200,100015,200,100053,100,99998,300,100054,100,99995,100,100055,100,99978,100,100056,100,99965,100,100071,100,99952,100,100084,100,99948,100,100108,100,99944,100,100126,100,99935,100
2019-06-28 09:35:00.000000000,100036,320,100019,420,100050,420,100015,420,100053,100,99998,300,100054,100,99995,100,100055,100,99978,100,100056,100,99965,100,100071,100,99952,100,100084,100,99948,100,100108,100,99944,100,100126,100,99935,100
2019-06-28 09:35:10.000000000,100036,250,100019,350,100050,345,100015,345,100053,245,99998,445,100054,100,99995,100,100055,100,99978,100,100056,100,99965,100,100071,100,99952,100,100084,100,99948,100,100108,100,99944,100,100126,100,99935,100
2019-06-28 09:35:20.000000000,100036,320,100019,420,100050,420,100015,420,100053,100,99998,300,100054,100,99995,100,100055,100,99978,100,100056,100,99965,100,100071,100,99952,100,100084,100,99948,100,100108,100,99944,100,100126,100,99935,100
2019-06-28 09:35:30.000000000,100036,540,100019,640,100050,200,100015,200,100053,100,99998,300,100054,100,99995,100,100055,100,99978,100,100056,100,99965,100,100071,100,99952,100,100084,100,99948,100,100108,100,99944,100,100126,100,99935,100
2019-06-28 09:35:32.064653471,100036,540,100019,640,100050,200,100015,200,100053,100,99998,200,100054,100,99995,100,100055,100,99978,100,100056,100,99965,100,100071,100,99952,100,100084,100,99948,100,100108,100,99944,100,100126,100,99935,100
2019-06-28 09:35:39.593153012,100036,540,100019,640,100050,200,100015,200,100053,100,99998,200,100054,100,99995,100,100055,100,99978,100,100056,100,99965,100,100071,100,99952,100,100084,100,99948,100,100108,100,99944,100,100126,100,99935,100
2019-06-28 09:35:40.000000000,100036,210,100019,310,100050,310,100015,310,100053,210,99998,310,100054,210,99995,210,100055,100,99978,100,100056,100,99965,100,100071,100,99952,100,100084,100,99948,100,100108,100,99944,100,100126,100,99935,100
2019-06-28 09:35:43.489766442,100036,210,100019,310,100050,310,100015,310,100053,210,99998,310,100054,210,99995,110,100055,100,99978,100,100056,100,99965,100,100071,100,99952,100,100084,100,99948,100,100108,100,99944,100,100126,100,99935,100
2019-06-28 09:35:50.000000000,100036,210,100019,310,100050,310,100015,310,100053,210,99998,310,100054,210,99978,210,100055,100,99965,100,100056,100,99952,100,100071,100,99948,100,100084,100,99944,100,100108,100,99935,100,100126,100,99899,100
2019-06-28 09:35:52.310778035,100036,210,100019,310,100050,310,100015,310,100053,210,99998,310,100054,210,99978,210,100055,100,99965,100,100056,100,99952,100,100071,100,99948,100,100084,100,99944,100,100108,100,99935,100,100126,100,99899,100
2019-06-28 09:36:00.000000000,100036,540,100019,640,100050,200,100015,200,100053,100,99998,200,100054,100,99978,100,100055,100,99965,100,100056,100,99952,100,100071,100,99948,100,100084,100,99944,100,100108,100,99935,100,100126,100,99899,100
2019-06-28 09:36:10.000000000,100036,320,100019,420,100050,420,100015,420,100053,100,99998,200,100054,100,99978,100,100055,100,99965,100,100056,100,99952,100,100071,100,99948,100,100084,100,99944,100,100108,100,99935,100,100126,100,99899,100
2019-06-28 09:36:11.529852044,100036,220,100019,420,100050,420,100015,420,100053,100,99998,200,100054,100,99978,100,100055,100,99965,100,100056,100,99952,100,100071,100,99948,100,100084,100,99944,100,100108,100,99935,100,100126,100,99899,100
2019-06-28 09:36:13.724512914,100036,220,100019,420,100050,420,100015,420,100053,100,99998,200,100054,100,99980,100,100056,100,99978,100,100071,100,99965,100,100084,100,99952,100,100108,100,99948,100,100126,100,99944,100,100131,200,99935,100
2019-06-28 09:36:20.000000000,100050,640,100019,640,100053,100,100015,200,100054,100,99998,200,100056,100,99980,100,100071,100,99978,100,100084,100,99965,100,100108,100,99952,100,100126,100,99948,100,100131,200,99944,100,100144,100,99935,100
2019-06-28 09:36:30.000000000,100050,350,100019,350,100053,245,100015,345,100054,245,99998,345,100056,100,99980,100,100071,100,99978,100,100084,100,99965,100,100108,100,99952,100,100126,100,99948,100,100131,200,99944,100,100144,100,99935,100
2019-06-28 09:36:30.257437798,100050,350,100019,350,100053,245,100015,345,100054,245,99998,345,100056,100,99980,100,100084,100,99978,100,100108,100,99965,100,100126,100,99952,100,100131,200,99948,100,100144,100,99944,100,100146,100,99935,100
2019-06-28 09:36:33.574469743,100050,350,100019,250,100053,245,100015,345,100054,245,99998,345,100056,100,99980,100,100084,100,99978,100,100108,100,99965,100,100126,100,99952,100,100131,200,99948,100,100144,100,99944,100,100146,100,99935,100
2019-06-28 09:36:40.000000000,100050,310,100019,210,100053,210,100015,310,100054,210,99998,310,100056,210,99980,210,100084,100,99978,100,100108,100,99965,100,100126,100,99952,100,100131,200,99948,100,100144,100,99944,100,100146,100,99935,100
2019-06-28 09:36:50.000000000,100050,288,100019,188,100053,188,100015,288,100054,188,99998,288,100056,188,99980,188,100084,188,99978,188,100108,100,99965,100,100126,100,99952,100,100131,200,99948,100,100144,100,99944,100,100146,100,99935,100
2019-06-28 09:36:57.685290576,100035,100,100019,188,100050,288,100015,288,100053,188,99998,288,100054,188,99980,188,100056,188,99978,188,100084,188,99965,100,100108,100,99952,100,100126,100,99948,100,100131,200,99944,100,100144,100,99935,100
2019-06-28 09:37:00.000000000,100035,250,100019,250,100050,345,100015,345,100053,245,99998,345,100054,100,99980,100,100056,100,99978,100,100084,100,99965,100,100108,100,99952,100,100126,100,99948,100,100131,200,99944,100,100144,100,99935,100
2019-06-28 09:37:10.000000000,100035,250,100019,250,100050,345,100015,345,100053,245,99998,345,100054,100,99980,100,100056,100,99978,100,100084,100,99965,100,100108,100,99952,100,100126,100,99948,100,100131,200,99944,100,100144,100,99935,100
2019-06-28 09:37:10.078752405,100035,350,100019,250,100050,345,100015,345,100053,245,99998,345,100054,100,99980,100,100056,100,99978,100,100084,100,99965,100,100108,100,99952,100,100126,100,99948,100,100131,200,99944,100,100144,100,99935,100
2019-06-28 09:37:20.000000000,100035,288,100019,188,100050,288,100015,288,100053,188,99998,288,100054,188,99980,188,100056,188,99978,188,100084,100,99965,100,100108,100,99952,100,100126,100,99948,100,100131,200,99944,100,100144,100,99935,100
2019-06-28 09:37:30.000000000,100035,420,100019,320,100050,420,100015,420,100053,100,99998,200,100054,100,99980,100,100056,100,99978,100,100084,100,99965,100,100108,100,99952,100,100126,100,99948,100,100131,200,99944,100,100144,100,99935,100
2019-06-28 09:37:36.890353549,100035,520,100019,320,100050,420,100015,420,100053,100,99998,200,100054,100,99980,100,100056,100,99978,100,100084,100,99965,100,100108,100,99952,100,100126,100,99948,100,100131,200,99944,100,100144,100,99935,100
2019-06-28 09:37:38.145477033,100035,520,100019,320,100050,420,100015,420,100053,100,99998,200,100054,100,99980,100,100056,100,99978,100,100084,100,99952,100,100108,100,99948,100,100126,100,99944,100,100131,200,99935,100,100144,100,99899,100
2019-06-28 09:37:40.000000000,100035,520,100019,320,100050,420,100015,420,100053,100,99998,200,100054,100,99980,100,100056,100,99978,100,100084,100,99952,100,100108,100,99948,100,100126,100,99944,100,100131,200,99935,100,100144,100,99899,100
2019-06-28 09:37:50.000000000,100035,740,100019,540,100050,200,100015,200,100053,100,99998,200,100054,100,99980,100,100056,100,99978,100,100084,100,99952,100,100108,100,99948,100,100126,100,99944,100,100131,200,99935,100,100144,100,99899,100
2019-06-28 09:38:00.000000000,100035,410,100019,210,100050,310,100015,310,100053,210,99998,310,100054,210,99980,210,100056,100,99978,100,100084,100,99952,100,100108,100,99948,100,100126,100,99944,100,100131,200,99935,100,100144,100,99899,100
2019-06-28 09:38:00.080550553,100035,410,100019,210,100050,310,100015,310,100053,210,99998,310,100054,210,99980,210,100056,100,99978,100,100084,100,99952,100,100108,100,99948,100,100126,100,99944,100,100131,200,99935,100,100144,100,99899,100
2019-06-28 09:38:10.000000000,100035,520,100019,320,100050,420,100015,420,100053,100,99998,200,100054,100,99980,100,100056,100,99978,100,100084,100,99952,100,100108,100,99948,100,100126,100,99944,100,100131,200,99935,100,100144,100,99899,100
2019-06-28 09:38:12.187447334,100035,520,100019,220,100050,420,100015,420,100053,100,99998,100,100054,100,99980,100,100056,100,99978,100,100084,100,99952,100,100108,100,99948,100,100126,100,99944,100,100131,200,99935,100,100144,100,99899,100
2019-06-28 09:38:14.759697916,100035,520,100019,120,100050,420,100015,420,100053,100,99980,100,100054,100,99978,100,100056,100,99952,100,100084,100,99948,100,100108,100,99944,100,100126,100,99935,100,100131,200,99899,100,100144,100,99894,100
2019-06-28 09:38:20.000000000,100035,410,100015,310,100050,310,99980,210,100053,210,99978,210,100054,210,99952,210,100056,100,99948,100,100084,100,99944,100,100108,100,99935,100,100126,100,99899,100,100131,200,99894,100,100144,100,99891,100
2019-06-28 09:38:21.456860745,100035,410,100015,310,100050,310,99980,210,100053,210,99978,210,100054,210,99952,210,100056,100,99948,100,100084,100,99944,100,100108,100,99935,100,100126,100,99899,100,100131,200,99894,100,100144,100,99891,100
2019-06-28 09:38:30.000000000,100035,410,100015,310,100050,310,99980,210,100053,210,99978,210,100054,210,99952,210,100056,100,99948,100,100084,100,99944,100,100108,100,99935,100,100126,100,99899,100,100131,200,99894,100,100144,100,99891,100
2019-06-28 09:38:30.396024140,100035,410,100015,310,100050,310,99980,210,100053,210,99978,210,100054,210,99952,210,100056,100,99948,100,100084,100,99944,100,100108,100,99935,100,100126,100,99899,100,100131,200,99894,100,100144,100,99891,100
2019-06-28 09:38:36.061852861,100035,410,100015,210,100050,310,99980,210,100053,210,99978,210,100054,210,99952,210,100056,100,99948,100,100084,100,99944,100,100108,100,99935,100,100126,100,99899,100,100131,200,99894,100,100144,100,99891,100
2019-06-28 09:38:40.000000000,100035,740,100015,540,100050,200,99980,100,100053,100,99978,100,100054,100,99952,100,100056,100,99948,100,100084,100,99944,100,100108,100,99935,100,100126,100,99899,100,100131,200,99894,100,100144,100,99891,100
2019-06-28 09:38:50.000000000,100035,388,100015,188,100050,288,99980,188,100053,188,99978,188,100054,188,99952,188,100056,188,99948,188,100084,100,99944,100,100108,100,99935,100,100126,100,99899,100,100131,200,99894,100,100144,100,99891,100
2019-06-28 09:38:58.185886730,100035,388,100015,88,100050,288,99980,188,100053,188,99978,188,100054,188,99952,188,100056,188,99948,188,100084,100,99944,100,100108,100,99935,100,100126,100,99899,100,100131,200,99894,100,100144,100,99891,100
2019-06-28 09:39:00.000000000,100035,740,99980,540,100050,200,99978,100,100053,100,99952,100,100054,100,99948,100,100056,100,99944,100,100084,100,99935,100,100108,100,99899,100,100126,100,99894,100,100131,200,99891,100,100144,100,99890,100
2019-06-28 09:39:10.000000000,100035,740,99980,540,100050,200,99978,100,100053,100,99952,100,100054,100,99948,100,100056,100,99944,100,100084,100,99935,100,100108,100,99899,100,100126,100,99894,100,100131,200,99891,100,100144,100,99890,100
2019-06-28 09:39:10.819232146,100035,740,99980,540,100050,200,99978,100,100053,100,99952,100,100054,100,99948,100,100056,100,99944,100,100084,100,99935,100,100108,100,99899,100,100126,100,99894,100,100131,200,99891,100,100144,100,99890,100
2019-06-28 09:39:12.048651274,100035,740,99980,440,100050,200,99978,100,100053,100,99952,100,100054,100,99948,100,100056,100,99944,100,100084,100,99935,100,100108,100,99899,100,100126,100,99894,100,100131,200,99891,100,100144,100,99890,100
2019-06-28 09:39:14.380267452,100035,740,99980,440,100050,200,99978,100,100053,100,99952,100,100054,100,99948,100,100056,100,99944,100,100084,100,99935,100,100108,100,99899,100,100126,100,99894,100,100131,200,99891,100,100144,100,99890,100
2019-06-28 09:39:20.000000000,100035,740,99978,540,100050,200,99952,100,100053,100,99948,100,100054,100,99944,100,100056,100,99935,100,100084,100,99899,100,100108,100,99894,100,100126,100,99891,100,100131,200,99890,100,100144,100,99882,100
2019-06-28 09:39:21.296332733,100035,740,99978,540,100050,200,99952,100,100053,100,99948,100,100054,100,99944,100,100056,100,99935,100,100084,100,99899,100,100108,100,99894,100,100126,100,99891,100,100131,200,99890,100,100144,100,99882,100
2019-06-28 09:39:24.663254615,100035,740,99978,540,100050,200,99952,100,100053,100,99948,100,100056,100,99944,100,100084,100,99935,100,100108,100,99899,100,100126,100,99894,100,100131,200,99891,100,100144,100,99890,100,100146,100,99882,100
2019-06-28 09:39:30.000000000,100035,388,99978,188,100050,288,99952,188,100053,188,99948,188,100056,188,99944,188,100084,188,99935,188,100108,100,99899,100,100126,100,99894,100,100131,200,99891,100,100144,100,99890,100,100146,100,99882,100
2019-06-28 09:39:40.000000000,100035,450,99978,250,100050,345,99952,245,100053,245,99948,245,100056,100,99944,100,100084,100,99935,100,100108,100,99899,100,100126,100,99894,100,100131,200,99891,100,100144,100,99890,100,100146,100,99882,100
2019-06-28 09:39:49.661163627,100035,450,99988,100,100050,345,99978,250,100053,245,99952,245,100056,100,99948,245,100084,100,99944,100,100108,100,99935,100,100126,100,99899,100,100131,200,99894,100,100144,100,99891,100,100146,100,99890,100
2019-06-28 09:39:50.000000000,100035,388,99988,188,100050,288,99978,188,100053,188,99952,188,100056,188,99948,188,100084,188,99944,188,100108,100,99935,100,100126,100,99899,100,100131,200,99894,100,100144,100,99891,100,100146,100,99890,100
2019-06-28 09:39:53.001073389,100035,288,99988,188,100050,288,99978,188,100053,188,99952,188,100056,188,99948,88,100084,188,99944,188,100108,100,99935,100,100126,100,99899,100,100131,200,99894,100,100144,100,99891,100,100146,100,99890,100
2019-06-28 09:40:00.000000000,100035,350,99988,250,100050,345,99978,245,100053,245,99952,245,100056,100,99944,100,100084,100,99935,100,100108,100,99899,100,100126,100,99894,100,100131,200,99891,100,100144,100,99890,100,100146,100,99882,100
2019-06-28 09:40:01.587116905,100035,350,99988,250,100050,345,99978,245,100053,245,99952,245,100056,100,99944,100,100084,100,99935,100,100108,100,99899,100,100126,100,99894,100,100131,200,99891,100,100144,100,99890,100,100146,100,99882,100
2019-06-28 09:40:02.111025546,100035,250,99988,250,100050,345,99978,245,100053,245,99952,245,100056,100,99944,100,100084,100,99935,100,100108,100,99899,100,100126,100,99894,100,100131,200,99891,100,100144,100,99890,100,100146,100,99863,100
2019-06-28 09:40:10.000000000,100035,250,99988,250,100050,345,99978,245,100053,245,99952,245,100056,100,99944,100,100084,100,99935,100,100108,100,99899,100,100126,100,99894,100,100131,200,99891,100,100144,100,99890,100,100146,100,99863,100
2019-06-28 09:40:20.000000000,100035,540,99988,540,100050,200,99978,100,100053,100,99952,100,100056,100,99944,100,100084,100,99935,100,100108,100,99899,100,100126,100,99894,100,100131,200,99891,100,100144,100,99890,100,100146,100,99863,100
2019-06-28 09:40:28.077982256,100035,440,99988,540,100050,200,99978,100,100053,100,99952,100,100056,100,99944,100,100084,100,99935,100,100108,100,99899,100,100126,100,99894,100,100131,200,99891,100,100144,100,99890,100,100146,100,99815,100
2019-06-28 09:40:30.000000000,100050,310,99988,210,100053,210,99978,210,100056,210,99952,210,100084,210,99944,210,100108,100,99935,100,100126,100,99899,100,100131,200,99894,100,100144,100,99891,100,100146,100,99890,100,100166,100,99815,100
2019-06-28 09:40:40.000000000,100050,350,99988,250,100053,245,99978,245,100056,245,99952,245,100084,100,99944,100,100108,100,99935,100,100126,100,99899,100,100131,200,99894,100,100144,100,99891,100,100146,100,99890,100,100166,100,99815,100
2019-06-28 09:40:41.562102203,100050,250,100035,100,100053,245,99988,250,100056,245,99978,245,100084,100,99952,245,100108,100,99944,100,100126,100,99935,100,100131,200,99899,100,100144,100,99894,100,100146,100,99891,100,100166,100,99890,100
2019-06-28 09:40:50.000000000,100050,540,100035,540,100053,100,99988,100,100056,100,99978,100,100084,100,99952,100,100108,100,99944,100,100126,100,99935,100,100131,200,99899,100,100144,100,99894,100,100146,100,99891,100,100166,100,99890,100
2019-06-28 09:40:56.668960679,100050,440,100035,540,100053,100,99988,100,100056,100,99978,100,100084,100,99952,100,100108,100,99944,100,100126,100,99935,100,100131,200,99899,100,100144,100,99894,100,100146,100,99891,100,100166,100,99890,100
2019-06-28 09:41:00.000000000,100053,250,100035,250,100056,245,99988,245,100084,245,99978,245,100108,100,99952,100,100126,100,99944,100,100131,200,99935,100,100144,100,99899,100,100146,100,99894,100,100166,100,99891,100,100196,100,99890,100
2019-06-28 09:41:02.691835745,100053,150,100035,250,100056,245,99988,245,100084,245,99978,245,100108,100,99952,100,100126,100,99944,100,100131,200,99935,100,100144,100,99899,100,100146,100,99894,100,100166,100,99891,100,100196,100,99890,100
2019-06-28 09:41:10.000000000,100056,320,100035,320,100084,320,99988,320,100108,100,99978,100,100126,100,99952,100,100131,200,99944,100,100144,100,99935,100,100146,100,99899,100,100166,100,99894,100,100196,100,99891,100,100391,100,99890,100
2019-06-28 09:41:20.000000000,100056,540,100035,540,100084,100,99988,100,100108,100,99978,100,100126,100,99952,100,100131,200,99944,100,100144,100,99935,100,100146,100,99899,100,100166,100,99894,100,100196,100,99891,100,100391,100,99890,100
2019-06-28 09:41:25.818577443,100056,440,100035,540,100084,100,99988,100,100108,100,99978,100,100126,100,99952,100,100131,200,99944,100,100144,100,99935,100,100146,100,99899,100,100166,100,99894,100,100196,100,99891,100,100391,100,99890,100
2019-06-28 09:41:25.921567566,100056,440,100035,540,100084,100,99988,100,100108,100,99978,100,100126,100,99952,100,100131,200,99944,100,100137,100,99935,100,100144,100,99899,100,100146,100,99894,100,100166,100,99891,100,100196,100,99890,100
2019-06-28 09:41:30.000000000,100084,320,100035,320,100108,320,99988,320,100126,100,99978,100,100131,200,99952,100,100137,100,99944,100,100144,100,99935,100,100146,100,99899,100,100166,100,99894,100,100196,100,99891,100,100391,100,99890,100
2019-06-28 09:41:37.845208922,100084,320,100035,320,100101,100,99988,320,100108,320,99978,100,100126,100,99952,100,100131,200,99944,100,100137,100,99935,100,100144,100,99899,100,100146,100,99894,100,100166,100,99891,100,100196,100,99890,100
2019-06-28 09:41:40.000000000,100084,540,100035,540,100101,100,99988,100,100108,100,99978,100,100126,100,99952,100,100131,200,99944,100,100137,100,99935,100,100144,100,99899,100,100146,100,99894,100,100166,100,99891,100,100196,100,99890,100
2019-06-28 09:41:50.000000000,100084,540,100035,540,100101,100,99988,100,100108,100,99978,100,100126,100,99952,100,100131,200,99944,100,100137,100,99935,100,100144,100,99899,100,100146,100,99894,100,100166,100,99891,100,100196,100,99890,100
2019-06-28 09:42:00.000000000,100084,250,100035,250,100101,245,99988,245,100108,245,99978,245,100126,100,99952,100,100131,200,99944,100,100137,100,99935,100,100144,100,99899,100,100146,100,99894,100,100166,100,99891,100,100196,100,99890,100
2019-06-28 09:42:10.000000000,100084,320,100035,320,100101,320,99988,320,100108,100,99978,100,100126,100,99952,100,100131,200,99944,100,100137,100,99935,100,100144,100,99899,100,100146,100,99894,100,100166,100,99891,100,100196,100,99890,100
2019-06-28 09:42:17.263568420,100084,320,100053,100,100101,320,100035,320,100108,100,99988,320,100126,100,99978,100,100131,200,99952,100,100137,100,99944,100,100144,100,99935,100,100146,100,99899,100,100166,100,99894,100,100196,100,99891,100
2019-06-28 09:42:20.000000000,100084,210,100053,210,100101,210,100035,210,100108,210,99988,210,100126,210,99978,210,100131,200,99952,100,100137,100,99944,100,100144,100,99935,100,100146,100,99899,100,100166,100,99894,100,100196,100,99891,100
2019-06-28 09:42:30.000000000,100084,540,100053,540,100101,100,100035,100,100108,100,99988,100,100126,100,99978,100,100131,200,99952,100,100137,100,99944,100,100144,100,99935,100,100146,100,99899,100,100166,100,99894,100,100196,100,99891,100
2019-06-28 09:42:36.325450666,100084,540,100053,540,100101,100,100035,100,100108,100,99988,100,100120,100,99978,100,100126,100,99952,100,100131,200,99944,100,100137,100,99935,100,100144,100,99899,100,100146,100,99894,100,100166,100,99891,100
2019-06-28 09:42:38.505986635,100084,540,100053,540,100101,100,100035,100,100108,100,99988,100,100126,100,99978,100,100131,200,99952,100,100137,100,99944,100,100144,100,99935,100,100146,100,99899,100,100166,100,99894,100,100179,100,99891,100
2019-06-28 09:42:40.000000000,100084,188,100053,188,100101,188,100035,188,100108,188,99988,188,100126,188,99978,188,100131,288,99952,188,100137,100,99944,100,100144,100,99935,100,100146,100,99899,100,100166,100,99894,100,100179,100,99891,100
2019-06-28 09:42:41.146204203,100084,188,100053,88,100101,188,100035,188,100108,188,99988,188,100126,188,99978,188,100131,288,99952,188,100137,100,99944,100,100144,100,99935,100,100146,100,99899,100,100166,100,99894,100,100179,100,99891,100
2019-06-28 09:42:50.000000000,100084,188,100035,188,100101,188,99988,188,100108,188,99978,188,100126,188,99952,188,100131,288,99944,188,100137,100,99935,100,100144,100,99899,100,100146,100,99894,100,100166,100,99891,100,100179,100,99890,100
2019-06-28 09:43:00.000000000,100084,320,100035,320,100101,320,99988,320,100108,100,99978,100,100126,100,99952,100,100131,200,99944,100,100137,100,99935,100,100144,100,99899,100,100146,100,99894,100,100166,100,99891,100,100179,100,99890,100
2019-06-28 09:43:10.000000000,100084,188,100035,188,100101,188,99988,188,100108,188,99978,188,100126,188,99952,188,100131,288,99944,188,100137,100,99935,100,100144,100,99899,100,100146,100,99894,100,100166,100,99891,100,100179,100,99890,100
2019-06-28 09:43:20.000000000,100084,210,100035,210,100101,210,99988,210,100108,210,99978,210,100126,210,99952,210,100131,200,99944,100,100137,100,99935,100,100144,100,99899,100,100146,100,99894,100,100166,100,99891,100,100179,100,99890,100
2019-06-28 09:43:30.000000000,100084,540,100035,540,100101,100,99988,100,100108,100,99978,100,100126,100,99952,100,100131,200,99944,100,100137,100,99935,100,100144,100,99899,100,100146,100,99894,100,100166,100,99891,100,100179,100,99890,100
2019-06-28 09:43:40.000000000,100084,540,100035,540,100101,100,99988,100,100108,100,99978,100,100126,100,99952,100,100131,200,99944,100,100137,100,99935,100,100144,100,99899,100,100146,100,99894,100,100166,100,99891,100,100179,100,99890,100
2019-06-28 09:43:49.896928517,100084,540,100054,100,100101,100,100035,440,100108,100,99988,100,100126,100,99978,100,100131,200,99952,100,100137,100,99944,100,100144,100,99935,100,100146,100,99899,100,100166,100,99894,100,100179,100,99891,100
2019-06-28 09:43:50.000000000,100084,188,100054,188,100101,188,99988,188,100108,188,99978,188,100126,188,99952,188,100131,288,99944,188,100137,100,99935,100,100144,100,99899,100,100146,100,99894,100,100166,100,99891,100,100179,100,99890,100
2019-06-28 09:43:53.349601892,100084,188,100054,288,100101,188,99988,188,100108,188,99978,188,100126,188,99952,188,100131,288,99944,188,100137,100,99935,100,100144,100,99899,100,100146,100,99894,100,100166,100,99891,100,100179,100,99890,100
2019-06-28 09:44:00.000000000,100084,188,100054,288,100101,188,99988,188,100108,188,99978,188,100126,188,99952,188,100131,288,99944,188,100137,100,99935,100,100144,100,99899,100,100146,100,99894,100,100166,100,99891,100,100179,100,99890,100
2019-06-28 09:44:10.000000000,100084,250,100054,350,100101,245,99988,245,100108,245,99978,245,100126,100,99952,100,100131,200,99944,100,100137,100,99935,100,100144,100,99899,100,100146,100,99894,100,100166,100,99891,100,100179,100,99890,100
2019-06-28 09:44:20.000000000,100084,320,100054,420,100101,320,99988,320,100108,100,99978,100,100126,100,99952,100,100131,200,99944,100,100137,100,99935,100,100144,100,99899,100,100146,100,99894,100,100166,100,99891,100,100179,100,99890,100
2019-06-28 09:44:26.869905375,100084,320,100054,420,100101,320,100003,100,100108,100,99988,220,100126,100,99978,100,100131,200,99952,100,100137,100,99944,100,100144,100,99935,100,100146,100,99899,100,100166,100,99894,100,100179,100,99891,100
2019-06-28 09:44:30.000000000,100084,320,100054,420,100101,320,100003,320,100108,100,99978,100,100126,100,99952,100,100131,200,99944,100,100137,100,99935,100,100144,100,99899,100,100146,100,99894,100,100166,100,99891,100,100179,100,99890,100
2019-06-28 09:44:39.750697507,100084,320,100054,420,100101,320,100003,320,100108,100,99992,100,100126,100,99978,100,100131,200,99952,100,100137,100,99944,100,100144,100,99935,100,100146,100,99899,100,100166,100,99894,100,100179,100,99890,100
2019-06-28 09:44:40.000000000,100084,250,100054,350,100101,245,100003,245,100108,245,99992,245,100126,100,99978,100,100131,200,99952,100,100137,100,99944,100,100144,100,99935,100,100146,100,99899,100,100166,100,99894,100,100179,100,99890,100
2019-06-28 09:44:50.000000000,100084,540,100054,640,100101,100,100003,100,100108,100,99992,100,100126,100,99978,100,100131,200,99952,100,100137,100,99944,100,100144,100,99935,100,100146,100,99899,100,100166,100,99894,100,100179,100,99890,100
2019-06-28 09:45:00.000000000,100084,250,100054,350,100101,245,100003,245,100108,245,99992,245,100126,100,99978,100,100131,200,99952,100,100137,100,99944,100,100144,100,99935,100,100146,100,99899,100,100166,100,99894,100,100179,100,99890,100
2019-06-28 09:45:10.000000000,100084,210,100054,310,100101,210,100003,210,100108,210,99992,210,100126,210,99978,210,100131,200,99952,100,100137,100,99944,100,100144,100,99935,100,100146,100,99899,100,100166,100,99894,100,100179,100,99890,100
2019-06-28 09:45:20.000000000,100084,320,100054,420,100101,320,100003,320,100108,100,99992,100,100126,100,99978,100,100131,200,99952,100,100137,100,99944,100,100144,100,99935,100,100146,100,99899,100,100166,100,99894,100,100179,100,99890,100
2019-06-28 09:45:30.000000000,100084,250,100054,350,100101,245,100003,245,100108,245,99992,245,100126,100,99978,100,100131,200,99952,100,100137,100,99944,100,100144,100,99935,100,100146,100,99899,100,100166,100,99894,100,100179,100,99890,100
2019-06-28 09:45:40.000000000,100084,320,100054,420,100101,320,100003,320,100108,100,99992,100,100126,100,99978,100,100131,200,99952,100,100137,100,99944,100,100144,100,99935,100,100146,100,99899,100,100166,100,99894,100,100179,100,99890,100
2019-06-28 09:45:44.677436463,100084,220,100054,420,100101,320,100003,320,100108,100,99992,100,100126,100,99978,100,100131,200,99952,100,100137,100,99944,100,100144,100,99935,100,100146,100,99899,100,100166,100,99894,100,100179,100,99890,100
2019-06-28 09:45:50.000000000,100101,250,100054,350,100108,245,100003,245,100126,245,99992,245,100131,200,99978,100,100137,100,99952,100,100144,100,99944,100,100146,100,99935,100,100166,100,99899,100,100179,100,99894,100,100196,100,99890,100
2019-06-28 09:46:00.000000000,100101,188,100054,288,100108,188,100003,188,100126,188,99992,188,100131,288,99978,188,100137,188,99952,188,100144,100,99944,100,100146,100,99935,100,100166,100,99899,100,100179,100,99894,100,100196,100,99890,100
2019-06-28 09:46:04.702973164,100101,188,100054,288,100108,188,100003,188,100126,188,99992,188,100131,288,99978,188,100137,188,99952,188,100144,100,99944,100,100146,100,99935,100,100166,100,99899,100,100179,100,99894,100,100196,100,99890,100
2019-06-28 09:46:10.000000000,100101,250,100054,350,100108,245,100003,245,100126,245,99992,245,100131,200,99978,100,100137,100,99952,100,100144,100,99944,100,100146,100,99935,100,100166,100,99899,100,100179,100,99894,100,100196,100,99890,100
2019-06-28 09:46:13.700520895,100101,150,100054,350,100108,245,100003,245,100126,245,99992,245,100131,200,99978,100,100137,100,99952,100,100144,100,99944,100,100146,100,99935,100,100166,100,99899,100,100179,100,99894,100,100196,100,99890,100
2019-06-28 09:46:20.000000000,100108,250,100054,350,100126,245,100003,245,100131,345,99992,245,100137,100,99978,100,100144,100,99952,100,100146,100,99944,100,100166,100,99935,100,100179,100,99899,100,100196,100,99894,100,100307,100,99890,100
2019-06-28 09:46:30.000000000,100108,210,100054,310,100126,210,100003,210,100131,310,99992,210,100137,210,99978,210,100144,100,99952,100,100146,100,99944,100,100166,100,99935,100,100179,100,99899,100,100196,100,99894,100,100307,100,99890,100
2019-06-28 09:46:40.000000000,100108,210,100054,310,100126,210,100003,210,100131,310,99992,210,100137,210,99978,210,100144,100,99952,100,100146,100,99944,100,100166,100,99935,100,100179,100,99899,100,100196,100,99894,100,100307,100,99890,100
2019-06-28 09:46:50.000000000,100108,540,100054,640,100126,100,100003,100,100131,200,99992,100,100137,100,99978,100,100144,100,99952,100,100146,100,99944,100,100166,100,99935,100,100179,100,99899,100,100196,100,99894,100,100307,100,99890,100
2019-06-28 09:46:50.297744999,100108,540,100084,100,100126,100,100054,640,100131,200,100003,100,100137,100,99992,100,100144,100,99978,100,100146,100,99952,100,100166,100,99944,100,100179,100,99935,100,100196,100,99899,100,100307,100,99894,100
2019-06-28 09:46:59.367620494,100108,540,100084,100,100126,100,100054,640,100131,200,100003,100,100137,100,99992,100,100144,100,99978,100,100146,100,99952,100,100166,100,99944,100,100179,100,99935,100,100196,100,99899,100,100307,100,99894,100
2019-06-28 09:47:00.000000000,100108,320,100084,320,100126,320,100054,420,100131,200,100003,100,100137,100,99992,100,100144,100,99978,100,100146,100,99952,100,100166,100,99944,100,100179,100,99935,100,100196,100,99899,100,100307,100,99894,100
2019-06-28 09:47:10.000000000,100108,540,100084,540,100126,100,100054,200,100131,200,100003,100,100137,100,99992,100,100144,100,99978,100,100146,100,99952,100,100166,100,99944,100,100179,100,99935,100,100196,100,99899,100,100307,100,99894,100
2019-06-28 09:47:20.000000000,100108,250,100084,250,100126,245,100054,345,100131,345,100003,245,100137,100,99992,100,100144,100,99978,100,100146,100,99952,100,100166,100,99944,100,100179,100,99935,100,100196,100,99899,100,100307,100,99894,100
2019-06-28 09:47:30.000000000,100108,320,100084,320,100126,320,100054,420,100131,200,100003,100,100137,100,99992,100,100144,100,99978,100,100146,100,99952,100,100166,100,99944,100,100179,100,99935,100,100196,100,99899,100,100307,100,99894,100
2019-06-28 09:47:40.000000000,100108,210,100084,210,100126,210,100054,310,100131,310,100003,210,100137,210,99992,210,100144,100,99978,100,100146,100,99952,100,100166,100,99944,100,100179,100,99935,100,100196,100,99899,100,100307,100,99894,100
2019-06-28 09:47:50.000000000,100108,210,100084,210,100126,210,100054,310,100131,310,100003,210,100137,210,99992,210,100144,100,99978,100,100146,100,99952,100,100166,100,99944,100,100179,100,99935,100,100196,100,99899,100,100307,100,99894,100
2019-06-28 09:47:51.975943072,100108,110,100084,210,100126,210,100054,310,100131,310,100003,210,100137,210,99992,210,100144,100,99978,100,100146,100,99944,100,100166,100,99935,100,100179,100,99899,100,100196,100,99894,100,100307,100,99890,100
2019-06-28 09:47:56.067849950,100108,10,100084,210,100126,110,100054,310,100131,310,100003,210,100137,210,99992,210,100144,100,99978,100,100146,100,99944,100,100166,100,99935,100,100179,100,99899,100,100196,100,99894,100,100307,100,99890,100
2019-06-28 09:48:00.000000000,100131,310,100084,210,100137,210,100054,310,100144,210,100003,210,100146,210,99992,210,100166,100,99978,100,100179,100,99944,100,100196,100,99935,100,100307,100,99899,100,100381,100,99894,100,100391,100,99890,100
2019-06-28 09:48:00.226847746,100131,310,100084,210,100137,210,100054,310,100144,110,100003,210,100146,210,99992,210,100166,100,99978,100,100179,100,99944,100,100196,100,99935,100,100307,100,99899,100,100381,100,99894,100,100391,100,99890,100
2019-06-28 09:48:02.969481555,100131,210,100084,210,100137,210,100054,310,100144,110,100003,210,100146,210,99992,210,100166,100,99978,100,100179,100,99944,100,100196,100,99935,100,100307,100,99899,100,100381,100,99894,100,100391,100,99890,100
2019-06-28 09:48:07.453396330,100131,210,100084,210,100137,210,100054,210,100144,110,100003,210,100146,210,99992,210,100166,100,99978,100,100179,100,99944,100,100196,100,99935,100,100307,100,99899,100,100381,100,99894,100,100391,100,99890,100
2019-06-28 09:48:08.565737491,100131,210,100108,100,100137,210,100084,210,100144,110,100054,210,100146,210,100003,210,100166,100,99992,210,100179,100,99978,100,100196,100,99944,100,100307,100,99935,100,100381,100,99899,100,100391,100,99894,100
2019-06-28 09:48:10.000000000,100131,320,100108,320,100137,320,100084,320,100146,100,100054,100,100166,100,100003,100,100179,100,99992,100,100196,100,99978,100,100307,100,99944,100,100381,100,99935,100,100391,100,99899,100,100453,100,99894,100
2019-06-28 09:48:11.831298562,100131,220,100108,320,100137,320,100084,320,100146,100,100054,100,100166,100,100003,100,100179,100,99992,100,100196,100,99978,100,100307,100,99944,100,100381,100,99935,100,100391,100,99899,100,100453,100,99894,100
2019-06-28 09:48:14.105127102,100131,220,100108,320,100137,320,100084,320,100146,100,100054,100,100166,100,100003,100,100179,100,99992,100,100196,100,99978,100,100307,100,99944,100,100381,100,99935,100,100391,100,99899,100,100453,100,99894,100
2019-06-28 09:48:20.000000000,100137,210,100108,210,100146,210,100084,210,100166,210,100054,210,100179,210,100003,210,100196,100,99992,100,100307,100,99978,100,100381,100,99944,100,100391,100,99935,100,100453,100,99899,100,100541,100,99894,100
2019-06-28 09:48:30.000000000,100137,250,100108,250,100146,245,100084,245,100166,245,100054,245,100179,100,100003,100,100196,100,99992,100,100307,100,99978,100,100381,100,99944,100,100391,100,99935,100,100453,100,99899,100,100541,100,99894,100
2019-06-28 09:48:35.365769146,100137,250,100108,250,100146,245,100084,245,100166,245,100054,245,100179,100,100003,100,100196,100,99992,100,100307,100,99978,100,100381,100,99944,100,100391,100,99935,100,100453,100,99899,100,100541,100,99894,100
2019-06-28 09:48:40.000000000,100137,188,100108,188,100146,188,100084,188,100166,188,100054,188,100179,188,100003,188,100196,188,99992,188,100307,100,99978,100,100381,100,99944,100,100391,100,99935,100,100453,100,99899,100,100541,100,99894,100
2019-06-28 09:48:47.206287787,100137,88,100108,188,100146,188,100084,188,100166,188,100054,188,100179,188,100003,88,100196,188,99992,188,100307,100,99978,100,100381,100,99944,100,100391,100,99935,100,100453,100,99899,100,100541,100,99894,100
2019-06-28 09:48:50.000000000,100146,540,100108,540,100166,100,100084,100,100179,100,100054,100,100196,100,99992,100,100307,100,99978,100,100381,100,99944,100,100391,100,99935,100,100453,100,99899,100,100541,100,99894,100,100764,100,99890,100
2019-06-28 09:48:56.485097372,100146,440,100108,540,100166,100,100084,100,100179,100,100054,100,100196,100,99992,100,100307,100,99978,100,100391,100,99944,100,100453,100,99935,100,100541,100,99899,100,100764,100,99894,100,100771,100,99890,100
2019-06-28 09:49:00.000000000,100166,210,100108,210,100179,210,100084,210,100196,210,100054,210,100307,210,99992,210,100391,100,99978,100,100453,100,99944,100,100541,100,99935,100,100764,100,99899,100,100771,100,99894,100,,,99890,100
2019-06-28 09:49:02.425133783,100166,210,100108,210,100179,210,100084,210,100196,210,100054,210,100307,210,99992,210,100382,100,99944,100,100391,100,99935,100,100453,100,99899,100,100541,100,99894,100,100764,100,99890,100,100771,100,99754,100
2019-06-28 09:49:10.000000000,100166,188,100108,188,100179,188,100084,188,100196,188,100054,188,100307,188,99992,188,100382,188,99944,188,100391,100,99935,100,100453,100,99899,100,100541,100,99894,100,100764,100,99890,100,100771,100,99754,100
2019-06-28 09:49:20.000000000,100166,540,100108,540,100179,100,100084,100,100196,100,100054,100,100307,100,99992,100,100382,100,99944,100,100391,100,99935,100,100453,100,99899,100,100541,100,99894,100,100764,100,99890,100,100771,100,99754,100
2019-06-28 09:49:30.000000000,100166,250,100108,250,100179,245,100084,245,100196,245,100054,245,100307,100,99992,100,100382,100,99944,100,100391,100,99935,100,100453,100,99899,100,100541,100,99894,100,100764,100,99890,100,100771,100,99754,100
2019-06-28 09:49:36.687359636,100166,250,100137,100,100179,245,100108,250,100196,245,100084,245,100307,100,100054,245,100382,100,99992,100,100391,100,99944,100,100453,100,99935,100,100541,100,99899,100,100764,100,99894,100,100771,100,99890,100
2019-06-28 09:49:39.349746130,100166,250,100137,100,100179,245,100108,250,100196,245,100098,100,100307,100,100084,245,100382,100,100054,245,100391,100,99992,100,100453,100,99944,100,100541,100,99935,100,100764,100,99899,100,100771,100,99894,100
2019-06-28 09:49:40.000000000,100166,320,100137,320,100179,320,100108,320,100196,100,100098,100,100307,100,100084,100,100382,100,100054,100,100391,100,99992,100,100453,100,99944,100,100541,100,99935,100,100764,100,99899,100,100771,100,99894,100
2019-06-28 09:49:50.000000000,100166,540,100137,540,100179,100,100108,100,100196,100,100098,100,100307,100,100084,100,100382,100,100054,100,100391,100,99992,100,100453,100,99944,100,100541,100,99935,100,100764,100,99899,100,100771,100,99894,100
2019-06-28 09:49:56.413858615,100166,540,100137,540,100179,100,100108,100,100196,100,100098,100,100307,100,100084,100,100382,100,100054,100,100391,100,100005,100,100453,100,99992,100,100541,100,99944,100,100771,100,99935,100,,,99899,100
2019-06-28 09:50:00.000000000,100166,188,100137,188,100179,188,100108,188,100196,188,100098,188,100307,188,100084,188,100382,188,100054,188,100391,100,100005,100,100453,100,99992,100,100541,100,99944,100,100771,100,99935,100,,,99899,100
2019-06-28 09:50:09.575091615,100166,188,100137,188,100179,188,100108,188,100196,88,100098,188,100307,188,100084,188,100382,188,100054,188,100391,100,100005,100,100453,100,99992,100,100541,100,99944,100,100771,100,99935,100,,,99899,100
2019-06-28 09:50:10.000000000,100166,540,100137,540,100179,100,100108,100,100307,100,100098,100,100382,100,100084,100,100391,100,100054,100,100453,100,100005,100,100541,100,99992,100,100771,100,99944,100,,,99935,100,,,99899,100
2019-06-28 09:50:20.000000000,100166,540,100137,540,100179,100,100108,100,100307,100,100098,100,100382,100,100084,100,100391,100,100054,100,100453,100,100005,100,100541,100,99992,100,100771,100,99944,100,,,99935,100,,,99899,100
2019-06-28 09:50:30.000000000,100166,540,100137,540,100179,100,100108,100,100307,100,100098,100,100382,100,100084,100,100391,100,100054,100,100453,100,100005,100,100541,100,99992,100,100771,100,99944,100,,,99935,100,,,99899,100
2019-06-28 09:50:40.000000000,100166,320,100137,320,100179,320,100108,320,100307,100,100098,100,100382,100,100084,100,100391,100,100054,100,100453,100,100005,100,100541,100,99992,100,100771,100,99944,100,,,99935,100,,,99899,100
2019-06-28 09:50:50.000000000,100166,540,100137,540,100179,100,100108,100,100307,100,100098,100,100382,100,100084,100,100391,100,100054,100,100453,100,100005,100,100541,100,99992,100,100771,100,99944,100,,,99935,100,,,99899,100
2019-06-28 09:50:51.029916317,100166,440,100137,540,100179,100,100108,100,100307,100,100098,100,100382,100,100084,100,100391,100,100054,100,100453,100,100005,100,100541,100,99992,100,100771,100,99944,100,,,99935,100,,,99899,100
2019-06-28 09:50:54.467387606,100166,440,100137,540,100179,100,100108,100,100307,100,100098,100,100382,100,100084,100,100391,100,100054,100,100453,100,100005,100,100541,100,99992,100,100771,100,99944,100,,,99935,100,,,99899,100
2019-06-28 09:51:00.000000000,100179,210,100137,210,100307,210,100108,210,100382,210,100098,210,100391,210,100084,210,100453,100,100054,100,100541,100,100005,100,100771,100,99992,100,,,99944,100,,,99935,100,,,99899,100
2019-06-28 09:51:10.000000000,100179,540,100137,540,100307,100,100108,100,100382,100,100098,100,100391,100,100084,100,100453,100,100054,100,100541,100,100005,100,100771,100,99992,100,,,99944,100,,,99935,100,,,99899,100
2019-06-28 09:51:20.000000000,100179,250,100137,250,100307,245,100108,245,100382,245,100098,245,100391,100,100084,100,100453,100,100054,100,100541,100,100005,100,100771,100,99992,100,,,99944,100,,,99935,100,,,99899,100
2019-06-28 09:51:30.000000000,100179,250,100137,250,100307,245,100108,245,100382,245,100098,245,100391,100,100084,100,100453,100,100054,100,100541,100,100005,100,100771,100,99992,100,,,99944,100,,,99935,100,,,99899,100
2019-06-28 09:51:40.000000000,100179,320,100137,320,100307,320,100108,320,100382,100,100098,100,100391,100,100084,100,100453,100,100054,100,100541,100,100005,100,100771,100,99992,100,,,99944,100,,,99935,100,,,99899,100
2019-06-28 09:51:50.000000000,100179,188,100137,188,100307,188,100108,188,100382,188,100098,188,100391,188,100084,188,100453,188,100054,188,100541,100,100005,100,100771,100,99992,100,,,99944,100,,,99935,100,,,99899,100
2019-06-28 09:51:52.852305590,100179,188,100137,88,100307,188,100108,188,100382,188,100098,188,100391,188,100084,188,100453,188,100054,188,100541,100,100005,100,100771,100,99992,100,,,99944,100,,,99935,100,,,99899,100
2019-06-28 09:51:57.542534440,100145,100,100137,88,100179,188,100108,188,100307,188,100098,188,100382,188,100084,188,100391,188,100054,188,100453,188,100005,100,100541,100,99992,100,100771,100,99944,100,,,99935,100,,,99899,100
2019-06-28 09:51:59.009613924,100145,200,100137,88,100179,188,100108,188,100307,188,100098,188,100382,188,100084,188,100391,188,100054,188,100453,188,100005,100,100541,100,99992,100,100771,100,99944,100,,,99935,100,,,99899,100
2019-06-28 09:52:00.000000000,100145,310,100108,210,100179,210,100098,210,100307,210,100084,210,100382,210,100054,210,100391,100,100005,100,100453,100,99992,100,100541,100,99944,100,100771,100,99935,100,,,99899,100,,,99894,100
2019-06-28 09:52:10.000000000,100145,310,100108,210,100179,210,100098,210,100307,210,100084,210,100382,210,100054,210,100391,100,100005,100,100453,100,99992,100,100541,100,99944,100,100771,100,99935,100,,,99899,100,,,99894,100
2019-06-28 09:52:20.000000000,100145,310,100108,210,100179,210,100098,210,100307,210,100084,210,100382,210,100054,210,100391,100,100005,100,100453,100,99992,100,100541,100,99944,100,100771,100,99935,100,,,99899,100,,,99894,100
2019-06-28 09:52:23.516118218,100145,310,100108,110,100179,210,100098,210,100307,210,100084,210,100382,210,100054,210,100391,100,100005,100,100453,100,99992,100,100541,100,99944,100,100771,100,99935,100,,,99899,100,,,99894,100
2019-06-28 09:52:30.000000000,100145,350,100098,250,100179,245,100084,245,100307,245,100054,245,100382,100,100005,100,100391,100,99992,100,100453,100,99944,100,100541,100,99935,100,100771,100,99899,100,,,99894,100,,,99890,100
2019-06-28 09:52:35.268623953,100145,350,100098,250,100179,245,100084,245,100307,245,100054,245,100382,100,100005,100,100391,100,99992,100,100453,100,99944,100,100541,100,99935,100,100771,100,99899,100,,,99894,100,,,99890,100
2019-06-28 09:52:40.000000000,100145,640,100098,540,100179,100,100084,100,100307,100,100054,100,100382,100,100005,100,100391,100,99992,100,100453,100,99944,100,100541,100,99935,100,100771,100,99899,100,,,99894,100,,,99890,100
2019-06-28 09:52:50.000000000,100145,350,100098,250,100179,245,100084,245,100307,245,100054,245,100382,100,100005,100,100391,100,99992,100,100453,100,99944,100,100541,100,99935,100,100771,100,99899,100,,,99894,100,,,99890,100
2019-06-28 09:52:51.321993046,100145,350,100098,250,100179,245,100084,245,100307,245,100054,245,100382,100,100005,100,100391,100,99992,100,100453,100,99944,100,100771,100,99935,100,,,99899,100,,,99894,100,,,99890,100
2019-06-28 09:53:00.000000000,100145,288,100098,188,100179,188,100084,188,100307,188,100054,188,100382,188,100005,188,100391,188,99992,188,100453,100,99944,100,100771,100,99935,100,,,99899,100,,,99894,100,,,99890,100
2019-06-28 09:53:06.754578013,100145,288,100098,188,100179,188,100084,188,100307,188,100054,188,100382,188,100005,188,100391,188,99992,188,100453,100,99944,100,100771,100,99935,100,,,99899,100,,,99894,100,,,99890,100
2019-06-28 09:53:10.000000000,100145,420,100098,320,100179,320,100084,320,100307,100,100054,100,100382,100,100005,100,100391,100,99992,100,100453,100,99944,100,100771,100,99935,100,,,99899,100,,,99894,100,,,99890,100
2019-06-28 09:53:13.065992969,100145,420,100098,220,100179,320,100084,320,100307,100,100054,100,100382,100,100005,100,100391,100,99992,100,100453,100,99944,100,100771,100,99935,100,,,99899,100,,,99894,100,,,99890,100
2019-06-28 09:53:13.760675918,100145,420,100098,220,100179,320,100084,320,100307,100,100054,100,100382,100,100005,100,100391,100,99992,100,100453,100,99944,100,100771,100,99935,100,,,99899,100,,,99894,100,,,99890,100
2019-06-28 09:53:19.040022510,100145,420,100098,220,100179,320,100084,320,100307,100,100054,100,100382,100,100005,100,100391,100,99992,100,100453,100,99944,100,100771,100,99935,100,,,99899,100,,,99894,100,,,99890,100
2019-06-28 09:53:20.000000000,100145,288,100084,188,100179,188,100054,188,100307,188,100005,188,100382,188,99992,188,100391,188,99944,188,100453,100,99935,100,100771,100,99899,100,,,99894,100,,,99890,100,,,99777,100
2019-06-28 09:53:30.000000000,100145,640,100084,540,100179,100,100054,100,100307,100,100005,100,100382,100,99992,100,100391,100,99944,100,100453,100,99935,100,100771,100,99899,100,,,99894,100,,,99890,100,,,99777,100
2019-06-28 09:53:30.689774182,100108,100,100084,540,100145,540,100054,100,100179,100,100005,100,100307,100,99992,100,100382,100,99944,100,100391,100,99935,100,100453,100,99899,100,100771,100,99894,100,,,99890,100,,,99777,100
2019-06-28 09:53:40.000000000,100108,250,100084,250,100145,245,100054,245,100179,245,100005,245,100307,100,99992,100,100382,100,99944,100,100391,100,99935,100,100453,100,99899,100,100771,100,99894,100,,,99890,100,,,99777,100
2019-06-28 09:53:50.000000000,100108,540,100084,540,100145,100,100054,100,100179,100,100005,100,100307,100,99992,100,100382,100,99944,100,100391,100,99935,100,100453,100,99899,100,100771,100,99894,100,,,99890,100,,,99777,100
2019-06-28 09:53:50.761543781,100108,540,100084,540,100145,100,100054,100,100179,100,100005,100,100307,100,99992,100,100382,100,99944,100,100391,100,99935,100,100453,100,99899,100,100771,100,99894,100,,,99890,100,,,99777,100
2019-06-28 09:54:00.000000000,100108,540,100084,540,100145,100,100054,100,100179,100,100005,100,100307,100,99992,100,100382,100,99944,100,100391,100,99935,100,100453,100,99899,100,100771,100,99894,100,,,99890,100,,,99777,100
2019-06-28 09:54:10.000000000,100108,210,100084,210,100145,210,100054,210,100179,210,100005,210,100307,210,99992,210,100382,100,99944,100,100391,100,99935,100,100453,100,99899,100,100771,100,99894,100,,,99890,100,,,99777,100
2019-06-28 09:54:15.810229153,100108,210,100084,110,100145,210,100054,210,100179,210,100005,210,100307,210,99992,210,100382,100,99944,100,100391,100,99935,100,100453,100,99899,100,100771,100,99894,100,,,99890,100,,,99777,100
2019-06-28 09:54:20.000000000,100108,188,100054,188,100145,188,100005,188,100179,188,99992,188,100307,188,99944,188,100382,188,99935,188,100391,100,99899,100,100453,100,99894,100,100771,100,99890,100,,,99777,100,,,99612,100
2019-06-28 09:54:30.000000000,100108,188,100054,188,100145,188,100005,188,100179,188,99992,188,100307,188,99944,188,100382,188,99935,188,100391,100,99899,100,100453,100,99894,100,100771,100,99890,100,,,99777,100,,,99612,100
2019-06-28 09:54:35.103155948,100108,188,100054,88,100145,188,100005,188,100179,188,99992,188,100307,188,99944,188,100382,188,99935,188,100391,100,99899,100,100453,100,99894,100,100771,100,99890,100,,,99777,100,,,99612,100
2019-06-28 09:54:40.000000000,100108,540,100005,540,100145,100,99992,100,100179,100,99944,100,100307,100,99935,100,100382,100,99899,100,100391,100,99894,100,100453,100,99890,100,100771,100,99777,100,,,99612,100,,,99595,100
2019-06-28 09:54:50.000000000,100108,540,100005,540,100145,100,99992,100,100179,100,99944,100,100307,100,99935,100,100382,100,99899,100,100391,100,99894,100,100453,100,99890,100,100771,100,99777,100,,,99612,100,,,99595,100
2019-06-28 09:54:52.745610122,100108,540,100005,440,100145,100,99992,100,100179,100,99944,100,100307,100,99935,100,100382,100,99899,100,100391,100,99894,100,100453,100,99890,100,100771,100,99777,100,,,99612,100,,,99595,100
2019-06-28 09:55:00.000000000,100108,188,99992,188,100145,188,99944,188,100179,188,99935,188,100307,188,99899,188,100382,188,99894,188,100391,100,99890,100,100453,100,99777,100,100771,100,99612,100,,,99595,100,,,99569,100
2019-06-28 09:55:10.000000000,100108,250,99992,250,100145,245,99944,245,100179,245,99935,245,100307,100,99899,100,100382,100,99894,100,100391,100,99890,100,100453,100,99777,100,100771,100,99612,100,,,99595,100,,,99569,100
2019-06-28 09:55:16.599527656,100108,250,99992,250,100145,245,99944,245,100179,245,99935,245,100307,100,99899,100,100382,100,99894,100,100391,100,99890,100,100453,100,99777,100,100771,100,99729,100,,,99612,100,,,99595,100
2019-06-28 09:55:20.000000000,100108,320,99992,320,100145,320,99944,320,100179,100,99935,100,100307,100,99899,100,100382,100,99894,100,100391,100,99890,100,100453,100,99777,100,100771,100,99729,100,,,99612,100,,,99595,100
2019-06-28 09:55:24.298123897,100054,100,99992,320,100108,320,99944,320,100145,320,99935,100,100179,100,99899,100,100307,100,99894,100,100382,100,99890,100,100391,100,99777,100,100453,100,99729,100,100771,100,99612,100,,,99595,100
2019-06-28 09:55:30.000000000,100054,250,99992,250,100108,245,99944,245,100145,245,99935,245,100179,100,99899,100,100307,100,99894,100,100382,100,99890,100,100391,100,99777,100,100453,100,99729,100,100771,100,99612,100,,,99595,100
2019-06-28 09:55:40.000000000,100054,540,99992,540,100108,100,99944,100,100145,100,99935,100,100179,100,99899,100,100307,100,99894,100,100382,100,99890,100,100391,100,99777,100,100453,100,99729,100,100771,100,99612,100,,,99595,100
2019-06-28 09:55:50.000000000,100054,210,99992,210,100108,210,99944,210,100145,210,99935,210,100179,210,99899,210,100307,100,99894,100,100382,100,99890,100,100391,100,99777,100,100453,100,99729,100,100771,100,99612,100,,,99595,100
2019-06-28 09:56:00.000000000,100054,210,99992,210,100108,210,99944,210,100145,210,99935,210,100179,210,99899,210,100307,100,99894,100,100382,100,99890,100,100391,100,99777,100,100453,100,99729,100,100771,100,99612,100,,,99595,100
2019-06-28 09:56:10.000000000,100054,210,99992,210,100108,210,99944,210,100145,210,99935,210,100179,210,99899,210,100307,100,99894,100,100382,100,99890,100,100391,100,99777,100,100453,100,99729,100,100771,100,99612,100,,,99595,100
2019-06-28 09:56:20.000000000,100054,540,99992,540,100108,100,99944,100,100145,100,99935,100,100179,100,99899,100,100307,100,99894,100,100382,100,99890,100,100391,100,99777,100,100453,100,99729,100,100771,100,99612,100,,,99595,100
2019-06-28 09:56:30.000000000,100054,210,99992,210,100108,210,99944,210,100145,210,99935,210,100179,210,99899,210,100307,100,99894,100,100382,100,99890,100,100391,100,99777,100,100453,100,99729,100,100771,100,99612,100,,,99595,100
2019-06-28 09:56:40.000000000,100054,540,99992,540,100108,100,99944,100,100145,100,99935,100,100179,100,99899,100,100307,100,99894,100,100382,100,99890,100,100391,100,99777,100,100453,100,99729,100,100771,100,99612,100,,,99595,100
2019-06-28 09:56:40.057989200,100054,640,99992,540,100108,100,99944,100,100145,100,99935,100,100179,100,99899,100,100307,100,99894,100,100382,100,99890,100,100391,100,99777,100,100453,100,99729,100,100771,100,99612,100,,,99595,100
2019-06-28 09:56:50.000000000,100054,310,99992,210,100108,210,99944,210,100145,210,99935,210,100179,210,99899,210,100307,100,99894,100,100382,100,99890,100,100391,100,99777,100,100453,100,99729,100,100771,100,99612,100,,,99595,100
2019-06-28 09:57:00.000000000,100054,640,99992,540,100108,100,99944,100,100145,100,99935,100,100179,100,99899,100,100307,100,99894,100,100382,100,99890,100,100391,100,99777,100,100453,100,99729,100,100771,100,99612,100,,,99595,100
2019-06-28 09:57:08.177980405,100054,740,99992,540,100108,100,99944,100,100145,100,99935,100,100179,100,99899,100,100307,100,99894,100,100382,100,99890,100,100391,100,99777,100,100453,100,99729,100,100771,100,99612,100,,,99595,100
2019-06-28 09:57:10.000000000,100054,740,99992,540,100108,100,99944,100,100145,100,99935,100,100179,100,99899,100,100307,100,99894,100,100382,100,99890,100,100391,100,99777,100,100453,100,99729,100,100771,100,99612,100,,,99595,100
2019-06-28 09:57:20.000000000,100054,450,99992,250,100108,245,99944,245,100145,245,99935,245,100179,100,99899,100,100307,100,99894,100,100382,100,99890,100,100391,100,99777,100,100453,100,99729,100,100771,100,99612,100,,,99595,100
2019-06-28 09:57:28.228121039,100054,450,99992,150,100108,245,99944,245,100145,245,99935,245,100179,100,99899,100,100307,100,99894,100,100382,100,99890,100,100391,100,99777,100,100453,100,99729,100,100771,100,99612,100,,,99595,100
2019-06-28 09:57:30.000000000,100054,388,99944,188,100108,188,99935,188,100145,188,99899,188,100179,188,99894,188,100307,188,99890,188,100382,100,99777,100,100391,100,99729,100,100453,100,99612,100,100771,100,99595,100,,,99569,100
2019-06-28 09:57:38.508080166,100054,388,99944,188,100108,188,99935,188,100145,188,99899,188,100179,188,99894,188,100307,188,99890,188,100382,100,99777,100,100391,100,99729,100,100453,100,99612,100,100771,100,99595,100,,,99569,100
2019-06-28 09:57:40.000000000,100054,450,99944,250,100108,245,99935,245,100145,245,99899,245,100179,100,99894,100,100307,100,99890,100,100382,100,99777,100,100391,100,99729,100,100453,100,99612,100,100771,100,99595,100,,,99569,100
2019-06-28 09:57:50.000000000,100054,410,99944,210,100108,210,99935,210,100145,210,99899,210,100179,210,99894,210,100307,100,99890,100,100382,100,99777,100,100391,100,99729,100,100453,100,99612,100,100771,100,99595,100,,,99569,100
2019-06-28 09:58:00.000000000,100054,388,99944,188,100108,188,99935,188,100145,188,99899,188,100179,188,99894,188,100307,188,99890,188,100382,100,99777,100,100391,100,99729,100,100453,100,99612,100,100771,100,99595,100,,,99569,100
2019-06-28 09:58:10.000000000,100054,388,99944,188,100108,188,99935,188,100145,188,99899,188,100179,188,99894,188,100307,188,99890,188,100382,100,99777,100,100391,100,99729,100,100453,100,99612,100,100771,100,99595,100,,,99569,100
2019-06-28 09:58:20.000000000,100054,520,99944,320,100108,320,99935,320,100145,100,99899,100,100179,100,99894,100,100307,100,99890,100,100382,100,99777,100,100391,100,99729,100,100453,100,99612,100,100771,100,99595,100,,,99569,100
2019-06-28 09:58:30.000000000,100054,740,99944,540,100108,100,99935,100,100145,100,99899,100,100179,100,99894,100,100307,100,99890,100,100382,100,99777,100,100391,100,99729,100,100453,100,99612,100,100771,100,99595,100,,,99569,100
2019-06-28 09:58:40.000000000,100054,450,99944,250,100108,245,99935,245,100145,245,99899,245,100179,100,99894,100,100307,100,99890,100,100382,100,99777,100,100391,100,99729,100,100453,100,99612,100,100771,100,99595,100,,,99569,100
2019-06-28 09:58:50.000000000,100054,740,99944,540,100108,100,99935,100,100145,100,99899,100,100179,100,99894,100,100307,100,99890,100,100382,100,99777,100,100391,100,99729,100,100453,100,99612,100,100771,100,99595,100,,,99569,100
2019-06-28 09:59:00.000000000,100054,410,99944,210,100108,210,99935,210,100145,210,99899,210,100179,210,99894,210,100307,100,99890,100,100382,100,99777,100,100391,100,99729,100,100453,100,99612,100,100771,100,99595,100,,,99569,100
2019-06-28 09:59:10.000000000,100054,410,99944,210,100108,210,99935,210,100145,210,99899,210,100179,210,99894,210,100307,100,99890,100,100382,100,99777,100,100391,100,99729,100,100453,100,99612,100,100771,100,99595,100,,,99569,100
2019-06-28 09:59:20.000000000,100054,740,99944,540,100108,100,99935,100,100145,100,99899,100,100179,100,99894,100,100307,100,99890,100,100382,100,99777,100,100391,100,99729,100,100453,100,99612,100,100771,100,99595,100,,,99569,100
2019-06-28 09:59:27.721171509,100005,100,99944,540,100054,740,99935,100,100108,100,99899,100,100145,100,99894,100,100179,100,99890,100,100307,100,99777,100,100382,100,99729,100,100391,100,99612,100,100453,100,99595,100,100771,100,99569,100
2019-06-28 09:59:30.000000000,100005,540,99944,540,100054,300,99935,100,100108,100,99899,100,100145,100,99894,100,100179,100,99890,100,100307,100,99777,100,100382,100,99729,100,100391,100,99612,100,100453,100,99595,100,100771,100,99569,100
2019-06-28 09:59:36.476303814,100005,540,99944,540,100054,300,99935,100,100108,100,99899,100,100145,100,99894,100,100179,100,99890,100,100307,100,99777,100,100382,100,99729,100,100391,100,99612,100,100453,100,99595,100,100771,100,99569,100
2019-06-28 09:59:40.000000000,100005,210,99944,210,100054,410,99935,210,100108,210,99899,210,100145,210,99894,210,100179,100,99890,100,100307,100,99777,100,100382,100,99729,100,100391,100,99612,100,100453,100,99595,100,100771,100,99569,100
2019-06-28 09:59:49.728089413,100005,210,99944,210,100054,410,99935,210,100108,210,99899,210,100145,210,99894,210,100179,100,99890,100,100307,100,99777,100,100382,100,99729,100,100391,100,99612,100,100453,100,99595,100,100771,100,99569,100
2019-06-28 09:59:50.000000000,100005,188,99944,188,100054,388,99935,188,100108,188,99899,188,100145,188,99894,188,100179,188,99890,188,100307,100,99777,100,100382,100,99729,100,100391,100,99612,100,100453,100,99595,100,100771,100,99569,100
2019-06-28 10:00:00.000000000,100005,540,99944,540,100054,300,99935,100,100108,100,99899,100,100145,100,99894,100,100179,100,99890,100,100307,100,99777,100,100382,100,99729,100,100391,100,99612,100,100453,100,99595,100,100771,100,99569,100
2019-06-28 10:00:02.707122311,100005,540,99944,540,100054,300,99935,100,100108,100,99899,100,100145,100,99894,100,100179,100,99890,100,100307,100,99777,100,100382,100,99729,100,100391,100,99612,100,100453,100,99595,100,100771,100,99569,100
2019-06-28 10:00:05.718760128,100005,540,99944,440,100054,300,99935,100,100108,100,99899,100,100145,100,99894,100,100179,100,99890,100,100307,100,99777,100,100382,100,99729,100,100391,100,99612,100,100453,100,99569,100,100771,100,99555,100
2019-06-28 10:00:07.509633367,100005,540,99944,340,100054,300,99935,100,100108,100,99899,100,100145,100,99894,100,100179,100,99890,100,100307,100,99777,100,100382,100,99729,100,100391,100,99612,100,100453,100,99569,100,100771,100,99555,100
2019-06-28 10:00:10.000000000,100005,210,99935,210,100054,410,99899,210,100108,210,99894,210,100145,210,99890,210,100179,100,99777,100,100307,100,99729,100,100382,100,99612,100,100391,100,99569,100,100453,100,99555,100,100771,100,99529,100
2019-06-28 10:00:20.000000000,100005,250,99935,250,100054,445,99899,245,100108,245,99894,245,100145,100,99890,100,100179,100,99777,100,100307,100,99729,100,100382,100,99612,100,100391,100,99569,100,100453,100,99555,100,100771,100,99529,100
2019-06-28 10:00:21.459536757,100005,250,99935,150,100054,445,99899,245,100108,245,99894,245,100145,100,99890,100,100179,100,99777,100,100307,100,99729,100,100382,100,99612,100,100391,100,99569,100,100453,100,99555,100,100771,100,99529,100
2019-06-28 10:00:30.000000000,100005,320,99899,320,100054,520,99894,320,100108,100,99890,100,100145,100,99777,100,100179,100,99729,100,100307,100,99612,100,100382,100,99569,100,100391,100,99555,100,100453,100,99529,100,100771,100,99114,100
2019-06-28 10:00:40.000000000,100005,320,99899,320,100054,520,99894,320,100108,100,99890,100,100145,100,99777,100,100179,100,99729,100,100307,100,99612,100,100382,100,99569,100,100391,100,99555,100,100453,100,99529,100,100771,100,99114,100
2019-06-28 10:00:50.000000000,100005,320,99899,320,100054,520,99894,320,100108,100,99890,100,100145,100,99777,100,100179,100,99729,100,100307,100,99612,100,100382,100,99569,100,100391,100,99555,100,100453,100,99529,100,100771,100,99114,100
2019-06-28 10:00:58.460320297,100005,320,99899,220,100054,520,99894,320,100108,100,99890,100,100145,100,99777,100,100179,100,99729,100,100307,100,99612,100,100382,100,99569,100,100391,100,99555,100,100453,100,99529,100,100771,100,99114,100
2019-06-28 10:01:00.000000000,100005,210,99894,210,100054,410,99890,210,100108,210,99777,210,100145,210,99729,210,100179,100,99612,100,100307,100,99569,100,100382,100,99555,100,100391,100,99529,100,100453,100,99114,100,100771,100,98564,100
2019-06-28 10:01:02.473090343,100005,210,99894,210,100054,410,99890,210,100108,210,99777,210,100145,210,99729,210,100179,100,99612,100,100307,100,99569,100,100382,100,99555,100,100391,100,99529,100,100453,100,99114,100,100771,100,98564,100
2019-06-28 10:01:09.488276247,100005,210,99894,110,100054,410,99890,210,100108,210,99777,210,100145,210,99729,210,100179,100,99612,100,100307,100,99569,100,100382,100,99555,100,100391,100,99529,100,100453,100,99114,100,100771,100,98564,100
2019-06-28 10:01:10.000000000,100005,210,99890,210,100054,410,99777,210,100108,210,99729,210,100145,210,99612,210,100179,100,99569,100,100307,100,99555,100,100382,100,99529,100,100391,100,99114,100,100453,100,98564,100,100771,100,98547,100
2019-06-28 10:01:20.000000000,100005,540,99890,540,100054,300,99777,100,100108,100,99729,100,100145,100,99612,100,100179,100,99569,100,100307,100,99555,100,100382,100,99529,100,100391,100,99114,100,100453,100,98564,100,100771,100,98547,100
2019-06-28 10:01:30.000000000,100005,188,99890,188,100054,388,99777,188,100108,188,99729,188,100145,188,99612,188,100179,188,99569,188,100307,100,99555,100,100382,100,99529,100,100391,100,99114,100,100453,100,98564,100,100771,100,98547,100
2019-06-28 10:01:40.000000000,100005,320,99890,320,100054,520,99777,320,100108,100,99729,100,100145,100,99612,100,100179,100,99569,100,100307,100,99555,100,100382,100,99529,100,100391,100,99114,100,100453,100,98564,100,100771,100,98547,100
2019-06-28 10:01:46.852525530,100005,320,99890,220,100054,520,99777,220,100108,100,99729,100,100145,100,99612,100,100179,100,99569,100,100307,100,99555,100,100382,100,99529,100,100391,100,99114,100,100453,100,98564,100,100771,100,98547,100
2019-06-28 10:01:50.000000000,100005,188,99729,188,100054,388,99612,188,100108,188,99569,188,100145,188,99555,188,100179,188,99529,188,100307,100,99114,100,100382,100,98564,100,100391,100,98547,100,100453,100,98500,100,100771,100,98438,100
2019-06-28 10:01:51.717985955,100005,188,99729,188,100054,388,99612,188,100108,188,99569,188,100145,188,99555,188,100179,188,99529,188,100307,100,99114,100,100382,100,98813,100,100391,100,98564,100,100453,100,98547,100,100771,100,98500,100
2019-06-28 10:02:00.000000000,100005,540,99729,540,100054,300,99612,100,100108,100,99569,100,100145,100,99555,100,100179,100,99529,100,100307,100,99114,100,100382,100,98813,100,100391,100,98564,100,100453,100,98547,100,100771,100,98500,100
2019-06-28 10:02:10.000000000,100005,250,99729,250,100054,445,99612,245,100108,245,99569,245,100145,100,99555,100,100179,100,99529,100,100307,100,99114,100,100382,100,98813,100,100391,100,98564,100,100453,100,98547,100,100771,100,98500,100
2019-06-28 10:02:20.000000000,100005,320,99729,320,100054,520,99612,320,100108,100,99569,100,100145,100,99555,100,100179,100,99529,100,100307,100,99114,100,100382,100,98813,100,100391,100,98564,100,100453,100,98547,100,100771,100,98500,100
2019-06-28 10:02:26.793514246,100005,320,99729,120,100054,520,99612,320,100108,100,99569,100,100145,100,99555,100,100179,100,99529,100,100307,100,99114,100,100382,100,98813,100,100391,100,98564,100,100453,100,98547,100,100771,100,98500,100
2019-06-28 10:02:29.895820006,100005,320,99729,20,100054,520,99612,320,100108,100,99569,100,100145,100,99529,100,100179,100,99114,100,100307,100,98813,100,100382,100,98564,100,100391,100,98547,100,100453,100,98500,100,100771,100,98438,100
2019-06-28 10:02:30.000000000,100005,188,99612,188,100054,388,99569,188,100108,188,99529,188,100145,188,99114,188,100179,188,98813,188,100307,100,98564,100,100382,100,98547,100,100391,100,98500,100,100453,100,98438,100,100771,100,98297,100
2019-06-28 10:02:33.642983733,100005,188,99612,88,100054,388,99569,188,100108,188,99529,188,100145,188,99114,188,100179,188,98813,188,100307,100,98564,100,100382,100,98547,100,100391,100,98500,100,100453,100,98438,100,100771,100,98297,100
2019-06-28 10:02:40.000000000,100005,320,99569,320,100054,520,99529,320,100108,100,99114,100,100145,100,98813,100,100179,100,98564,100,100307,100,98547,100,100382,100,98500,100,100391,100,98438,100,100453,100,98297,100,100771,100,98278,100
2019-06-28 10:02:50.000000000,100005,210,99569,210,100054,410,99529,210,100108,210,99114,210,100145,210,98813,210,100179,100,98564,100,100307,100,98547,100,100382,100,98500,100,100391,100,98438,100,100453,100,98297,100,100771,100,98278,100
2019-06-28 10:03:00.000000000,100005,540,99569,540,100054,300,99529,100,100108,100,99114,100,100145,100,98813,100,100179,100,98564,100,100307,100,98547,100,100382,100,98500,100,100391,100,98438,100,100453,100,98297,100,100771,100,98278,100
2019-06-28 10:03:02.382236520,100005,540,99569,440,100054,300,99529,100,100108,100,99114,100,100145,100,98813,100,100179,100,98564,100,100307,100,98547,100,100382,100,98500,100,100391,100,98438,100,100453,100,98297,100,100771,100,98278,100
2019-06-28 10:03:10.000000000,100005,188,99529,188,100054,388,99114,188,100108,188,98813,188,100145,188,98564,188,100179,188,98547,188,100307,100,98500,100,100382,100,98438,100,100391,100,98297,100,100453,100,98278,100,100771,100,98163,100
2019-06-28 10:03:20.000000000,100005,188,99529,188,100054,388,99114,188,100108,188,98813,188,100145,188,98564,188,100179,188,98547,188,100307,100,98500,100,100382,100,98438,100,100391,100,98297,100,100453,100,98278,100,100771,100,98163,100
2019-06-28 10:03:30.000000000,100005,250,99529,250,100054,445,99114,245,100108,245,98813,245,100145,100,98564,100,100179,100,98547,100,100307,100,98500,100,100382,100,98438,100,100391,100,98297,100,100453,100,98278,100,100771,100,98163,100
2019-06-28 10:03:38.462870111,99730,100,99529,250,100005,250,99114,245,100054,445,98813,245,100108,245,98564,100,100145,100,98547,100,100179,100,98500,100,100307,100,98438,100,100382,100,98297,100,100391,100,98278,100,100453,100,98163,100
2019-06-28 10:03:39.135828003,99730,100,99529,150,100005,250,99114,245,100054,445,98813,245,100108,245,98564,100,100145,100,98547,100,100179,100,98500,100,100307,100,98438,100,100382,100,98297,100,100391,100,98278,100,100453,100,98163,100
2019-06-28 10:03:40.000000000,99730,188,99114,188,100005,188,98813,188,100054,388,98564,188,100108,188,98547,188,100145,188,98500,188,100179,100,98438,100,100307,100,98297,100,100382,100,98278,100,100391,100,98163,100,100453,100,,
2019-06-28 10:03:50.000000000,99730,540,99114,540,100005,100,98813,100,100054,300,98564,100,100108,100,98547,100,100145,100,98500,100,100179,100,98438,100,100307,100,98297,100,100382,100,98278,100,100391,100,98163,100,100453,100,,
2019-06-28 10:04:00.000000000,99730,210,99114,210,100005,210,98813,210,100054,410,98564,210,100108,210,98547,210,100145,100,98500,100,100179,100,98438,100,100307,100,98297,100,100382,100,98278,100,100391,100,98163,100,100453,100,,
2019-06-28 10:04:10.000000000,99730,540,99114,540,100005,100,98813,100,100054,300,98564,100,100108,100,98547,100,100145,100,98500,100,100179,100,98438,100,100307,100,98297,100,100382,100,98278,100,100391,100,98163,100,100453,100,,
2019-06-28 10:04:16.756464812,99569,100,99114,540,99730,540,98813,100,100005,100,98564,100,100054,300,98547,100,100108,100,98500,100,100145,100,98438,100,100179,100,98297,100,100307,100,98278,100,100382,100,98163,100,100391,100,,
2019-06-28 10:04:20.000000000,99569,210,99114,210,99730,210,98813,210,100005,210,98564,210,100054,410,98547,210,100108,100,98500,100,100145,100,98438,100,100179,100,98297,100,100307,100,98278,100,100382,100,98163,100,100391,100,,
2019-06-28 10:04:29.621335358,99569,210,99114,210,99730,210,99005,100,100005,210,98813,210,100054,410,98564,210,100108,100,98547,210,100145,100,98500,100,100179,100,98438,100,100307,100,98297,100,100382,100,98278,100,100391,100,98163,100
2019-06-28 10:04:29.854358119,99569,210,99114,210,99730,210,99111,100,100005,210,99005,100,100054,410,98813,210,100108,100,98564,210,100145,100,98547,210,100179,100,98500,100,100307,100,98438,100,100382,100,98297,100,100391,100,98278,100
2019-06-28 10:04:30.000000000,99569,210,99114,210,99730,210,99111,210,100005,210,99005,210,100054,410,98813,210,100108,100,98564,100,100145,100,98547,100,100179,100,98500,100,100307,100,98438,100,100382,100,98297,100,100391,100,98278,100
2019-06-28 10:04:40.000000000,99569,540,99114,540,99730,100,99111,100,100005,100,99005,100,100054,300,98813,100,100108,100,98564,100,100145,100,98547,100,100179,100,98500,100,100307,100,98438,100,100382,100,98297,100,100391,100,98278,100
2019-06-28 10:04:47.074615370,99569,540,99114,440,99730,100,99111,100,100005,100,99005,100,100054,300,98813,100,100108,100,98564,100,100145,100,98547,100,100179,100,98500,100,100307,100,98438,100,100382,100,98297,100,100391,100,98278,100
2019-06-28 10:04:49.394560449,99569,440,99115,100,99730,100,99114,440,100005,100,99111,100,100054,300,99005,100,100108,100,98813,100,100145,100,98564,100,100179,100,98547,100,100307,100,98500,100,100382,100,98438,100,100391,100,98297,100
2019-06-28 10:04:50.000000000,99730,320,99115,320,100005,320,99111,320,100054,300,99005,100,100108,100,98813,100,100145,100,98564,100,100179,100,98547,100,100307,100,98500,100,100382,100,98438,100,100391,100,98297,100,100453,100,98278,100
2019-06-28 10:05:00.000000000,99730,188,99115,188,100005,188,99111,188,100054,388,99005,188,100108,188,98813,188,100145,188,98564,188,100179,100,98547,100,100307,100,98500,100,100382,100,98438,100,100391,100,98297,100,100453,100,98278,100
2019-06-28 10:05:06.601276241,99529,100,99115,188,99730,188,99111,188,100005,188,99005,188,100054,388,98813,188,100108,188,98564,188,100145,188,98547,100,100179,100,98500,100,100307,100,98438,100,100382,100,98297,100,100391,100,98278,100
2019-06-28 10:05:10.000000000,99529,320,99115,320,99730,320,99111,320,100005,100,99005,100,100054,300,98813,100,100108,100,98564,100,100145,100,98547,100,100179,100,98500,100,100307,100,98438,100,100382,100,98297,100,100391,100,98278,100
2019-06-28 10:05:20.000000000,99529,540,99115,540,99730,100,99111,100,100005,100,99005,100,100054,300,98813,100,100108,100,98564,100,100145,100,98547,100,100179,100,98500,100,100307,100,98438,100,100382,100,98297,100,100391,100,98278,100
2019-06-28 10:05:30.000000000,99529,320,99115,320,99730,320,99111,320,100005,100,99005,100,100054,300,98813,100,100108,100,98564,100,100145,100,98547,100,100179,100,98500,100,100307,100,98438,100,100382,100,98297,100,100391,100,98278,100
2019-06-28 10:05:30.040206310,99529,320,99115,320,99730,220,99111,320,100005,100,99005,100,100054,300,98935,100,100108,100,98813,100,100145,100,98564,100,100179,100,98547,100,100307,100,98500,100,100382,100,98438,100,100391,100,98297,100
2019-06-28 10:05:40.000000000,99529,540,99115,540,100005,100,99111,100,100054,300,99005,100,100108,100,98935,100,100145,100,98813,100,100179,100,98564,100,100307,100,98547,100,100382,100,98500,100,100391,100,98438,100,100453,100,98297,100
2019-06-28 10:05:50.000000000,99529,250,99115,250,100005,245,99111,245,100054,445,99005,245,100108,100,98935,100,100145,100,98813,100,100179,100,98564,100,100307,100,98547,100,100382,100,98500,100,100391,100,98438,100,100453,100,98297,100
2019-06-28 10:05:59.857160993,99529,250,99115,150,100005,245,99111,245,100054,445,99005,245,100108,100,98935,100,100145,100,98813,100,100179,100,98564,100,100307,100,98547,100,100382,100,98500,100,100391,100,98438,100,100453,100,98297,100
2019-06-28 10:06:00.000000000,99529,188,99111,188,100005,188,99005,188,100054,388,98935,188,100108,188,98813,188,100145,188,98564,188,100179,100,98547,100,100307,100,98500,100,100382,100,98438,100,100391,100,98297,100,100453,100,98278,100
2019-06-28 10:06:10.000000000,99529,210,99111,210,100005,210,99005,210,100054,410,98935,210,100108,210,98813,210,100145,100,98564,100,100179,100,98547,100,100307,100,98500,100,100382,100,98438,100,100391,100,98297,100,100453,100,98278,100
2019-06-28 10:06:20.000000000,99529,250,99111,250,100005,245,99005,245,100054,445,98935,245,100108,100,98813,100,100145,100,98564,100,100179,100,98547,100,100307,100,98500,100,100382,100,98438,100,100391,100,98297,100,100453,100,98278,100
2019-06-28 10:06:25.486115362,99529,250,99111,250,100005,245,99005,245,100054,445,98935,245,100108,100,98813,100,100145,100,98564,100,100179,100,98547,100,100307,100,98500,100,100382,100,98438,100,100391,100,98297,100,100453,100,98278,100
2019-06-28 10:06:30.000000000,99529,210,99111,210,100005,210,99005,210,100054,410,98935,210,100108,210,98813,210,100145,100,98564,100,100179,100,98547,100,100307,100,98500,100,100382,100,98438,100,100391,100,98297,100,100453,100,98278,100
2019-06-28 10:06:40.000000000,99529,210,99111,210,100005,210,99005,210,100054,410,98935,210,100108,210,98813,210,100145,100,98564,100,100179,100,98547,100,100307,100,98500,100,100382,100,98438,100,100391,100,98297,100,100453,100,98278,100
2019-06-28 10:06:43.389054980,99529,210,99111,210,100005,210,99005,210,100054,410,98935,210,100108,210,98813,210,100145,100,98564,100,100179,100,98547,100,100307,100,98500,100,100382,100,98457,100,100391,100,98438,100,100453,100,98297,100
2019-06-28 10:06:50.000000000,99529,250,99111,250,100005,245,99005,245,100054,445,98935,245,100108,100,98813,100,100145,100,98564,100,100179,100,98547,100,100307,100,98500,100,100382,100,98457,100,100391,100,98438,100,100453,100,98297,100
2019-06-28 10:06:57.977442513,99529,250,99111,150,100005,245,99005,245,100054,445,98935,245,100108,100,98813,100,100145,100,98564,100,100179,100,98547,100,100307,100,98500,100,100382,100,98457,100,100391,100,98438,100,100453,100,98297,100
2019-06-28 10:07:00.000000000,99529,250,99005,250,100005,245,98935,245,100054,445,98813,245,100108,100,98564,100,100145,100,98547,100,100179,100,98500,100,100307,100,98457,100,100382,100,98438,100,100391,100,98297,100,100453,100,98163,100
2019-06-28 10:07:09.036578294,99529,250,99005,150,100005,245,98935,245,100054,445,98813,245,100108,100,98564,100,100145,100,98547,100,100179,100,98500,100,100307,100,98457,100,100382,100,98438,100,100391,100,98163,100,100453,100,98080,100
2019-06-28 10:07:10.000000000,99529,210,98935,210,100005,210,98813,210,100054,410,98564,210,100108,210,98547,210,100145,100,98500,100,100179,100,98457,100,100307,100,98438,100,100382,100,98163,100,100391,100,98080,100,100453,100,,
2019-06-28 10:07:10.439565465,99529,210,98935,210,100005,210,98842,100,100054,410,98813,210,100108,210,98564,210,100145,100,98547,210,100179,100,98500,100,100307,100,98457,100,100382,100,98438,100,100391,100,98163,100,100453,100,98080,100
2019-06-28 10:07:20.000000000,99529,250,98935,250,100005,245,98842,245,100054,445,98813,245,100108,100,98564,100,100145,100,98547,100,100179,100,98500,100,100307,100,98457,100,100382,100,98438,100,100391,100,98163,100,100453,100,98080,100
2019-06-28 10:07:20.220417388,99272,100,98935,250,99529,250,98842,245,100005,245,98813,245,100054,445,98564,100,100108,100,98547,100,100145,100,98500,100,100179,100,98457,100,100307,100,98438,100,100382,100,98163,100,100391,100,98080,100
2019-06-28 10:07:30.000000000,99272,188,98935,188,99529,188,98842,188,100005,188,98813,188,100054,388,98564,188,100108,188,98547,188,100145,100,98500,100,100179,100,98457,100,100307,100,98438,100,100382,100,98163,100,100391,100,98080,100
2019-06-28 10:07:38.370596813,99272,188,99112,100,99529,188,98935,188,100005,188,98842,188,100054,388,98813,188,100108,188,98564,188,100145,100,98547,188,100179,100,98500,100,100307,100,98457,100,100382,100,98438,100,100391,100,98163,100
2019-06-28 10:07:40.000000000,99272,540,99112,540,99529,100,98935,100,100005,100,98842,100,100054,300,98813,100,100108,100,98564,100,100145,100,98547,100,100179,100,98500,100,100307,100,98457,100,100382,100,98438,100,100391,100,98163,100
2019-06-28 10:07:45.259180276,99272,540,99112,540,99364,100,98935,100,99529,100,98842,100,100005,100,98813,100,100054,300,98564,100,100108,100,98547,100,100145,100,98500,100,100179,100,98457,100,100307,100,98438,100,100382,100,98163,100
2019-06-28 10:07:50.000000000,99272,540,99112,540,99364,100,98935,100,99529,100,98842,100,100005,100,98813,100,100054,300,98564,100,100108,100,98547,100,100145,100,98500,100,100179,100,98457,100,100307,100,98438,100,100382,100,98163,100
2019-06-28 10:07:53.751824413,99272,540,99112,540,99364,100,99005,100,99529,100,98935,100,100005,100,98842,100,100054,300,98813,100,100108,100,98564,100,100145,100,98547,100,100179,100,98500,100,100307,100,98457,100,100382,100,98438,100
2019-06-28 10:08:00.000000000,99272,540,99112,540,99364,100,99005,100,99529,100,98935,100,100005,100,98842,100,100054,300,98813,100,100108,100,98564,100,100145,100,98547,100,100179,100,98500,100,100307,100,98457,100,100382,100,98438,100
2019-06-28 10:08:10.000000000,99272,188,99112,188,99364,188,99005,188,99529,188,98935,188,100005,188,98842,188,100054,388,98813,188,100108,100,98564,100,100145,100,98547,100,100179,100,98500,100,100307,100,98457,100,100382,100,98438,100
2019-06-28 10:08:11.393822586,99272,188,99112,288,99364,188,99005,188,99529,188,98935,188,100005,188,98842,188,100054,388,98813,188,100108,100,98564,100,100145,100,98547,100,100179,100,98500,100,100307,100,98457,100,100382,100,98438,100
2019-06-28 10:08:20.000000000,99272,540,99112,640,99364,100,99005,100,99529,100,98935,100,100005,100,98842,100,100054,300,98813,100,100108,100,98564,100,100145,100,98547,100,100179,100,98500,100,100307,100,98457,100,100382,100,98438,100
