,ask_price_1,ask_size_1,bid_price_1,bid_size_1,ask_price_2,ask_size_2,bid_price_2,bid_size_2,ask_price_3,ask_size_3,bid_price_3,bid_size_3,ask_price_4,ask_size_4,bid_price_4,bid_size_4,ask_price_5,ask_size_5,bid_price_5,bid_size_5,ask_price_6,ask_size_6,bid_price_6,bid_size_6,ask_price_7,ask_size_7,bid_price_7,bid_size_7,ask_price_8,ask_size_8,bid_price_8,bid_size_8,ask_price_9,ask_size_9,bid_price_9,bid_size_9,ask_price_10,ask_size_10,bid_price_10,bid_size_10
2019-06-28 09:30:00.000000001,100143,100,99958,100,,,,,,,,,,,,,,,,,,,,,,,,,,,,,,,,,,,,
2019-06-28 09:30:00.000000003,100143,100,99959,100,100157,100,99958,100,100223,100,,,,,,,,,,,,,,,,,,,,,,,,,,,,,,
2019-06-28 09:30:00.000000009,100048,100,99959,100,100143,100,99958,100,100157,100,,,100223,100,,,,,,,,,,,,,,,,,,,,,,,,,,
2019-06-28 09:30:00.000000014,100048,100,99959,100,100143,100,99958,100,100157,100,99897,100,100223,100,,,,,,,,,,,,,,,,,,,,,,,,,,
2019-06-28 09:30:00.000000016,100048,100,99971,100,100143,100,99959,100,100157,100,99958,100,100223,100,99897,100,,,,,,,,,,,,,,,,,,,,,,,,
2019-06-28 09:30:00.000000017,100048,100,99971,100,100143,100,99959,100,100157,100,99958,100,100223,100,99933,100,,,99897,100,,,99815,100,,,,,,,,,,,,,,,,
2019-06-28 09:30:00.000000024,100048,100,99971,100,100143,100,99959,100,100157,100,99958,100,100223,100,99933,100,,,99904,100,,,99897,100,,,99815,100,,,,,,,,,,,,
2019-06-28 09:30:00.000000025,100048,100,99971,100,100143,100,99959,100,100157,100,99958,100,100223,100,99950,100,,,99933,100,,,99904,100,,,99897,100,,,99815,100,,,,,,,,
2019-06-28 09:30:00.000000029,100048,100,99971,100,100143,100,99967,100,100157,100,99959,100,100223,100,99958,100,,,99950,100,,,99933,100,,,99904,100,,,99897,100,,,99848,100,,,99815,100
2019-06-28 09:30:00.000000030,100048,100,99971,100,100067,100,99967,100,100143,100,99959,100,100157,100,99958,100,100223,100,99950,100,,,99933,100,,,99904,100,,,99897,100,,,99848,100,,,99815,100
2019-06-28 09:30:00.000000031,100048,100,99971,100,100067,100,99967,100,100143,100,99959,100,100157,100,99958,100,100223,100,99950,100,,,99933,100,,,99904,100,,,99897,100,,,99848,200,,,99815,100
2019-06-28 09:30:00.000000037,100048,100,99967,100,100067,100,99959,100,100143,100,99958,100,100157,100,99950,100,100223,100,99933,100,,,99904,100,,,99897,100,,,99848,200,,,99815,100,,,,
2019-06-28 09:30:00.000000043,100048,100,100028,100,100067,100,99967,100,100138,100,99959,100,100143,100,99958,100,100157,100,99950,100,100223,100,99933,100,,,99904,100,,,99897,100,,,99848,200,,,99815,100
2019-06-28 09:30:00.000000045,100048,100,100028,100,100067,100,99967,100,100138,100,99959,100,100143,100,99958,100,100157,100,99950,100,100223,100,99933,100,,,99904,100,,,99897,100,,,99888,100,,,99848,200
2019-06-28 09:30:00.000000048,100048,100,100028,100,100067,100,99967,100,100138,100,99959,100,100143,100,99958,100,100157,100,99950,100,100223,100,99933,100,,,99922,100,,,99904,100,,,99897,100,,,99888,100
2019-06-28 09:30:00.000000050,100048,100,100028,100,100067,100,99994,100,100138,100,99967,100,100143,100,99959,100,100157,100,99958,100,100223,100,99950,100,,,99933,100,,,99922,100,,,99904,100,,,99897,100
2019-06-28 09:30:00.000000051,100048,100,100028,100,100067,100,99994,100,100113,100,99967,100,100114,100,99959,100,100138,100,99958,100,100143,100,99950,100,100157,100,99933,100,100223,100,99922,100,100225,100,99904,100,,,99897,100
2019-06-28 09:30:00.000000052,100048,100,100028,100,100067,100,99994,100,100087,100,99972,100,100113,100,99967,100,100114,100,99959,100,100138,100,99958,100,100143,100,99950,100,100157,100,99933,100,100223,100,99922,100,100225,100,99904,100
2019-06-28 09:30:00.000000053,100048,100,100028,100,100067,100,99994,100,100087,100,99972,100,100113,100,99967,100,100114,100,99959,100,100138,100,99958,100,100143,100,99950,100,100157,100,99933,100,100223,100,99924,100,100225,100,99922,100
2019-06-28 09:30:00.000000054,100037,100,100028,100,100048,100,99994,100,100062,100,99972,100,100067,100,99967,100,100087,100,99959,100,100113,100,99958,100,100114,100,99950,100,100138,100,99933,100,100143,100,99924,100,100157,100,99922,100
2019-06-28 09:30:00.000000057,100037,100,99994,100,100048,100,99972,100,100062,100,99967,100,100067,100,99959,100,100087,100,99958,100,100113,100,99950,100,100114,100,99933,100,100138,100,99924,100,100143,100,99922,100,100157,100,99904,100
2019-06-28 09:30:00.000000059,100037,100,99994,100,100048,100,99972,100,100062,100,99967,100,100067,100,99959,100,100087,100,99958,100,100113,100,99950,100,100114,100,99933,100,100138,100,99924,100,100143,100,99922,100,100157,100,99904,100
2019-06-28 09:30:00.000000064,100037,100,99994,100,100040,100,99972,100,100048,100,99967,100,100062,100,99959,100,100067,100,99958,100,100087,100,99950,100,100113,100,99933,100,100114,100,99924,100,100138,100,99922,100,100143,100,99904,100
2019-06-28 09:30:00.000000065,100037,100,99994,100,100040,100,99972,100,100048,100,99967,100,100062,200,99959,100,100067,100,99958,100,100087,100,99951,100,100113,100,99950,100,100114,100,99933,100,100138,100,99924,100,100143,100,99922,100
2019-06-28 09:30:00.000000068,100037,100,100012,100,100040,100,99972,100,100048,100,99967,100,100062,200,99959,100,100067,100,99958,100,100087,100,99951,100,100113,100,99950,100,100114,100,99933,100,100138,100,99924,100,100143,100,99922,100
2019-06-28 09:30:00.000000069,100012,100,99972,100,100037,100,99967,100,100040,100,99959,100,100048,100,99958,100,100062,200,99951,100,100067,100,99950,100,100087,100,99933,100,100113,100,99924,100,100114,100,99922,100,100138,100,99904,100
2019-06-28 09:30:00.000000070,100012,100,99972,100,100037,100,99967,100,100040,100,99959,100,100048,100,99958,100,100062,200,99951,100,100067,100,99950,100,100087,100,99940,100,100113,100,99933,100,100114,100,99924,100,100138,100,99922,100
2019-06-28 09:30:00.000000071,100012,100,99994,100,100037,100,99972,100,100040,100,99967,100,100048,100,99959,100,100062,200,99958,100,100067,100,99951,100,100087,100,99950,100,100113,100,99940,100,100114,100,99933,100,100138,100,99924,100
2019-06-28 09:30:00.000000072,100037,100,99994,100,100040,100,99972,100,100048,100,99967,100,100062,200,99959,100,100067,100,99958,100,100087,100,99951,100,100113,100,99950,100,100114,100,99940,100,100138,100,99933,100,100143,100,99924,100
2019-06-28 09:30:00.000000073,100012,100,99994,100,100037,100,99972,100,100040,100,99967,100,100044,100,99959,100,100048,100,99958,100,100062,200,99951,100,100067,100,99950,100,100087,100,99940,100,100113,100,99933,100,100114,100,99924,100
2019-06-28 09:30:00.000000075,100012,100,99994,100,100037,100,99972,100,100040,100,99967,100,100044,100,99966,100,100048,100,99959,100,100062,200,99958,100,100067,100,99951,100,100087,100,99950,100,100113,100,99940,100,100114,100,99933,100
2019-06-28 09:30:00.000000077,100012,100,99972,100,100037,100,99967,100,100040,100,99966,100,100044,100,99959,100,100048,100,99958,100,100062,200,99951,100,100067,100,99950,100,100087,100,99940,100,100113,100,99933,100,100114,100,99924,100
2019-06-28 09:30:00.000000079,100012,100,99972,100,100037,100,99967,100,100040,100,99966,100,100044,100,99959,100,100048,100,99958,100,100062,200,99951,100,100067,100,99950,100,100087,100,99940,100,100113,100,99933,100,100114,100,99924,100
2019-06-28 09:30:00.000000081,100012,100,100005,100,100037,100,99972,100,100040,100,99967,100,100044,100,99966,100,100048,100,99959,100,100062,200,99958,100,100067,100,99951,100,100087,100,99950,100,100113,100,99940,100,100114,100,99933,100
2019-06-28 09:30:00.000000082,100012,100,100005,100,100037,100,99988,100,100040,100,99972,100,100044,100,99967,100,100048,100,99966,100,100062,200,99959,100,100067,100,99958,100,100087,100,99951,100,100113,100,99950,100,100114,100,99940,100
2019-06-28 09:30:00.000000084,100012,100,100005,100,100037,100,99994,100,100040,100,99988,100,100044,100,99972,100,100048,100,99967,100,100062,200,99966,100,100067,100,99959,100,100087,100,99958,100,100113,100,99951,100,100114,100,99950,100
2019-06-28 09:30:00.000000085,100010,100,100005,100,100012,100,99994,300,100037,100,99988,100,100040,100,99972,100,100044,100,99967,100,100048,100,99966,100,100062,200,99959,100,100067,100,99958,100,100087,100,99951,100,100113,100,99950,100
2019-06-28 09:30:00.000000086,100010,100,100005,100,100012,100,99994,300,100037,100,99988,100,100040,100,99972,100,100044,100,99967,100,100048,100,99966,100,100062,200,99959,100,100067,100,99958,100,100087,100,99953,100,100113,100,99951,100
2019-06-28 09:30:00.000000087,100010,100,100005,100,100012,100,99994,300,100037,100,99988,100,100040,100,99972,100,100044,100,99967,100,100048,100,99966,100,100062,200,99959,100,100067,100,99958,100,100081,100,99953,100,100087,100,99951,100
2019-06-28 09:30:00.000000089,100010,100,100005,100,100012,100,99994,300,100017,100,99988,100,100037,100,99972,100,100040,100,99967,100,100044,100,99966,100,100048,100,99959,100,100062,200,99958,100,100067,100,99953,100,100081,100,99951,100
2019-06-28 09:30:00.000000093,100010,100,100005,100,100012,100,99994,300,100017,100,99988,100,100037,100,99972,100,100040,100,99967,100,100044,100,99966,100,100048,100,99959,100,100062,200,99958,100,100067,100,99953,100,100081,100,99951,100
2019-06-28 09:30:00.000000095,100010,100,100005,100,100012,100,99994,300,100017,100,99988,100,100037,100,99972,100,100040,100,99967,100,100044,100,99966,100,100048,100,99959,100,100062,200,99958,100,100067,100,99953,100,100081,100,99951,100
2019-06-28 09:30:00.000000096,100010,100,99994,300,100012,100,99988,100,100017,100,99972,100,100037,100,99967,100,100040,100,99966,100,100044,100,99959,100,100048,100,99958,100,100062,200,99953,100,100067,100,99951,100,100081,100,99950,100
2019-06-28 09:30:00.000000099,100010,100,99995,100,100012,100,99994,300,100013,100,99988,100,100017,100,99972,100,100037,100,99970,100,100040,100,99967,100,100044,100,99966,100,100048,100,99959,100,100054,100,99958,100,100062,200,99953,100
2019-06-28 09:30:10.000000000,100010,308,99995,308,100012,308,99994,508,100013,100,99988,100,100017,100,99972,100,100037,100,99970,100,100040,100,99967,100,100044,100,99966,100,100048,100,99959,100,100054,100,99958,100,100062,200,99953,100
2019-06-28 09:30:19.761961331,100009,100,99995,308,100010,308,99994,508,100012,308,99988,100,100013,100,99972,100,100017,100,99970,100,100037,100,99967,100,100040,100,99966,100,100044,100,99959,100,100048,100,99958,100,100054,100,99953,100
2019-06-28 09:30:20.000000000,100009,204,99995,204,100010,204,99994,404,100012,204,99988,204,100013,204,99972,204,100017,100,99970,100,100037,100,99967,100,100040,100,99966,100,100044,100,99959,100,100048,100,99958,100,100054,100,99953,100
2019-06-28 09:30:29.240126025,100009,204,99995,204,100010,204,99994,404,100012,204,99988,204,100013,204,99972,204,100017,100,99970,100,100037,100,99967,100,100040,100,99966,100,100044,100,99959,100,100048,100,99958,100,100054,100,99953,100
2019-06-28 09:30:30.000000000,100009,241,99995,241,100010,237,99994,437,100012,237,99988,237,100013,100,99972,100,100017,100,99970,100,100037,100,99967,100,100040,100,99966,100,100044,100,99959,100,100048,100,99958,100,100054,100,99953,100
2019-06-28 09:30:36.455838954,100009,241,99995,241,100010,237,99994,437,100012,237,99988,237,100013,100,99972,100,100017,100,99970,100,100037,100,99967,100,100040,100,99966,100,100044,100,99959,100,100048,100,99958,100,100054,100,99953,200
2019-06-28 09:30:40.000000000,100009,515,99995,515,100010,100,99994,300,100012,100,99988,100,100013,100,99972,100,100017,100,99970,100,100037,100,99967,100,100040,100,99966,100,100044,100,99959,100,100048,100,99958,100,100054,100,99953,200
2019-06-28 09:30:43.286676534,100009,515,99995,615,100010,100,99994,300,100012,100,99988,100,100013,100,99972,100,100017,100,99970,100,100037,100,99966,100,100040,100,99959,100,100044,100,99958,100,100048,100,99953,200,100054,100,99951,100
2019-06-28 09:30:44.809526983,100009,515,99995,615,100010,100,99994,300,100012,100,99988,100,100013,100,99972,100,100017,100,99970,100,100037,100,99966,100,100040,100,99959,100,100044,100,99958,100,100048,100,99953,200,100054,100,99951,100
2019-06-28 09:30:50.000000000,100009,204,99995,304,100010,204,99994,404,100012,204,99988,204,100013,204,99972,204,100017,100,99970,100,100037,100,99966,100,100040,100,99959,100,100044,100,99958,100,100048,100,99953,200,100054,100,99951,100
2019-06-28 09:30:58.172896098,100005,100,99995,304,100009,204,99994,404,100010,204,99988,204,100012,204,99972,204,100013,204,99970,100,100017,100,99966,100,100037,100,99959,100,100040,100,99958,100,100044,100,99953,200,100048,100,99951,100
2019-06-28 09:31:00.000000000,100005,515,99995,615,100009,100,99994,300,100010,100,99988,100,100012,100,99972,100,100013,100,99970,100,100017,100,99966,100,100037,100,99959,100,100040,100,99958,100,100044,100,99953,200,100048,100,99951,100
2019-06-28 09:31:10.000000000,100005,515,99995,615,100009,100,99994,300,100010,100,99988,100,100012,100,99972,100,100013,100,99970,100,100017,100,99966,100,100037,100,99959,100,100040,100,99958,100,100044,100,99953,200,100048,100,99951,100
2019-06-28 09:31:20.000000000,100005,241,99995,341,100009,237,99994,437,100010,237,99988,237,100012,100,99972,100,100013,100,99970,100,100017,100,99966,100,100037,100,99959,100,100040,100,99958,100,100044,100,99953,200,100048,100,99951,100
2019-06-28 09:31:30.000000000,100005,308,99995,408,100009,308,99994,508,100010,100,99988,100,100012,100,99972,100,100013,100,99970,100,100017,100,99966,100,100037,100,99959,100,100040,100,99958,100,100044,100,99953,200,100048,100,99951,100
2019-06-28 09:31:32.517820625,100005,308,99995,308,100009,308,99994,508,100010,100,99988,100,100012,100,99972,100,100013,100,99970,100,100017,100,99966,100,100037,100,99959,100,100040,100,99958,100,100044,100,99953,200,100048,100,99951,100
2019-06-28 09:31:35.609420683,100005,308,99995,308,100009,308,99994,508,100010,100,99988,100,100012,100,99972,100,100013,100,99970,100,100017,100,99966,100,100037,100,99959,100,100040,100,99958,100,100044,100,99953,200,100048,100,99951,100
2019-06-28 09:31:40.000000000,100005,515,99995,515,100009,100,99994,300,100010,100,99988,100,100012,100,99972,100,100013,100,99970,100,100017,100,99966,100,100037,100,99959,100,100040,100,99958,100,100044,100,99953,200,100048,100,99951,100
2019-06-28 09:31:50.000000000,100005,308,99995,308,100009,308,99994,508,100010,100,99988,100,100012,100,99972,100,100013,100,99970,100,100017,100,99966,100,100037,100,99959,100,100040,100,99958,100,100044,100,99953,200,100048,100,99951,100
2019-06-28 09:31:56.639533658,100005,308,99995,308,100009,308,99994,508,100010,100,99988,100,100012,100,99972,100,100013,100,99970,100,100037,100,99966,100,100040,100,99959,100,100044,100,99958,100,100048,100,99953,200,100054,100,99951,100
2019-06-28 09:32:00.000000000,100005,515,99995,515,100009,100,99994,300,100010,100,99988,100,100012,100,99972,100,100013,100,99970,100,100037,100,99966,100,100040,100,99959,100,100044,100,99958,100,100048,100,99953,200,100054,100,99951,100
2019-06-28 09:32:10.000000000,100005,515,99995,515,100009,100,99994,300,100010,100,99988,100,100012,100,99972,100,100013,100,99970,100,100037,100,99966,100,100040,100,99959,100,100044,100,99958,100,100048,100,99953,200,100054,100,99951,100
2019-06-28 09:32:20.000000000,100005,515,99995,515,100009,100,99994,300,100010,100,99988,100,100012,100,99972,100,100013,100,99970,100,100037,100,99966,100,100040,100,99959,100,100044,100,99958,100,100048,100,99953,200,100054,100,99951,100
2019-06-28 09:32:30.000000000,100005,515,99995,515,100009,100,99994,300,100010,100,99988,100,100012,100,99972,100,100013,100,99970,100,100037,100,99966,100,100040,100,99959,100,100044,100,99958,100,100048,100,99953,200,100054,100,99951,100
2019-06-28 09:32:40.000000000,100005,308,99995,308,100009,308,99994,508,100010,100,99988,100,100012,100,99972,100,100013,100,99970,100,100037,100,99966,100,100040,100,99959,100,100044,100,99958,100,100048,100,99953,200,100054,100,99951,100
2019-06-28 09:32:42.942261098,100004,100,99995,308,100005,308,99994,508,100009,308,99988,100,100010,100,99972,100,100012,100,99970,100,100013,100,99966,100,100037,100,99959,100,100040,100,99958,100,100044,100,99953,200,100048,100,99951,100
2019-06-28 09:32:46.899698961,100004,100,99995,208,100005,308,99994,508,100009,308,99988,100,100010,100,99972,100,100012,100,99970,100,100013,100,99966,100,100037,100,99959,100,100040,100,99958,100,100044,100,99953,200,100048,100,99951,100
2019-06-28 09:32:50.000000000,100004,308,99994,508,100005,308,99988,308,100009,100,99972,100,100010,100,99970,100,100012,100,99966,100,100013,100,99959,100,100037,100,99958,100,100040,100,99953,200,100044,100,99951,100,100048,100,99950,100
2019-06-28 09:32:54.736720368,100004,308,99994,408,100005,308,99988,308,100009,100,99972,100,100010,100,99970,100,100012,100,99966,100,100013,100,99959,100,100037,100,99958,100,100040,100,99953,200,100044,100,99951,100,100048,100,99950,100
2019-06-28 09:33:00.000000000,100004,515,99994,615,100005,100,99988,100,100009,100,99972,100,100010,100,99970,100,100012,100,99966,100,100013,100,99959,100,100037,100,99958,100,100040,100,99953,200,100044,100,99951,100,100048,100,99950,100
2019-06-28 09:33:10.000000000,100004,241,99994,341,100005,237,99988,237,100009,237,99972,237,100010,100,99970,100,100012,100,99966,100,100013,100,99959,100,100037,100,99958,100,100040,100,99953,200,100044,100,99951,100,100048,100,99950,100
2019-06-28 09:33:20.000000000,100004,183,99994,283,100005,183,99988,183,100009,183,99972,183,100010,183,99970,183,100012,183,99966,183,100013,100,99959,100,100037,100,99958,100,100040,100,99953,200,100044,100,99951,100,100048,100,99950,100
2019-06-28 09:33:30.000000000,100004,241,99994,341,100005,237,99988,237,100009,237,99972,237,100010,100,99970,100,100012,100,99966,100,100013,100,99959,100,100037,100,99958,100,100040,100,99953,200,100044,100,99951,100,100048,100,99950,100
2019-06-28 09:33:32.410286263,100004,241,99994,241,100005,237,99988,237,100009,237,99972,237,100010,100,99970,100,100012,100,99966,100,100013,100,99959,100,100037,100,99958,100,100040,100,99953,100,100044,100,99951,100,100048,100,99950,100
2019-06-28 09:33:34.725025563,100004,241,99994,141,100005,237,99988,237,100009,237,99972,237,100010,100,99970,100,100012,100,99966,100,100013,100,99959,100,100037,100,99953,100,100040,100,99951,100,100044,100,99950,100,100048,100,99940,100
2019-06-28 09:33:35.383353944,100004,241,99994,41,100005,237,99988,237,100009,237,99972,237,100010,100,99970,100,100012,100,99966,100,100013,100,99959,100,100037,100,99953,100,100040,100,99951,100,100044,100,99950,100,100048,100,99940,100
2019-06-28 09:33:40.000000000,100004,308,99988,308,100005,308,99972,308,100009,100,99970,100,100010,100,99966,100,100012,100,99959,100,100013,100,99953,100,100037,100,99951,100,100040,100,99950,100,100044,100,99940,100,100048,100,99933,100
2019-06-28 09:33:41.887735374,99994,100,99988,308,100004,308,99972,308,100005,308,99970,100,100009,100,99966,100,100010,100,99953,100,100012,100,99951,100,100013,100,99950,100,100037,100,99940,100,100040,100,99933,100,100044,100,99924,100
2019-06-28 09:33:44.958085003,99994,100,99988,308,100004,308,99972,308,100005,308,99970,100,100009,100,99966,100,100010,100,99953,100,100012,100,99951,100,100013,100,99950,100,100037,100,99940,100,100044,100,99933,100,100048,100,99924,100
2019-06-28 09:33:47.822220208,99994,200,99988,308,100004,308,99972,308,100005,208,99970,100,100009,100,99966,100,100010,100,99953,100,100012,100,99951,100,100013,100,99950,100,100037,100,99940,100,100044,100,99933,100,100048,100,99924,100
2019-06-28 09:33:50.000000000,99994,283,99988,183,100004,183,99972,183,100009,183,99970,183,100010,183,99966,183,100012,183,99953,183,100013,100,99951,100,100037,100,99950,100,100044,100,99940,100,100048,100,99933,100,100054,100,99924,100
2019-06-28 09:34:00.000000000,99994,341,99988,241,100004,237,99972,237,100009,237,99970,237,100010,100,99966,100,100012,100,99953,100,100013,100,99951,100,100037,100,99950,100,100044,100,99940,100,100048,100,99933,100,100054,100,99924,100
2019-06-28 09:34:03.098161429,99994,341,99988,241,100004,237,99972,237,100009,237,99970,237,100010,100,99966,100,100012,100,99953,100,100013,100,99951,100,100037,100,99950,100,100044,100,99940,100,100048,100,99933,100,100054,100,99924,100
2019-06-28 09:34:10.000000000,99994,283,99988,183,100004,183,99972,183,100009,183,99970,183,100010,183,99966,183,100012,183,99953,183,100013,100,99951,100,100037,100,99950,100,100044,100,99940,100,100048,100,99933,100,100054,100,99924,100
2019-06-28 09:34:20.000000000,99994,615,99988,515,100004,100,99972,100,100009,100,99970,100,100010,100,99966,100,100012,100,99953,100,100013,100,99951,100,100037,100,99950,100,100044,100,99940,100,100048,100,99933,100,100054,100,99924,100
2019-06-28 09:34:20.460724916,99994,615,99988,515,100004,100,99972,100,100009,100,99970,100,100010,100,99966,100,100012,100,99953,100,100013,100,99951,100,100037,100,99950,100,100044,100,99940,100,100048,100,99933,100,100054,100,99924,100
2019-06-28 09:34:25.781228478,99994,615,99988,515,100004,100,99972,100,100009,100,99970,100,100010,100,99966,100,100012,100,99953,100,100013,100,99951,100,100044,100,99950,100,100048,100,99940,100,100054,100,99933,100,100062,200,99924,100
2019-06-28 09:34:30.000000000,99994,341,99988,241,100004,237,99972,237,100009,237,99970,237,100010,100,99966,100,100012,100,99953,100,100013,100,99951,100,100044,100,99950,100,100048,100,99940,100,100054,100,99933,100,100062,200,99924,100
2019-06-28 09:34:40.000000000,99994,341,99988,241,100004,237,99972,237,100009,237,99970,237,100010,100,99966,100,100012,100,99953,100,100013,100,99951,100,100044,100,99950,100,100048,100,99940,100,100054,100,99933,100,100062,200,99924,100
2019-06-28 09:34:50.000000000,99994,304,99988,204,100004,204,99972,204,100009,204,99970,204,100010,204,99966,204,100012,100,99953,100,100013,100,99951,100,100044,100,99950,100,100048,100,99940,100,100054,100,99933,100,100062,200,99924,100
2019-06-28 09:35:00.000000000,99994,615,99988,515,100004,100,99972,100,100009,100,99970,100,100010,100,99966,100,100012,100,99953,100,100013,100,99951,100,100044,100,99950,100,100048,100,99940,100,100054,100,99933,100,100062,200,99924,100
2019-06-28 09:35:06.605887627,99994,715,99988,515,100004,100,99972,100,100009,100,99970,100,100010,100,99966,100,100012,100,99953,100,100013,100,99951,100,100044,100,99950,100,100048,100,99940,100,100054,100,99933,100,100062,200,99924,100
2019-06-28 09:35:07.353855085,99994,715,99988,515,100004,100,99970,100,100009,100,99966,100,100010,100,99953,100,100012,100,99951,100,100013,100,99950,100,100044,100,99940,100,100048,100,99933,100,100054,100,99924,100,100062,200,99922,100
2019-06-28 09:35:10.000000000,99994,715,99988,515,100004,100,99970,100,100009,100,99966,100,100010,100,99953,100,100012,100,99951,100,100013,100,99950,100,100044,100,99940,100,100048,100,99933,100,100054,100,99924,100,100062,200,99922,100
2019-06-28 09:35:20.000000000,99994,715,99988,515,100004,100,99970,100,100009,100,99966,100,100010,100,99953,100,100012,100,99951,100,100013,100,99950,100,100044,100,99940,100,100048,100,99933,100,100054,100,99924,100,100062,200,99922,100
2019-06-28 09:35:24.182499429,99994,715,99988,415,100004,100,99970,100,100009,100,99966,100,100010,100,99953,100,100012,100,99951,100,100013,100,99950,100,100044,100,99940,100,100048,100,99933,100,100054,100,99924,100,100062,200,99922,100
2019-06-28 09:35:28.907915606,99993,100,99988,415,99994,715,99970,100,100004,100,99966,100,100009,100,99953,100,100010,100,99951,100,100012,100,99950,100,100013,100,99940,100,100044,100,99933,100,100048,100,99924,100,100054,100,99922,100
2019-06-28 09:35:30.000000000,99993,515,99970,515,99994,300,99966,100,100004,100,99953,100,100009,100,99951,100,100010,100,99950,100,100012,100,99940,100,100013,100,99933,100,100044,100,99924,100,100048,100,99922,100,100054,100,99914,100
2019-06-28 09:35:39.073167123,99993,515,99970,415,99994,300,99966,100,100004,100,99953,100,100009,100,99951,100,100010,100,99950,100,100012,100,99940,100,100013,100,99933,100,100044,100,99924,100,100048,100,99922,100,100054,100,99914,100
2019-06-28 09:35:40.000000000,99993,241,99966,241,99994,437,99953,237,100004,237,99951,237,100009,100,99950,100,100010,100,99940,100,100012,100,99933,100,100013,100,99924,100,100044,100,99922,100,100048,100,99914,100,100054,100,99904,100
2019-06-28 09:35:50.000000000,99993,241,99966,241,99994,437,99953,237,100004,237,99951,237,100009,100,99950,100,100010,100,99940,100,100012,100,99933,100,100013,100,99924,100,100044,100,99922,100,100048,100,99914,100,100054,100,99904,100
2019-06-28 09:35:51.745139086,99993,241,99966,241,99994,437,99953,237,100004,237,99951,237,100009,100,99950,100,100010,100,99940,100,100012,100,99933,100,100013,100,99924,100,100044,100,99922,100,100048,100,99914,100,100054,100,99897,100
2019-06-28 09:36:00.000000000,99993,204,99966,204,99994,404,99953,204,100004,204,99951,204,100009,204,99950,204,100010,100,99940,100,100012,100,99933,100,100013,100,99924,100,100044,100,99922,100,100048,100,99914,100,100054,100,99897,100
2019-06-28 09:36:06.226351685,99993,204,99966,104,99994,404,99953,204,100004,204,99951,204,100009,204,99950,204,100010,100,99940,100,100012,100,99933,100,100013,100,99924,100,100044,100,99922,100,100048,100,99914,100,100054,100,99897,100
2019-06-28 09:36:10.000000000,99993,183,99953,183,99994,383,99951,183,100004,183,99950,183,100009,183,99940,183,100010,183,99933,183,100012,100,99924,100,100013,100,99922,100,100044,100,99914,100,100048,100,99897,100,100054,100,99891,100
2019-06-28 09:36:20.000000000,99993,241,99953,241,99994,437,99951,237,100004,237,99950,237,100009,100,99940,100,100010,100,99933,100,100012,100,99924,100,100013,100,99922,100,100044,100,99914,100,100048,100,99897,100,100054,100,99891,100
2019-06-28 09:36:29.299548844,99993,241,99953,141,99994,437,99951,237,100004,237,99950,237,100009,100,99940,100,100010,100,99933,100,100012,100,99924,100,100013,100,99922,100,100044,100,99914,100,100048,100,99897,100,100054,100,99891,100
2019-06-28 09:36:30.000000000,99993,241,99951,241,99994,437,99950,237,100004,237,99940,237,100009,100,99933,100,100010,100,99924,100,100012,100,99922,100,100013,100,99914,100,100044,100,99897,100,100048,100,99891,100,100054,100,99878,100
2019-06-28 09:36:35.444421425,99993,141,99951,241,99994,437,99950,237,100004,237,99940,237,100009,100,99933,100,100010,100,99924,100,100012,100,99922,100,100013,100,99914,100,100044,100,99897,100,100048,100,99891,100,100054,100,99878,100
2019-06-28 09:36:40.000000000,99994,441,99951,241,100004,237,99950,237,100009,237,99940,237,100010,100,99933,100,100012,100,99924,100,100013,100,99922,100,100044,100,99914,100,100048,100,99897,100,100054,100,99891,100,100062,200,99878,100
2019-06-28 09:36:47.018693019,99994,441,99951,141,100004,237,99950,237,100009,237,99940,237,100010,100,99933,100,100012,100,99924,100,100013,100,99922,100,100044,100,99914,100,100048,100,99897,100,100054,100,99891,100,100062,200,99878,100
2019-06-28 09:36:50.000000000,99994,383,99950,183,100004,183,99940,183,100009,183,99933,183,100010,183,99924,183,100012,183,99922,183,100013,100,99914,100,100044,100,99897,100,100048,100,99891,100,100054,100,99878,100,100062,200,99861,100
2019-06-28 09:36:50.320107274,99994,383,99950,183,100004,183,99940,183,100009,183,99933,183,100010,183,99924,183,100012,183,99922,183,100013,100,99914,100,100044,100,99897,100,100048,100,99891,100,100054,100,99878,100,100062,100,99861,100
2019-06-28 09:37:00.000000000,99994,404,99950,204,100004,204,99940,204,100009,204,99933,204,100010,204,99924,204,100012,100,99922,100,100013,100,99914,100,100044,100,99897,100,100048,100,99891,100,100054,100,99878,100,100062,100,99861,100
2019-06-28 09:37:10.000000000,99994,508,99950,308,100004,308,99940,308,100009,100,99933,100,100010,100,99924,100,100012,100,99922,100,100013,100,99914,100,100044,100,99897,100,100048,100,99891,100,100054,100,99878,100,100062,100,99861,100
2019-06-28 09:37:20.000000000,99994,441,99950,241,100004,237,99940,237,100009,237,99933,237,100010,100,99924,100,100012,100,99922,100,100013,100,99914,100,100044,100,99897,100,100048,100,99891,100,100054,100,99878,100,100062,100,99861,100
2019-06-28 09:37:30.000000000,99994,715,99950,515,100004,100,99940,100,100009,100,99933,100,100010,100,99924,100,100012,100,99922,100,100013,100,99914,100,100044,100,99897,100,100048,100,99891,100,100054,100,99878,100,100062,100,99861,100
2019-06-28 09:37:30.149150995,99953,100,99950,515,99994,715,99940,100,100004,100,99933,100,100009,100,99924,100,100010,100,99922,100,100012,100,99914,100,100013,100,99897,100,100044,100,99891,100,100048,100,99878,100,100054,100,99861,100
2019-06-28 09:37:40.000000000,99953,183,99950,183,99994,383,99940,183,100004,183,99933,183,100009,183,99924,183,100010,183,99922,183,100012,100,99914,100,100013,100,99897,100,100044,100,99891,100,100048,100,99878,100,100054,100,99861,100
2019-06-28 09:37:40.205544795,99953,183,99950,83,99994,383,99940,183,100004,183,99933,183,100009,183,99924,183,100010,183,99922,183,100012,100,99914,100,100013,100,99897,100,100044,100,99891,100,100048,100,99878,100,100054,100,99861,100
2019-06-28 09:37:40.882623392,99953,183,99950,83,99994,383,99940,183,100004,183,99933,183,100009,183,99924,183,100010,183,99922,183,100012,100,99914,100,100013,100,99897,100,100044,100,99891,100,100048,100,99878,100,100054,100,99861,100
2019-06-28 09:37:50.000000000,99953,308,99940,308,99994,508,99933,308,100004,100,99924,100,100009,100,99922,100,100010,100,99914,100,100012,100,99897,100,100013,100,99891,100,100044,100,99878,100,100048,100,99861,100,100054,100,99848,200
2019-06-28 09:38:00.000000000,99953,515,99940,515,99994,300,99933,100,100004,100,99924,100,100009,100,99922,100,100010,100,99914,100,100012,100,99897,100,100013,100,99891,100,100044,100,99878,100,100048,100,99861,100,100054,100,99848,200
2019-06-28 09:38:05.414879824,99953,515,99940,515,99994,300,99933,100,100004,100,99924,100,100009,100,99922,100,100010,100,99897,100,100012,100,99891,100,100013,100,99878,100,100044,100,99861,100,100048,100,99848,200,100054,100,99839,100
2019-06-28 09:38:10.000000000,99953,308,99940,308,99994,508,99933,308,100004,100,99924,100,100009,100,99922,100,100010,100,99897,100,100012,100,99891,100,100013,100,99878,100,100044,100,99861,100,100048,100,99848,200,100054,100,99839,100
2019-06-28 09:38:12.977495209,99953,308,99940,308,99994,508,99933,308,100004,100,99924,100,100009,100,99922,100,100010,100,99897,100,100012,100,99878,100,100013,100,99861,100,100044,100,99848,200,100048,100,99839,100,100054,100,99815,100
2019-06-28 09:38:20.000000000,99953,308,99940,308,99994,508,99933,308,100004,100,99924,100,100009,100,99922,100,100010,100,99897,100,100012,100,99878,100,100013,100,99861,100,100044,100,99848,200,100048,100,99839,100,100054,100,99815,100
2019-06-28 09:38:30.000000000,99953,183,99940,183,99994,383,99933,183,100004,183,99924,183,100009,183,99922,183,100010,183,99897,183,100012,100,99878,100,100013,100,99861,100,100044,100,99848,200,100048,100,99839,100,100054,100,99815,100
2019-06-28 09:38:35.546562207,99953,183,99940,183,99994,383,99933,183,100004,83,99924,183,100009,183,99922,183,100010,183,99897,183,100012,100,99878,100,100013,100,99861,100,100044,100,99848,200,100048,100,99839,100,100054,100,99815,100
2019-06-28 09:38:40.000000000,99953,183,99940,183,99994,383,99933,183,100009,183,99924,183,100010,183,99922,183,100012,183,99897,183,100013,100,99878,100,100044,100,99861,100,100048,100,99848,200,100054,100,99839,100,100062,100,99815,100
2019-06-28 09:38:50.000000000,99953,241,99940,241,99994,437,99933,237,100009,237,99924,237,100010,100,99922,100,100012,100,99897,100,100013,100,99878,100,100044,100,99861,100,100048,100,99848,200,100054,100,99839,100,100062,100,99815,100
2019-06-28 09:39:00.000000000,99953,515,99940,515,99994,300,99933,100,100009,100,99924,100,100010,100,99922,100,100012,100,99897,100,100013,100,99878,100,100044,100,99861,100,100048,100,99848,200,100054,100,99839,100,100062,100,99815,100
2019-06-28 09:39:10.000000000,99953,183,99940,183,99994,383,99933,183,100009,183,99924,183,100010,183,99922,183,100012,183,99897,183,100013,100,99878,100,100044,100,99861,100,100048,100,99848,200,100054,100,99839,100,100062,100,99815,100
2019-06-28 09:39:20.000000000,99953,204,99940,204,99994,404,99933,204,100009,204,99924,204,100010,204,99922,204,100012,100,99897,100,100013,100,99878,100,100044,100,99861,100,100048,100,99848,200,100054,100,99839,100,100062,100,99815,100
2019-06-28 09:39:29.215372874,99953,104,99940,204,99994,404,99933,104,100009,204,99924,204,100010,204,99922,204,100012,100,99897,100,100013,100,99878,100,100044,100,99861,100,100048,100,99848,200,100054,100,99839,100,100062,100,99815,100
2019-06-28 09:39:30.000000000,99994,715,99940,515,100009,100,99924,100,100010,100,99922,100,100012,100,99897,100,100013,100,99878,100,100044,100,99861,100,100048,100,99848,200,100054,100,99839,100,100062,100,99815,100,100110,100,99725,100
2019-06-28 09:39:32.701697759,99994,615,99940,515,100009,100,99924,100,100010,100,99922,100,100012,100,99897,100,100013,100,99878,100,100044,100,99861,100,100048,100,99848,200,100054,100,99839,100,100062,100,99815,100,100110,100,99725,100
2019-06-28 09:39:35.626124765,99994,615,99940,515,100009,100,99924,100,100010,100,99922,100,100012,100,99897,100,100013,100,99878,100,100044,100,99861,100,100048,100,99848,200,100054,100,99839,100,100062,100,99815,100,100110,100,99725,100
2019-06-28 09:39:36.139377354,99994,615,99940,515,100009,100,99924,100,100010,100,99922,100,100012,100,99897,100,100013,100,99878,100,100044,100,99861,100,100048,100,99848,200,100054,100,99839,100,100062,100,99815,100,100110,100,99725,100
2019-06-28 09:39:40.000000000,99994,615,99940,515,100009,100,99924,100,100010,100,99922,100,100012,100,99897,100,100013,100,99878,100,100044,100,99861,100,100048,100,99848,200,100054,100,99839,100,100062,100,99815,100,100110,100,99725,100
2019-06-28 09:39:50.000000000,99994,283,99940,183,100009,183,99924,183,100010,183,99922,183,100012,183,99897,183,100013,183,99878,183,100044,100,99861,100,100048,100,99848,200,100054,100,99839,100,100062,100,99815,100,100110,100,99725,100
2019-06-28 09:39:53.590028585,99994,283,99940,183,100009,183,99924,183,100010,183,99922,183,100012,183,99897,183,100013,183,99878,183,100044,100,99861,100,100048,100,99848,100,100054,100,99839,100,100062,100,99815,100,100110,100,99725,100
2019-06-28 09:39:54.052760737,99994,183,99940,183,100009,183,99924,183,100010,183,99922,183,100012,183,99897,183,100013,183,99878,183,100044,100,99861,100,100048,100,99848,100,100054,100,99839,100,100062,100,99815,100,100110,100,99725,100
2019-06-28 09:40:00.000000000,99994,183,99940,183,100009,183,99924,183,100010,183,99922,183,100012,183,99897,183,100013,183,99878,183,100044,100,99861,100,100048,100,99848,100,100054,100,99839,100,100062,100,99815,100,100110,100,99725,100
2019-06-28 09:40:04.704919619,99994,183,99940,183,100009,183,99924,183,100010,183,99922,183,100012,183,99897,183,100013,183,99878,183,100048,100,99861,100,100054,100,99848,100,100062,100,99839,100,100110,100,99815,100,100113,100,99725,100
2019-06-28 09:40:08.857179217,99994,183,99940,183,100009,183,99924,183,100010,183,99922,183,100012,183,99897,183,100013,183,99878,183,100048,100,99861,100,100054,100,99848,100,100062,100,99839,100,100110,100,99815,100,100113,100,99725,100
2019-06-28 09:40:10.000000000,99994,308,99940,308,100009,308,99924,308,100010,100,99922,100,100012,100,99897,100,100013,100,99878,100,100048,100,99861,100,100054,100,99848,100,100062,100,99839,100,100110,100,99815,100,100113,100,99725,100
2019-06-28 09:40:20.000000000,99994,204,99940,204,100009,204,99924,204,100010,204,99922,204,100012,204,99897,204,100013,100,99878,100,100048,100,99861,100,100054,100,99848,100,100062,100,99839,100,100110,100,99815,100,100113,100,99725,100
2019-06-28 09:40:26.089594233,99994,204,99940,204,100009,204,99924,204,100010,204,99922,204,100012,204,99897,204,100013,100,99878,100,100048,100,99861,100,100054,100,99848,100,100062,100,99839,100,100110,100,99815,100,100113,100,99725,100
2019-06-28 09:40:30.000000000,99994,183,99940,183,100009,183,99924,183,100010,183,99922,183,100012,183,99897,183,100013,183,99878,183,100048,100,99861,100,100054,100,99848,100,100062,100,99839,100,100110,100,99815,100,100113,100,99725,100
2019-06-28 09:40:40.000000000,99994,308,99940,308,100009,308,99924,308,100010,100,99922,100,100012,100,99897,100,100013,100,99878,100,100048,100,99861,100,100054,100,99848,100,100062,100,99839,100,100110,100,99815,100,100113,100,99725,100
2019-06-28 09:40:44.769537909,99994,308,99940,308,100009,308,99924,308,100010,100,99922,100,100012,100,99897,100,100013,100,99878,100,100048,100,99861,100,100054,100,99848,100,100062,100,99839,100,100110,100,99815,100,100113,100,99725,100
2019-06-28 09:40:50.000000000,99994,183,99940,183,100009,183,99924,183,100010,183,99922,183,100012,183,99897,183,100013,183,99878,183,100048,100,99861,100,100054,100,99848,100,100062,100,99839,100,100110,100,99815,100,100113,100,99725,100
2019-06-28 09:41:00.000000000,99994,241,99940,241,100009,237,99924,237,100010,237,99922,237,100012,100,99897,100,100013,100,99878,100,100048,100,99861,100,100054,100,99848,100,100062,100,99839,100,100110,100,99815,100,100113,100,99725,100
2019-06-28 09:41:02.192736708,99994,141,99940,241,100009,237,99924,237,100010,237,99922,237,100012,100,99897,100,100013,100,99878,100,100048,100,99861,100,100054,100,99848,100,100062,100,99839,100,100110,100,99815,100,100113,100,99725,100
2019-06-28 09:41:10.000000000,100009,183,99940,183,100010,183,99924,183,100012,183,99922,183,100013,183,99897,183,100048,183,99878,183,100054,100,99861,100,100062,100,99848,100,100110,100,99839,100,100113,100,99815,100,100114,100,99725,100
2019-06-28 09:41:16.567072270,100009,183,99940,183,100010,183,99924,183,100012,183,99922,183,100013,183,99897,183,100048,183,99878,183,100054,100,99861,100,100062,100,99848,100,100110,100,99839,100,100113,100,99815,100,100114,100,99725,100
2019-06-28 09:41:20.000000000,100009,204,99940,204,100010,204,99924,204,100012,204,99922,204,100013,204,99897,204,100048,100,99878,100,100054,100,99861,100,100062,100,99848,100,100110,100,99839,100,100113,100,99815,100,100114,100,99725,100
2019-06-28 09:41:30.000000000,100009,204,99940,204,100010,204,99924,204,100012,204,99922,204,100013,204,99897,204,100048,100,99878,100,100054,100,99861,100,100062,100,99848,100,100110,100,99839,100,100113,100,99815,100,100114,100,99725,100
2019-06-28 09:41:40.000000000,100009,241,99940,241,100010,237,99924,237,100012,237,99922,237,100013,100,99897,100,100048,100,99878,100,100054,100,99861,100,100062,100,99848,100,100110,100,99839,100,100113,100,99815,100,100114,100,99725,100
2019-06-28 09:41:43.298493436,100009,141,99940,241,100010,237,99924,237,100012,237,99922,237,100013,100,99878,100,100048,100,99861,100,100054,100,99848,100,100062,100,99839,100,100110,100,99815,100,100113,100,99725,100,100114,100,99478,100
2019-06-28 09:41:50.000000000,100010,183,99940,183,100012,183,99924,183,100013,183,99922,183,100048,183,99878,183,100054,183,99861,183,100062,100,99848,100,100110,100,99839,100,100113,100,99815,100,100114,100,99725,100,100138,100,99478,100
2019-06-28 09:41:58.372375944,100010,83,99940,183,100012,183,99924,183,100013,183,99922,183,100048,183,99878,183,100054,183,99861,183,100062,100,99848,100,100110,100,99839,100,100113,100,99815,100,100114,100,99725,100,100138,100,99478,100
2019-06-28 09:42:00.000000000,100012,204,99940,204,100013,204,99924,204,100048,204,99922,204,100054,204,99878,204,100062,100,99861,100,100110,100,99848,100,100113,100,99839,100,100114,100,99815,100,100138,100,99725,100,100143,100,99478,100
2019-06-28 09:42:01.926293470,100012,104,99940,204,100013,204,99924,204,100048,204,99922,204,100054,204,99878,204,100062,100,99861,100,100110,100,99848,100,100113,100,99839,100,100114,100,99815,100,100138,100,99725,100,100143,100,99478,100
2019-06-28 09:42:10.000000000,100013,515,99940,515,100048,100,99924,100,100054,100,99922,100,100062,100,99878,100,100110,100,99861,100,100113,100,99848,100,100114,100,99839,100,100138,100,99815,100,100143,100,99725,100,100223,100,99478,100
2019-06-28 09:42:20.000000000,100013,183,99940,183,100048,183,99924,183,100054,183,99922,183,100062,183,99878,183,100110,183,99861,183,100113,100,99848,100,100114,100,99839,100,100138,100,99815,100,100143,100,99725,100,100223,100,99478,100
2019-06-28 09:42:26.542070698,100013,183,99940,183,100048,183,99924,183,100054,183,99922,183,100062,183,99878,183,100110,183,99861,183,100113,100,99848,100,100114,100,99839,100,100138,100,99815,100,100143,100,99725,100,100223,100,99478,100
2019-06-28 09:42:28.781141753,100013,83,99940,183,100048,183,99924,183,100054,183,99922,183,100062,183,99878,183,100110,183,99861,183,100113,100,99848,100,100114,100,99839,100,100138,100,99815,100,100143,100,99725,100,100223,100,99478,100
2019-06-28 09:42:30.000000000,100048,204,99940,204,100054,204,99924,204,100062,204,99922,204,100110,204,99878,204,100113,100,99861,100,100114,100,99848,100,100138,100,99839,100,100143,100,99815,100,100223,100,99725,100,100225,100,99478,100
2019-06-28 09:42:33.878433914,100048,204,100012,100,100054,204,99940,204,100062,204,99924,204,100110,204,99922,204,100113,100,99878,204,100114,100,99861,100,100138,100,99848,100,100143,100,99839,100,100223,100,99815,100,100225,100,99725,100
2019-06-28 09:42:40.000000000,100048,308,100012,308,100054,308,99940,308,100062,100,99924,100,100110,100,99922,100,100113,100,99878,100,100114,100,99861,100,100138,100,99848,100,100143,100,99839,100,100223,100,99815,100,100225,100,99725,100
2019-06-28 09:42:50.000000000,100048,204,100012,204,100054,204,99940,204,100062,204,99924,204,100110,204,99922,204,100113,100,99878,100,100114,100,99861,100,100138,100,99848,100,100143,100,99839,100,100223,100,99815,100,100225,100,99725,100
2019-06-28 09:42:53.250795093,100048,204,100012,204,100054,204,99940,204,100062,204,99924,204,100110,204,99922,204,100114,100,99878,100,100138,100,99861,100,100143,100,99848,100,100223,100,99839,100,100225,100,99815,100,100280,100,99725,100
2019-06-28 09:42:53.883349623,100048,204,100012,204,100054,204,99940,104,100062,204,99924,204,100110,204,99922,204,100114,100,99878,100,100138,100,99861,100,100143,100,99848,100,100223,100,99839,100,100225,100,99815,100,100280,100,99725,100
2019-06-28 09:43:00.000000000,100048,241,100012,241,100054,237,99924,237,100062,237,99922,237,100110,100,99878,100,100114,100,99861,100,100138,100,99848,100,100143,100,99839,100,100223,100,99815,100,100225,100,99725,100,100280,100,99478,100
2019-06-28 09:43:10.000000000,100048,515,100012,515,100054,100,99924,100,100062,100,99922,100,100110,100,99878,100,100114,100,99861,100,100138,100,99848,100,100143,100,99839,100,100223,100,99815,100,100225,100,99725,100,100280,100,99478,100
2019-06-28 09:43:10.113905066,100048,415,100012,515,100054,100,99924,100,100062,100,99922,100,100110,100,99878,100,100114,100,99861,100,100138,100,99848,100,100143,100,99839,100,100223,100,99815,100,100225,100,99725,100,100280,100,99478,100
2019-06-28 09:43:20.000000000,100054,241,100012,241,100062,237,99924,237,100110,237,99922,237,100114,100,99878,100,100138,100,99861,100,100143,100,99848,100,100223,100,99839,100,100225,100,99815,100,100280,100,99725,100,100329,100,99478,100
2019-06-28 09:43:20.919073774,100054,141,100012,241,100062,237,99924,237,100110,237,99922,237,100114,100,99878,100,100138,100,99861,100,100143,100,99848,100,100223,100,99839,100,100225,100,99815,100,100280,100,99725,100,100329,100,99478,100
2019-06-28 09:43:26.314261798,100054,141,100012,241,100062,237,99924,237,100110,237,99922,237,100114,100,99878,100,100138,100,99861,100,100143,100,99848,100,100223,100,99839,100,100225,100,99815,100,100280,100,99725,100,100329,100,99478,100
2019-06-28 09:43:30.000000000,100062,204,100012,204,100110,204,99924,204,100114,204,99922,204,100138,204,99878,204,100143,100,99861,100,100223,100,99848,100,100225,100,99839,100,100280,100,99815,100,100329,100,99725,100,100905,100,99478,100
2019-06-28 09:43:40.000000000,100062,204,100012,204,100110,204,99924,204,100114,204,99922,204,100138,204,99878,204,100143,100,99861,100,100223,100,99848,100,100225,100,99839,100,100280,100,99815,100,100329,100,99725,100,100905,100,99478,100
2019-06-28 09:43:42.188995080,100062,204,100012,204,100110,204,99924,204,100114,204,99922,204,100138,204,99878,204,100143,100,99861,100,100223,100,99848,100,100225,100,99839,100,100280,100,99815,100,100329,100,99725,100,100825,100,99478,100
2019-06-28 09:43:50.000000000,100062,515,100012,515,100110,100,99924,100,100114,100,99922,100,100138,100,99878,100,100143,100,99861,100,100223,100,99848,100,100225,100,99839,100,100280,100,99815,100,100329,100,99725,100,100825,100,99478,100
2019-06-28 09:43:55.279676219,100062,415,100012,515,100110,100,99924,100,100114,100,99922,100,100138,100,99878,100,100143,100,99861,100,100223,100,99848,100,100225,100,99839,100,100280,100,99815,100,100329,100,99725,100,100825,100,99478,100
2019-06-28 09:44:00.000000000,100110,241,100012,241,100114,237,99924,237,100138,237,99922,237,100143,100,99878,100,100223,100,99861,100,100225,100,99848,100,100280,100,99839,100,100329,100,99815,100,100825,100,99725,100,100905,100,99478,100
2019-06-28 09:44:10.000000000,100110,204,100012,204,100114,204,99924,204,100138,204,99922,204,100143,204,99878,204,100223,100,99861,100,100225,100,99848,100,100280,100,99839,100,100329,100,99815,100,100825,100,99725,100,100905,100,99478,100
2019-06-28 09:44:20.000000000,100110,515,100012,515,100114,100,99924,100,100138,100,99922,100,100143,100,99878,100,100223,100,99861,100,100225,100,99848,100,100280,100,99839,100,100329,100,99815,100,100825,100,99725,100,100905,100,99478,100
2019-06-28 09:44:29.910017126,100110,415,100012,515,100114,100,99924,100,100138,100,99878,100,100143,100,99861,100,100223,100,99848,100,100225,100,99839,100,100280,100,99815,100,100329,100,99725,100,100825,100,99478,100,100905,100,99213,100
2019-06-28 09:44:30.000000000,100114,241,100012,241,100138,237,99924,237,100143,237,99878,237,100223,100,99861,100,100225,100,99848,100,100280,100,99839,100,100329,100,99815,100,100825,100,99725,100,100905,100,99478,100,101230,100,99213,100
2019-06-28 09:44:40.000000000,100114,308,100012,308,100138,308,99924,308,100143,100,99878,100,100223,100,99861,100,100225,100,99848,100,100280,100,99839,100,100329,100,99815,100,100825,100,99725,100,100905,100,99478,100,101230,100,99213,100
2019-06-28 09:44:50.000000000,100114,241,100012,241,100138,237,99924,237,100143,237,99878,237,100223,100,99861,100,100225,100,99848,100,100280,100,99839,100,100329,100,99815,100,100825,100,99725,100,100905,100,99478,100,101230,100,99213,100
2019-06-28 09:45:00.000000000,100114,308,100012,308,100138,308,99924,308,100143,100,99878,100,100223,100,99861,100,100225,100,99848,100,100280,100,99839,100,100329,100,99815,100,100825,100,99725,100,100905,100,99478,100,101230,100,99213,100
2019-06-28 09:45:10.000000000,100114,183,100012,183,100138,183,99924,183,100143,183,99878,183,100223,183,99861,183,100225,183,99848,183,100280,100,99839,100,100329,100,99815,100,100825,100,99725,100,100905,100,99478,100,101230,100,99213,100
2019-06-28 09:45:20.000000000,100114,204,100012,204,100138,204,99924,204,100143,204,99878,204,100223,204,99861,204,100225,100,99848,100,100280,100,99839,100,100329,100,99815,100,100825,100,99725,100,100905,100,99478,100,101230,100,99213,100
2019-06-28 09:45:30.000000000,100114,515,100012,515,100138,100,99924,100,100143,100,99878,100,100223,100,99861,100,100225,100,99848,100,100280,100,99839,100,100329,100,99815,100,100825,100,99725,100,100905,100,99478,100,101230,100,99213,100
2019-06-28 09:45:33.173438813,100114,515,100012,415,100138,100,99924,100,100143,100,99878,100,100223,100,99861,100,100225,100,99848,100,100280,100,99839,100,100329,100,99815,100,100825,100,99725,100,100905,100,99478,100,101230,100,99213,100
2019-06-28 09:45:33.335544461,100109,100,100012,415,100114,515,99924,100,100138,100,99878,100,100143,100,99861,100,100223,100,99848,100,100225,100,99839,100,100280,100,99815,100,100329,100,99725,100,100825,100,99478,100,100905,100,99213,100
2019-06-28 09:45:40.000000000,100109,308,99924,308,100114,308,99878,308,100138,100,99861,100,100143,100,99848,100,100223,100,99839,100,100225,100,99815,100,100280,100,99725,100,100329,100,99478,100,100825,100,99213,100,100905,100,98998,100
2019-06-28 09:45:50.000000000,100109,308,99924,308,100114,308,99878,308,100138,100,99861,100,100143,100,99848,100,100223,100,99839,100,100225,100,99815,100,100280,100,99725,100,100329,100,99478,100,100825,100,99213,100,100905,100,98998,100
2019-06-28 09:46:00.000000000,100109,183,99924,183,100114,183,99878,183,100138,183,99861,183,100143,183,99848,183,100223,183,99839,183,100225,100,99815,100,100280,100,99725,100,100329,100,99478,100,100825,100,99213,100,100905,100,98998,100
2019-06-28 09:46:01.441530275,100109,183,99924,183,100114,183,99878,183,100138,283,99861,183,100143,183,99848,183,100223,183,99839,183,100225,100,99815,100,100280,100,99725,100,100329,100,99478,100,100825,100,99213,100,100905,100,98998,100
2019-06-28 09:46:05.589692982,100040,100,99924,183,100109,183,99878,183,100114,183,99861,183,100138,283,99848,183,100143,183,99839,183,100223,183,99815,100,100225,100,99725,100,100280,100,99478,100,100329,100,99213,100,100825,100,98998,100
2019-06-28 09:46:10.000000000,100040,515,99924,515,100109,100,99878,100,100114,100,99861,100,100138,200,99848,100,100143,100,99839,100,100223,100,99815,100,100225,100,99725,100,100280,100,99478,100,100329,100,99213,100,100825,100,98998,100
2019-06-28 09:46:20.000000000,100040,308,99924,308,100109,308,99878,308,100114,100,99861,100,100138,200,99848,100,100143,100,99839,100,100223,100,99815,100,100225,100,99725,100,100280,100,99478,100,100329,100,99213,100,100825,100,98998,100
2019-06-28 09:46:30.000000000,100040,308,99924,308,100109,308,99878,308,100114,100,99861,100,100138,200,99848,100,100143,100,99839,100,100223,100,99815,100,100225,100,99725,100,100280,100,99478,100,100329,100,99213,100,100825,100,98998,100
2019-06-28 09:46:31.136320906,100040,308,100013,100,100109,308,99924,308,100114,100,99878,308,100138,200,99861,100,100143,100,99848,100,100223,100,99839,100,100225,100,99815,100,100280,100,99725,100,100329,100,99478,100,100825,100,99213,100
2019-06-28 09:46:40.000000000,100040,515,100013,515,100109,100,99924,100,100114,100,99878,100,100138,200,99861,100,100143,100,99848,100,100223,100,99839,100,100225,100,99815,100,100280,100,99725,100,100329,100,99478,100,100825,100,99213,100
2019-06-28 09:46:42.275207269,100040,515,100013,515,100114,100,99924,100,100138,200,99878,100,100143,100,99861,100,100223,100,99848,100,100225,100,99839,100,100280,100,99815,100,100329,100,99725,100,100825,100,99478,100,100905,100,99213,100
2019-06-28 09:46:50.000000000,100040,515,100013,515,100114,100,99924,100,100138,200,99878,100,100143,100,99861,100,100223,100,99848,100,100225,100,99839,100,100280,100,99815,100,100329,100,99725,100,100825,100,99478,100,100905,100,99213,100
2019-06-28 09:46:52.740655127,100040,415,100013,515,100114,100,99924,100,100138,200,99878,100,100143,100,99861,100,100223,100,99848,100,100225,100,99839,100,100280,100,99815,100,100329,100,99725,100,100825,100,99478,100,100905,100,99213,100
2019-06-28 09:46:54.285413034,100040,415,100013,515,100114,100,99924,100,100138,200,99878,100,100143,100,99861,100,100223,100,99848,100,100225,100,99839,100,100280,100,99815,100,100329,100,99725,100,100485,100,99478,100,100825,100,99213,100
2019-06-28 09:47:00.000000000,100114,308,100013,308,100138,408,99924,308,100143,100,99878,100,100223,100,99861,100,100225,100,99848,100,100280,100,99839,100,100329,100,99815,100,100485,100,99725,100,100825,100,99478,100,100905,100,99213,100
2019-06-28 09:47:10.000000000,100114,204,100013,204,100138,304,99924,204,100143,204,99878,204,100223,204,99861,204,100225,100,99848,100,100280,100,99839,100,100329,100,99815,100,100485,100,99725,100,100825,100,99478,100,100905,100,99213,100
2019-06-28 09:47:20.000000000,100114,515,100013,515,100138,200,99924,100,100143,100,99878,100,100223,100,99861,100,100225,100,99848,100,100280,100,99839,100,100329,100,99815,100,100485,100,99725,100,100825,100,99478,100,100905,100,99213,100
2019-06-28 09:47:30.000000000,100114,183,100013,183,100138,283,99924,183,100143,183,99878,183,100223,183,99861,183,100225,183,99848,183,100280,100,99839,100,100329,100,99815,100,100485,100,99725,100,100825,100,99478,100,100905,100,99213,100
2019-06-28 09:47:40.000000000,100114,308,100013,308,100138,408,99924,308,100143,100,99878,100,100223,100,99861,100,100225,100,99848,100,100280,100,99839,100,100329,100,99815,100,100485,100,99725,100,100825,100,99478,100,100905,100,99213,100
2019-06-28 09:47:50.000000000,100114,515,100013,515,100138,200,99924,100,100143,100,99878,100,100223,100,99861,100,100225,100,99848,100,100280,100,99839,100,100329,100,99815,100,100485,100,99725,100,100825,100,99478,100,100905,100,99213,100
2019-06-28 09:47:55.385167629,100114,515,100013,515,100138,100,99924,100,100143,100,99878,100,100223,100,99861,100,100225,100,99848,100,100280,100,99839,100,100329,100,99815,100,100485,100,99725,100,100825,100,99478,100,100905,100,99213,100
2019-06-28 09:47:55.821439928,100114,415,100013,515,100138,100,99924,100,100143,100,99878,100,100223,100,99861,100,100225,100,99848,100,100280,100,99839,100,100329,100,99815,100,100485,100,99725,100,100825,100,99478,100,100905,100,99213,100
2019-06-28 09:48:00.000000000,100138,204,100013,204,100143,204,99924,204,100223,204,99878,204,100225,204,99861,204,100280,100,99848,100,100329,100,99839,100,100485,100,99815,100,100825,100,99725,100,100905,100,99478,100,101156,100,99213,100
2019-06-28 09:48:10.000000000,100138,241,100013,241,100143,237,99924,237,100223,237,99878,237,100225,100,99861,100,100280,100,99848,100,100329,100,99839,100,100485,100,99815,100,100825,100,99725,100,100905,100,99478,100,101156,100,99213,100
2019-06-28 09:48:19.372591962,100138,241,100013,241,100143,237,99924,237,100223,237,99878,237,100225,100,99861,100,100280,100,99848,100,100329,100,99839,100,100485,100,99815,100,100799,100,99725,100,100825,100,99478,100,100905,100,99213,100
2019-06-28 09:48:20.000000000,100138,183,100013,183,100143,183,99924,183,100223,183,99878,183,100225,183,99861,183,100280,183,99848,183,100329,100,99839,100,100485,100,99815,100,100799,100,99725,100,100825,100,99478,100,100905,100,99213,100
2019-06-28 09:48:25.595122868,100138,183,100013,183,100143,183,99924,183,100223,183,99878,183,100225,183,99861,183,100280,183,99848,183,100329,100,99839,100,100485,100,99815,100,100606,100,99725,100,100799,100,99478,100,100825,100,98998,100
2019-06-28 09:48:30.000000000,100138,183,100013,183,100143,183,99924,183,100223,183,99878,183,100225,183,99861,183,100280,183,99848,183,100329,100,99839,100,100485,100,99815,100,100606,100,99725,100,100799,100,99478,100,100825,100,98998,100
2019-06-28 09:48:40.000000000,100138,183,100013,183,100143,183,99924,183,100223,183,99878,183,100225,183,99861,183,100280,183,99848,183,100329,100,99839,100,100485,100,99815,100,100606,100,99725,100,100799,100,99478,100,100825,100,98998,100
2019-06-28 09:48:41.571870438,100138,83,100013,183,100143,183,99924,183,100223,183,99878,183,100225,183,99861,183,100280,183,99848,183,100329,100,99839,100,100485,100,99815,100,100606,100,99478,100,100799,100,98998,100,100825,100,,
2019-06-28 09:48:50.000000000,100143,183,100013,183,100223,183,99924,183,100225,183,99878,183,100280,183,99861,183,100329,183,99848,183,100485,100,99839,100,100606,100,99815,100,100799,100,99478,100,100825,100,98998,100,100905,100,,
2019-06-28 09:49:00.000000000,100143,183,100013,183,100223,183,99924,183,100225,183,99878,183,100280,183,99861,183,100329,183,99848,183,100485,100,99839,100,100606,100,99815,100,100799,100,99478,100,100825,100,98998,100,100905,100,,
2019-06-28 09:49:10.000000000,100143,241,100013,241,100223,237,99924,237,100225,237,99878,237,100280,100,99861,100,100329,100,99848,100,100485,100,99839,100,100606,100,99815,100,100799,100,99478,100,100825,100,98998,100,100905,100,,
2019-06-28 09:49:20.000000000,100143,515,100013,515,100223,100,99924,100,100225,100,99878,100,100280,100,99861,100,100329,100,99848,100,100485,100,99839,100,100606,100,99815,100,100799,100,99478,100,100825,100,98998,100,100905,100,,
2019-06-28 09:49:24.687890783,100143,515,100013,515,100223,100,99924,100,100225,100,99878,100,100280,100,99861,100,100329,100,99848,100,100485,100,99839,100,100606,100,99815,100,100799,100,99478,100,100825,100,98998,100,100857,100,,
2019-06-28 09:49:30.000000000,100143,515,100013,515,100223,100,99924,100,100225,100,99878,100,100280,100,99861,100,100329,100,99848,100,100485,100,99839,100,100606,100,99815,100,100799,100,99478,100,100825,100,98998,100,100857,100,,
2019-06-28 09:49:38.029527150,100143,515,100114,100,100223,100,100013,515,100225,100,99924,100,100280,100,99878,100,100329,100,99861,100,100485,100,99848,100,100606,100,99839,100,100799,100,99815,100,100825,100,99478,100,100857,100,98998,100
2019-06-28 09:49:40.000000000,100143,183,100114,183,100223,183,100013,183,100225,183,99924,183,100280,183,99878,183,100329,183,99861,183,100485,100,99848,100,100606,100,99839,100,100799,100,99815,100,100825,100,99478,100,100857,100,98998,100
2019-06-28 09:49:46.147522656,100143,83,100114,183,100223,183,100013,183,100225,183,99924,183,100280,183,99878,183,100329,183,99861,183,100485,100,99848,100,100606,100,99839,100,100799,100,99815,100,100825,100,99478,100,100857,100,98998,100
2019-06-28 09:49:50.000000000,100223,204,100114,204,100225,204,100013,204,100280,204,99924,204,100329,204,99878,204,100485,100,99861,100,100606,100,99848,100,100799,100,99839,100,100825,100,99815,100,100857,100,99478,100,100905,100,98998,100
2019-06-28 09:50:00.000000000,100223,515,100114,515,100225,100,100013,100,100280,100,99924,100,100329,100,99878,100,100485,100,99861,100,100606,100,99848,100,100799,100,99839,100,100825,100,99815,100,100857,100,99478,100,100905,100,98998,100
2019-06-28 09:50:07.312589424,100223,515,100114,515,100225,100,100013,100,100280,100,99924,100,100329,100,99878,100,100485,100,99861,100,100606,100,99848,100,100776,100,99839,100,100799,100,99815,100,100825,100,99478,100,100857,100,98998,100
2019-06-28 09:50:10.000000000,100223,515,100114,515,100225,100,100013,100,100280,100,99924,100,100329,100,99878,100,100485,100,99861,100,100606,100,99848,100,100776,100,99839,100,100799,100,99815,100,100825,100,99478,100,100857,100,98998,100
2019-06-28 09:50:14.816503503,100223,515,100114,515,100225,100,100013,100,100280,100,99924,100,100329,100,99878,100,100485,100,99861,100,100606,100,99848,100,100776,100,99839,100,100799,100,99815,100,100825,100,99478,100,100857,100,98998,100
2019-06-28 09:50:20.000000000,100223,204,100114,204,100225,204,100013,204,100280,204,99924,204,100329,204,99878,204,100485,100,99861,100,100606,100,99848,100,100776,100,99839,100,100799,100,99815,100,100825,100,99478,100,100857,100,98998,100
2019-06-28 09:50:30.000000000,100223,515,100114,515,100225,100,100013,100,100280,100,99924,100,100329,100,99878,100,100485,100,99861,100,100606,100,99848,100,100776,100,99839,100,100799,100,99815,100,100825,100,99478,100,100857,100,98998,100
2019-06-28 09:50:33.120337353,100223,515,100211,100,100225,100,100114,515,100280,100,100013,100,100329,100,99924,100,100485,100,99878,100,100606,100,99861,100,100776,100,99848,100,100799,100,99839,100,100825,100,99815,100,100857,100,99478,100
2019-06-28 09:50:40.000000000,100223,308,100211,308,100225,308,100114,308,100280,100,100013,100,100329,100,99924,100,100485,100,99878,100,100606,100,99861,100,100776,100,99848,100,100799,100,99839,100,100825,100,99815,100,100857,100,99478,100
2019-06-28 09:50:40.749359930,100223,308,100211,308,100225,308,100138,100,100280,100,100114,308,100329,100,100013,100,100485,100,99924,100,100606,100,99878,100,100776,100,99861,100,100799,100,99848,100,100825,100,99839,100,100857,100,99815,100
2019-06-28 09:50:50.000000000,100223,183,100211,183,100225,183,100138,183,100280,183,100114,183,100329,183,100013,183,100485,183,99924,183,100606,100,99878,100,100776,100,99861,100,100799,100,99848,100,100825,100,99839,100,100857,100,99815,100
2019-06-28 09:50:55.551851234,100223,183,100211,83,100225,183,100138,183,100280,183,100114,183,100329,183,100013,183,100485,183,99924,183,100606,100,99878,100,100776,100,99861,100,100799,100,99848,100,100825,100,99839,100,100857,100,99815,100
2019-06-28 09:51:00.000000000,100223,183,100138,183,100225,183,100114,183,100280,183,100013,183,100329,183,99924,183,100485,183,99878,183,100606,100,99861,100,100776,100,99848,100,100799,100,99839,100,100825,100,99815,100,100857,100,98998,100
2019-06-28 09:51:10.000000000,100223,204,100138,204,100225,204,100114,204,100280,204,100013,204,100329,204,99924,204,100485,100,99878,100,100606,100,99861,100,100776,100,99848,100,100799,100,99839,100,100825,100,99815,100,100857,100,98998,100
2019-06-28 09:51:11.613243214,100223,204,100138,204,100225,204,100114,204,100280,204,100013,204,100329,204,99924,204,100358,100,99878,100,100485,100,99861,100,100606,100,99848,100,100776,100,99839,100,100799,100,99815,100,100825,100,98998,100
2019-06-28 09:51:20.000000000,100223,308,100138,308,100225,308,100114,308,100280,100,100013,100,100329,100,99924,100,100358,100,99878,100,100485,100,99861,100,100606,100,99848,100,100776,100,99839,100,100799,100,99815,100,100825,100,98998,100
2019-06-28 09:51:21.176845288,100223,208,100138,308,100225,308,100114,308,100280,100,100013,100,100329,100,99924,100,100358,100,99878,100,100485,100,99861,100,100606,100,99848,100,100776,100,99839,100,100799,100,99815,100,100825,100,98998,100
2019-06-28 09:51:30.000000000,100225,183,100138,183,100280,183,100114,183,100329,183,100013,183,100358,183,99924,183,100485,183,99878,183,100606,100,99861,100,100776,100,99848,100,100799,100,99839,100,100825,100,99815,100,100857,100,98998,100
2019-06-28 09:51:35.277592611,100225,83,100138,183,100280,183,100114,183,100329,183,100013,183,100358,183,99924,183,100485,183,99878,183,100606,100,99861,100,100776,100,99848,100,100799,100,99839,100,100825,100,99815,100,100857,100,98998,100
2019-06-28 09:51:40.000000000,100280,308,100138,308,100329,308,100114,308,100358,100,100013,100,100485,100,99924,100,100606,100,99878,100,100776,100,99861,100,100799,100,99848,100,100825,100,99839,100,100857,100,99815,100,100905,100,98998,100
2019-06-28 09:51:50.000000000,100280,183,100138,183,100329,183,100114,183,100358,183,100013,183,100485,183,99924,183,100606,183,99878,183,100776,100,99861,100,100799,100,99848,100,100825,100,99839,100,100857,100,99815,100,100905,100,98998,100
2019-06-28 09:52:00.000000000,100280,308,100138,308,100329,308,100114,308,100358,100,100013,100,100485,100,99924,100,100606,100,99878,100,100776,100,99861,100,100799,100,99848,100,100825,100,99839,100,100857,100,99815,100,100905,100,98998,100
2019-06-28 09:52:05.182290193,100280,308,100138,308,100329,308,100114,308,100340,100,100013,100,100358,100,99924,100,100485,100,99878,100,100606,100,99861,100,100776,100,99848,100,100799,100,99839,100,100825,100,99815,100,100857,100,98998,100
2019-06-28 09:52:10.000000000,100280,183,100138,183,100329,183,100114,183,100340,183,100013,183,100358,183,99924,183,100485,183,99878,183,100606,100,99861,100,100776,100,99848,100,100799,100,99839,100,100825,100,99815,100,100857,100,98998,100
2019-06-28 09:52:20.000000000,100280,204,100138,204,100329,204,100114,204,100340,204,100013,204,100358,204,99924,204,100485,100,99878,100,100606,100,99861,100,100776,100,99848,100,100799,100,99839,100,100825,100,99815,100,100857,100,98998,100
2019-06-28 09:52:30.000000000,100280,241,100138,241,100329,237,100114,237,100340,237,100013,237,100358,100,99924,100,100485,100,99878,100,100606,100,99861,100,100776,100,99848,100,100799,100,99839,100,100825,100,99815,100,100857,100,98998,100
2019-06-28 09:52:38.910577589,100280,241,100138,141,100329,237,100114,237,100340,237,100013,237,100358,100,99924,100,100485,100,99878,100,100606,100,99861,100,100776,100,99848,100,100799,100,99839,100,100825,100,99815,100,100857,100,98998,100
2019-06-28 09:52:40.000000000,100280,308,100114,308,100329,308,100013,308,100340,100,99924,100,100358,100,99878,100,100485,100,99861,100,100606,100,99848,100,100776,100,99839,100,100799,100,99815,100,100825,100,98998,100,100857,100,,
2019-06-28 09:52:42.737403167,100224,100,100114,308,100280,308,100013,308,100329,308,99924,100,100340,100,99878,100,100358,100,99861,100,100485,100,99848,100,100606,100,99815,100,100776,100,98998,100,100799,100,,,100825,100,,
2019-06-28 09:52:42.977947478,100224,100,100114,308,100280,308,100013,308,100329,308,99924,100,100340,100,99878,100,100358,100,99861,100,100485,100,99848,100,100531,100,99815,100,100606,100,98998,100,100776,100,,,100799,100,,
2019-06-28 09:52:49.816757311,100224,100,100114,308,100280,308,100013,308,100329,308,99924,100,100340,100,99882,100,100358,100,99878,100,100485,100,99861,100,100531,100,99848,100,100606,100,99815,100,100776,100,,,100799,100,,
2019-06-28 09:52:50.000000000,100224,308,100114,308,100280,308,100013,308,100329,100,99924,100,100340,100,99882,100,100358,100,99878,100,100485,100,99861,100,100531,100,99848,100,100606,100,99815,100,100776,100,,,100799,100,,
2019-06-28 09:52:52.615491087,100127,100,100114,308,100224,308,100013,308,100280,308,99924,100,100329,100,99882,100,100340,100,99878,100,100358,100,99861,100,100485,100,99848,100,100531,100,99815,100,100606,100,,,100776,100,,
2019-06-28 09:52:58.558948887,100127,100,100114,208,100224,308,100013,308,100280,308,99924,100,100329,100,99882,100,100340,100,99878,100,100358,100,99861,100,100485,100,99848,100,100531,100,99815,100,100606,100,,,100776,100,,
2019-06-28 09:53:00.000000000,100127,183,100013,183,100224,183,99924,183,100280,183,99882,183,100329,183,99878,183,100340,183,99861,183,100358,100,99848,100,100485,100,99815,100,100531,100,,,100606,100,,,100776,100,,
2019-06-28 09:53:10.000000000,100127,241,100013,241,100224,237,99924,237,100280,237,99882,237,100329,100,99878,100,100340,100,99861,100,100358,100,99848,100,100485,100,99815,100,100531,100,,,100606,100,,,100776,100,,
2019-06-28 09:53:17.728327742,100127,141,100013,241,100224,237,99924,237,100280,137,99882,237,100329,100,99878,100,100340,100,99861,100,100358,100,99848,100,100485,100,99815,100,100531,100,,,100606,100,,,100776,100,,
2019-06-28 09:53:19.704112647,100126,100,100013,241,100127,141,99924,237,100224,237,99882,237,100280,137,99878,100,100329,100,99861,100,100340,100,99848,100,100358,100,99815,100,100485,100,,,100531,100,,,100606,100,,
2019-06-28 09:53:20.000000000,100126,241,100013,241,100224,237,99924,237,100329,237,99882,237,100340,100,99878,100,100358,100,99861,100,100485,100,99848,100,100531,100,99815,100,100606,100,,,100776,100,,,100799,100,,
2019-06-28 09:53:30.000000000,100126,515,100013,515,100224,100,99924,100,100329,100,99882,100,100340,100,99878,100,100358,100,99861,100,100485,100,99848,100,100531,100,99815,100,100606,100,,,100776,100,,,100799,100,,
2019-06-28 09:53:40.000000000,100126,308,100013,308,100224,308,99924,308,100329,100,99882,100,100340,100,99878,100,100358,100,99861,100,100485,100,99848,100,100531,100,99815,100,100606,100,,,100776,100,,,100799,100,,
2019-06-28 09:53:47.949103765,100126,308,100014,100,100224,308,100013,308,100329,100,99924,308,100340,100,99882,100,100358,100,99878,100,100485,100,99861,100,100531,100,99848,100,100606,100,99815,100,100776,100,,,100799,100,,
2019-06-28 09:53:50.000000000,100126,183,100014,183,100224,183,100013,183,100329,183,99924,183,100340,183,99882,183,100358,183,99878,183,100485,100,99861,100,100531,100,99848,100,100606,100,99815,100,100776,100,,,100799,100,,
2019-06-28 09:53:56.034886290,100126,183,100014,83,100224,183,100013,183,100329,183,99924,183,100340,183,99882,183,100358,183,99878,183,100485,100,99861,100,100531,100,99848,100,100606,100,99815,100,100776,100,,,100799,100,,
2019-06-28 09:54:00.000000000,100126,515,100013,515,100224,100,99924,100,100329,100,99882,100,100340,100,99878,100,100358,100,99861,100,100485,100,99848,100,100531,100,99815,100,100606,100,,,100776,100,,,100799,100,,
2019-06-28 09:54:10.000000000,100126,204,100013,204,100224,204,99924,204,100329,204,99882,204,100340,204,99878,204,100358,100,99861,100,100485,100,99848,100,100531,100,99815,100,100606,100,,,100776,100,,,100799,100,,
2019-06-28 09:54:18.119957502,100126,104,100013,204,100224,204,99924,204,100329,204,99882,204,100340,104,99878,204,100358,100,99861,100,100485,100,99848,100,100531,100,99815,100,100606,100,,,100776,100,,,100799,100,,
2019-06-28 09:54:20.000000000,100224,515,100013,515,100329,100,99924,100,100358,100,99882,100,100485,100,99878,100,100531,100,99861,100,100606,100,99848,100,100776,100,99815,100,100799,100,,,100825,100,,,100857,100,,
2019-06-28 09:54:20.972272609,100224,515,100015,100,100329,100,100013,515,100358,100,99924,100,100485,100,99882,100,100531,100,99878,100,100606,100,99861,100,100776,100,99848,100,100799,100,99815,100,100825,100,,,100857,100,,
2019-06-28 09:54:23.019058882,100224,515,100013,515,100329,100,99924,100,100358,100,99882,100,100485,100,99878,100,100531,100,99861,100,100606,100,99848,100,100776,100,99815,100,100799,100,,,100825,100,,,100857,100,,
2019-06-28 09:54:30.000000000,100224,241,100013,241,100329,237,99924,237,100358,237,99882,237,100485,100,99878,100,100531,100,99861,100,100606,100,99848,100,100776,100,99815,100,100799,100,,,100825,100,,,100857,100,,
2019-06-28 09:54:40.000000000,100224,308,100013,308,100329,308,99924,308,100358,100,99882,100,100485,100,99878,100,100531,100,99861,100,100606,100,99848,100,100776,100,99815,100,100799,100,,,100825,100,,,100857,100,,
2019-06-28 09:54:50.000000000,100224,515,100013,515,100329,100,99924,100,100358,100,99882,100,100485,100,99878,100,100531,100,99861,100,100606,100,99848,100,100776,100,99815,100,100799,100,,,100825,100,,,100857,100,,
2019-06-28 09:55:00.000000000,100224,308,100013,308,100329,308,99924,308,100358,100,99882,100,100485,100,99878,100,100531,100,99861,100,100606,100,99848,100,100776,100,99815,100,100799,100,,,100825,100,,,100857,100,,
2019-06-28 09:55:10.000000000,100224,241,100013,241,100329,237,99924,237,100358,237,99882,237,100485,100,99878,100,100531,100,99861,100,100606,100,99848,100,100776,100,99815,100,100799,100,,,100825,100,,,100857,100,,
2019-06-28 09:55:18.856599128,100224,141,100013,241,100329,237,99924,237,100358,237,99882,237,100485,100,99878,100,100531,100,99861,100,100606,100,99848,100,100776,100,99815,100,100799,100,,,100825,100,,,100857,100,,
2019-06-28 09:55:20.000000000,100329,204,100013,204,100358,204,99924,204,100485,204,99882,204,100531,204,99878,204,100606,100,99861,100,100776,100,99848,100,100799,100,99815,100,100825,100,,,100857,100,,,100905,100,,
2019-06-28 09:55:30.000000000,100329,515,100013,515,100358,100,99924,100,100485,100,99882,100,100531,100,99878,100,100606,100,99861,100,100776,100,99848,100,100799,100,99815,100,100825,100,,,100857,100,,,100905,100,,
2019-06-28 09:55:31.306265884,100223,100,100013,515,100329,515,99924,100,100358,100,99882,100,100485,100,99878,100,100531,100,99861,100,100606,100,99848,100,100776,100,99815,100,100799,100,,,100825,100,,,100857,100,,
2019-06-28 09:55:40.000000000,100223,183,100013,183,100329,183,99924,183,100358,183,99882,183,100485,183,99878,183,100531,183,99861,183,100606,100,99848,100,100776,100,99815,100,100799,100,,,100825,100,,,100857,100,,
2019-06-28 09:55:50.000000000,100223,183,100013,183,100329,183,99924,183,100358,183,99882,183,100485,183,99878,183,100531,183,99861,183,100606,100,99848,100,100776,100,99815,100,100799,100,,,100825,100,,,100857,100,,
2019-06-28 09:56:00.000000000,100223,183,100013,183,100329,183,99924,183,100358,183,99882,183,100485,183,99878,183,100531,183,99861,183,100606,100,99848,100,100776,100,99815,100,100799,100,,,100825,100,,,100857,100,,
2019-06-28 09:56:10.000000000,100223,241,100013,241,100329,237,99924,237,100358,237,99882,237,100485,100,99878,100,100531,100,99861,100,100606,100,99848,100,100776,100,99815,100,100799,100,,,100825,100,,,100857,100,,
2019-06-28 09:56:20.000000000,100223,241,100013,241,100329,237,99924,237,100358,237,99882,237,100485,100,99878,100,100531,100,99861,100,100606,100,99848,100,100776,100,99815,100,100799,100,,,100825,100,,,100857,100,,
2019-06-28 09:56:22.292141923,100223,141,100013,241,100329,237,99924,237,100358,237,99882,237,100485,100,99878,100,100531,100,99861,100,100606,100,99848,100,100776,100,99815,100,100799,100,,,100825,100,,,100905,100,,
2019-06-28 09:56:30.000000000,100329,308,100013,308,100358,308,99924,308,100485,100,99882,100,100531,100,99878,100,100606,100,99861,100,100776,100,99848,100,100799,100,99815,100,100825,100,,,100905,100,,,101230,100,,
2019-06-28 09:56:37.775150507,100329,308,100223,100,100358,308,100013,308,100485,100,99924,308,100531,100,99882,100,100606,100,99878,100,100776,100,99861,100,100799,100,99848,100,100825,100,99815,100,100905,100,,,101230,100,,
2019-06-28 09:56:40.000000000,100329,308,100223,308,100358,308,100013,308,100485,100,99924,100,100531,100,99882,100,100606,100,99878,100,100776,100,99861,100,100799,100,99848,100,100825,100,99815,100,100905,100,,,101230,100,,
2019-06-28 09:56:40.884497662,100329,208,100223,308,100358,308,100013,308,100485,100,99924,100,100531,100,99882,100,100606,100,99878,100,100799,100,99861,100,100825,100,99848,100,100905,100,99815,100,101230,100,,,,,,
2019-06-28 09:56:50.000000000,100358,183,100223,183,100485,183,100013,183,100531,183,99924,183,100606,183,99882,183,100799,183,99878,183,100825,100,99861,100,100905,100,99848,100,101230,100,99815,100,,,,,,,,
2019-06-28 09:57:00.000000000,100358,183,100223,183,100485,183,100013,183,100531,183,99924,183,100606,183,99882,183,100799,183,99878,183,100825,100,99861,100,100905,100,99848,100,101230,100,99815,100,,,,,,,,
2019-06-28 09:57:01.549663131,100358,183,100224,100,100485,183,100223,183,100531,183,100013,183,100606,183,99924,183,100799,183,99882,183,100825,100,99878,183,100905,100,99861,100,101230,100,99848,100,,,99815,100,,,,
2019-06-28 09:57:10.000000000,100358,241,100224,241,100485,237,100223,237,100531,237,100013,237,100606,100,99924,100,100799,100,99882,100,100825,100,99878,100,100905,100,99861,100,101230,100,99848,100,,,99815,100,,,,
2019-06-28 09:57:20.000000000,100358,241,100224,241,100485,237,100223,237,100531,237,100013,237,100606,100,99924,100,100799,100,99882,100,100825,100,99878,100,100905,100,99861,100,101230,100,99848,100,,,99815,100,,,,
2019-06-28 09:57:25.838509745,100358,241,100224,141,100485,237,100223,237,100531,237,100013,237,100606,100,99924,100,100799,100,99882,100,100825,100,99878,100,100905,100,99861,100,101230,100,99848,100,,,99815,100,,,,
2019-06-28 09:57:30.000000000,100358,183,100223,183,100485,183,100013,183,100531,183,99924,183,100606,183,99882,183,100799,183,99878,183,100825,100,99861,100,100905,100,99848,100,101230,100,99815,100,,,,,,,,
2019-06-28 09:57:35.532660465,100358,183,100223,183,100485,183,100086,100,100531,183,100013,183,100606,183,99924,183,100799,183,99882,183,100825,100,99878,183,100905,100,99861,100,101230,100,99848,100,,,99815,100,,,,
2019-06-28 09:57:40.000000000,100358,515,100223,515,100485,100,100086,100,100531,100,100013,100,100606,100,99924,100,100799,100,99882,100,100825,100,99878,100,100905,100,99861,100,101230,100,99848,100,,,99815,100,,,,
2019-06-28 09:57:49.027335973,100358,515,100223,515,100363,100,100086,100,100485,100,100013,100,100531,100,99924,100,100606,100,99882,100,100799,100,99878,100,100825,100,99861,100,100905,100,99848,100,101230,100,99815,100,,,,
2019-06-28 09:57:50.000000000,100358,183,100223,183,100363,183,100086,183,100485,183,100013,183,100531,183,99924,183,100606,183,99882,183,100799,100,99878,100,100825,100,99861,100,100905,100,99848,100,101230,100,99815,100,,,,
2019-06-28 09:57:52.226147339,100281,100,100223,183,100358,183,100086,183,100363,183,100013,183,100485,183,99924,183,100531,183,99882,183,100606,183,99878,100,100799,100,99861,100,100825,100,99848,100,100905,100,99815,100,101230,100,,
2019-06-28 09:57:53.892946118,100281,100,100223,183,100358,183,100086,183,100363,183,100013,283,100485,183,99924,183,100531,183,99882,183,100606,183,99878,100,100799,100,99861,100,100825,100,99848,100,100905,100,99815,100,101230,100,,
2019-06-28 09:58:00.000000000,100281,183,100223,183,100358,183,100086,183,100363,183,100013,283,100485,183,99924,183,100531,183,99882,183,100606,100,99878,100,100799,100,99861,100,100825,100,99848,100,100905,100,99815,100,101230,100,,
2019-06-28 09:58:06.150133264,100281,183,100223,183,100358,183,100181,100,100363,183,100086,183,100485,183,100013,283,100531,183,99924,183,100606,100,99882,183,100799,100,99878,100,100825,100,99861,100,100905,100,99848,100,101230,100,99815,100
2019-06-28 09:58:10.000000000,100281,308,100223,308,100358,308,100181,308,100363,100,100086,100,100485,100,100013,200,100531,100,99924,100,100606,100,99882,100,100799,100,99878,100,100825,100,99861,100,100905,100,99848,100,101230,100,99815,100
2019-06-28 09:58:11.965455911,100281,308,100223,308,100358,308,100181,308,100363,100,100086,100,100485,100,100072,100,100531,100,100013,200,100606,100,99924,100,100825,100,99882,100,100905,100,99878,100,101230,100,99861,100,,,99848,100
2019-06-28 09:58:19.427615294,100281,308,100223,208,100358,308,100181,308,100363,100,100072,100,100485,100,100013,200,100531,100,99924,100,100606,100,99882,100,100825,100,99878,100,100905,100,99861,100,101230,100,99848,100,,,99815,100
2019-06-28 09:58:20.000000000,100281,183,100181,183,100358,183,100072,183,100363,183,100013,283,100485,183,99924,183,100531,183,99882,183,100606,100,99878,100,100825,100,99861,100,100905,100,99848,100,101230,100,99815,100,,,,
2019-06-28 09:58:30.000000000,100281,204,100181,204,100358,204,100072,204,100363,204,100013,304,100485,204,99924,204,100531,100,99882,100,100606,100,99878,100,100825,100,99861,100,100905,100,99848,100,101230,100,99815,100,,,,
2019-06-28 09:58:33.317576253,100281,204,100181,204,100358,204,100072,204,100363,204,100013,304,100485,204,99924,204,100531,100,99882,100,100606,100,99878,100,100825,100,99861,100,100905,100,99855,100,101230,100,99848,100,,,99815,100
2019-06-28 09:58:35.729062380,100281,204,100181,204,100358,204,100072,204,100363,204,100013,304,100485,204,99928,100,100531,100,99924,204,100606,100,99882,100,100825,100,99878,100,100905,100,99861,100,101230,100,99855,100,,,99848,100
2019-06-28 09:58:40.000000000,100281,241,100181,241,100358,237,100072,237,100363,237,100013,337,100485,100,99928,100,100531,100,99924,100,100606,100,99882,100,100825,100,99878,100,100905,100,99861,100,101230,100,99855,100,,,99848,100
2019-06-28 09:58:50.000000000,100281,308,100181,308,100358,308,100072,308,100363,100,100013,200,100485,100,99928,100,100531,100,99924,100,100606,100,99882,100,100825,100,99878,100,100905,100,99861,100,101230,100,99855,100,,,99848,100
2019-06-28 09:59:00.000000000,100281,204,100181,204,100358,204,100072,204,100363,204,100013,304,100485,204,99928,204,100531,100,99924,100,100606,100,99882,100,100825,100,99878,100,100905,100,99861,100,101230,100,99855,100,,,99848,100
2019-06-28 09:59:09.281335497,100281,204,100181,104,100358,204,100072,204,100363,204,100013,304,100485,104,99928,204,100531,100,99924,100,100606,100,99882,100,100825,100,99878,100,100905,100,99861,100,101230,100,99855,100,,,99848,100
2019-06-28 09:59:10.000000000,100281,515,100072,515,100358,100,100013,200,100363,100,99928,100,100531,100,99924,100,100606,100,99882,100,100825,100,99878,100,100905,100,99861,100,101230,100,99855,100,,,99848,100,,,,
2019-06-28 09:59:11.529064874,100223,100,100072,515,100281,515,100013,200,100358,100,99928,100,100363,100,99924,100,100531,100,99882,100,100606,100,99878,100,100825,100,99861,100,100905,100,99855,100,101230,100,99848,100,,,,
2019-06-28 09:59:20.000000000,100223,183,100072,183,100281,183,100013,283,100358,183,99928,183,100363,183,99924,183,100531,183,99882,183,100606,100,99878,100,100825,100,99861,100,100905,100,99855,100,101230,100,99848,100,,,,
2019-06-28 09:59:20.876371130,100082,100,100072,183,100223,183,100013,283,100281,183,99928,183,100358,183,99924,183,100363,183,99882,183,100531,183,99878,100,100606,100,99861,100,100825,100,99855,100,100905,100,99848,100,101230,100,,
2019-06-28 09:59:20.907676648,100082,100,100072,83,100223,183,100013,283,100281,183,99928,183,100358,183,99924,183,100363,183,99882,183,100531,183,99878,100,100606,100,99861,100,100825,100,99855,100,100905,100,99848,100,101230,100,,
2019-06-28 09:59:30.000000000,100082,515,100013,615,100223,100,99928,100,100281,100,99924,100,100358,100,99882,100,100363,100,99878,100,100531,100,99861,100,100606,100,99855,100,100825,100,99848,100,100905,100,,,101230,100,,
2019-06-28 09:59:40.000000000,100082,183,100013,283,100223,183,99928,183,100281,183,99924,183,100358,183,99882,183,100363,183,99878,183,100531,100,99861,100,100606,100,99855,100,100825,100,99848,100,100905,100,,,101230,100,,
2019-06-28 09:59:41.965427372,100082,183,100079,100,100223,183,100013,183,100281,183,99928,183,100358,183,99924,183,100363,183,99882,183,100531,100,99878,183,100606,100,99861,100,100825,100,99855,100,100905,100,99848,100,101230,100,,
2019-06-28 09:59:42.926415137,100082,183,100079,100,100156,100,100013,183,100223,183,99928,183,100281,183,99924,183,100358,183,99882,183,100363,183,99878,183,100531,100,99861,100,100606,100,99855,100,100825,100,99848,100,100905,100,,
2019-06-28 09:59:50.000000000,100082,241,100079,241,100156,237,100013,237,100223,237,99928,237,100281,100,99924,100,100358,100,99882,100,100363,100,99878,100,100531,100,99861,100,100606,100,99855,100,100825,100,99848,100,100905,100,,
2019-06-28 09:59:59.124305766,100082,241,100079,241,100156,237,100013,237,100223,237,99928,237,100281,100,99924,100,100352,100,99882,100,100358,100,99878,100,100363,100,99861,100,100531,100,99855,100,100606,100,,,100825,100,,
2019-06-28 10:00:00.000000000,100082,183,100079,183,100156,183,100013,183,100223,183,99928,183,100281,183,99924,183,100352,183,99882,183,100358,100,99878,100,100363,100,99861,100,100531,100,99855,100,100606,100,,,100825,100,,
2019-06-28 10:00:01.651177599,100082,183,100079,183,100156,183,100013,183,100223,183,99928,183,100281,183,99924,183,100352,183,99882,183,100358,100,99878,100,100363,100,99861,100,100531,100,99855,100,100548,100,,,100606,100,,
2019-06-28 10:00:10.000000000,100082,308,100079,308,100156,308,100013,308,100223,100,99928,100,100281,100,99924,100,100352,100,99882,100,100358,100,99878,100,100363,100,99861,100,100531,100,99855,100,100548,100,,,100606,100,,
2019-06-28 10:00:18.194719894,100082,308,100079,208,100156,308,100013,308,100223,100,99928,100,100281,100,99924,100,100352,100,99882,100,100358,100,99878,100,100363,100,99861,100,100522,100,99855,100,100531,100,,,100548,100,,
2019-06-28 10:00:20.000000000,100082,241,100013,241,100156,237,99928,237,100223,237,99924,237,100281,100,99882,100,100352,100,99878,100,100358,100,99861,100,100363,100,99855,100,100522,100,,,100531,100,,,100548,100,,
2019-06-28 10:00:22.467762346,100082,241,100013,241,100156,237,99928,237,100223,237,99924,237,100281,100,99882,100,100352,100,99878,100,100358,100,99855,100,100363,100,,,100397,100,,,100522,100,,,100531,100,,
2019-06-28 10:00:30.000000000,100082,241,100013,241,100156,237,99928,237,100223,237,99924,237,100281,100,99882,100,100352,100,99878,100,100358,100,99855,100,100363,100,,,100397,100,,,100522,100,,,100531,100,,
2019-06-28 10:00:37.300905244,100082,141,100013,241,100156,237,99928,237,100223,237,99924,237,100281,100,99882,100,100352,100,99878,100,100358,100,99855,100,100363,100,,,100397,100,,,100522,100,,,100531,100,,
2019-06-28 10:00:39.654871342,100082,141,100013,241,100156,237,99928,237,100223,237,99924,237,100281,100,99882,100,100352,100,99878,100,100358,100,99855,100,100363,100,,,100397,100,,,100448,100,,,100522,100,,
2019-06-28 10:00:40.000000000,100156,204,100013,204,100223,204,99928,204,100281,204,99924,204,100352,204,99882,204,100358,100,99878,100,100363,100,99855,100,100397,100,,,100448,100,,,100522,100,,,100531,100,,
2019-06-28 10:00:50.000000000,100156,204,100013,204,100223,204,99928,204,100281,204,99924,204,100352,204,99882,204,100358,100,99878,100,100363,100,99855,100,100397,100,,,100448,100,,,100522,100,,,100531,100,,
2019-06-28 10:01:00.000000000,100156,183,100013,183,100223,183,99928,183,100281,183,99924,183,100352,183,99882,183,100358,183,99878,183,100363,100,99855,100,100397,100,,,100448,100,,,100522,100,,,100531,100,,
2019-06-28 10:01:09.075148310,100156,183,100013,83,100223,183,99928,183,100281,183,99924,183,100352,183,99882,183,100358,183,99878,183,100363,100,,,100397,100,,,100448,100,,,100522,100,,,100531,100,,
2019-06-28 10:01:10.000000000,100156,241,99928,241,100223,237,99924,237,100281,237,99882,237,100352,100,99878,100,100358,100,,,100363,100,,,100397,100,,,100448,100,,,100522,100,,,100531,100,,
2019-06-28 10:01:20.000000000,100156,241,99928,241,100223,237,99924,237,100281,237,99882,237,100352,100,99878,100,100358,100,,,100363,100,,,100397,100,,,100448,100,,,100522,100,,,100531,100,,
2019-06-28 10:01:30.000000000,100156,515,99928,515,100223,100,99924,100,100281,100,99882,100,100352,100,99878,100,100358,100,,,100363,100,,,100397,100,,,100448,100,,,100522,100,,,100531,100,,
2019-06-28 10:01:40.000000000,100156,183,99928,183,100223,183,99924,183,100281,183,99882,183,100352,183,99878,183,100358,183,99877,83,100363,100,,,100397,100,,,100448,100,,,100522,100,,,100531,100,,
2019-06-28 10:01:50.000000000,100156,308,99928,308,100223,308,99924,308,100281,100,99882,100,100352,100,99878,100,100358,100,,,100363,100,,,100397,100,,,100448,100,,,100522,100,,,100531,100,,
2019-06-28 10:01:50.035335160,100156,208,99928,308,100223,308,99924,308,100281,100,99882,100,100352,100,99878,100,100358,100,,,100363,100,,,100397,100,,,100448,100,,,100522,100,,,100531,100,,
2019-06-28 10:02:00.000000000,100223,241,99928,241,100281,237,99924,237,100352,237,99882,237,100358,100,99878,100,100363,100,,,100397,100,,,100448,100,,,100522,100,,,100531,100,,,100548,100,,
2019-06-28 10:02:08.078416663,100223,141,100014,100,100281,237,99928,241,100352,237,99924,237,100358,100,99882,237,100363,100,99878,100,100397,100,,,100448,100,,,100522,100,,,100531,100,,,100548,100,,
2019-06-28 10:02:10.000000000,100281,204,100014,204,100352,204,99928,204,100358,204,99924,204,100363,204,99882,204,100397,100,99878,100,100448,100,,,100522,100,,,100531,100,,,100548,100,,,100606,100,,
2019-06-28 10:02:18.543505583,100281,204,100014,204,100352,204,99928,204,100358,204,99924,204,100363,204,99882,204,100397,100,99878,100,100448,100,,,100522,100,,,100531,100,,,100548,100,,,100606,100,,
2019-06-28 10:02:20.000000000,100281,515,100014,515,100352,100,99928,100,100358,100,99924,100,100363,100,99882,100,100397,100,99878,100,100448,100,,,100522,100,,,100531,100,,,100548,100,,,100606,100,,
2019-06-28 10:02:30.000000000,100281,515,100014,515,100352,100,99928,100,100358,100,99924,100,100363,100,99882,100,100397,100,99878,100,100448,100,,,100522,100,,,100531,100,,,100548,100,,,100606,100,,
2019-06-28 10:02:34.162708046,100281,515,100014,515,100352,100,99928,100,100358,100,99924,100,100363,100,99882,100,100397,100,99878,100,100448,100,,,100522,100,,,100531,100,,,100548,100,,,100606,100,,
2019-06-28 10:02:40.000000000,100281,308,100014,308,100352,308,99928,308,100358,100,99924,100,100363,100,99882,100,100397,100,99878,100,100448,100,,,100522,100,,,100531,100,,,100548,100,,,100606,100,,
2019-06-28 10:02:45.634661229,100281,208,100014,308,100352,308,99928,308,100358,100,99924,100,100363,100,99882,100,100397,100,99878,100,100448,100,,,100522,100,,,100531,100,,,100548,100,,,100606,100,,
2019-06-28 10:02:50.000000000,100352,183,100014,183,100358,183,99928,183,100363,183,99924,183,100397,183,99882,183,100448,183,99878,183,100522,100,,,100531,100,,,100548,100,,,100606,100,,,100626,100,,
2019-06-28 10:02:57.250424710,100330,100,100014,183,100352,183,99928,183,100358,183,99924,183,100363,183,99882,183,100397,183,99878,183,100448,183,,,100522,100,,,100531,100,,,100548,100,,,100606,100,,
2019-06-28 10:02:57.558382981,100330,100,100241,100,100352,83,100014,183,100358,183,99928,183,100363,183,99924,183,100397,183,99882,183,100448,183,99878,183,100522,100,,,100531,100,,,100548,100,,,100606,100,,
2019-06-28 10:03:00.000000000,100330,183,100241,183,100358,183,100014,183,100363,183,99928,183,100397,183,99924,183,100448,183,99882,183,100522,100,99878,100,100531,100,,,100548,100,,,100606,100,,,100758,100,,
2019-06-28 10:03:04.305533934,100303,100,100241,183,100330,183,100014,183,100358,183,99928,183,100363,183,99924,183,100397,183,99882,183,100448,183,99878,100,100522,100,,,100531,100,,,100548,100,,,100606,100,,
2019-06-28 10:03:09.654907610,100303,100,100241,183,100330,183,100126,100,100358,183,100014,183,100363,183,99928,183,100397,183,99924,183,100448,183,99882,183,100522,100,99878,100,100531,100,,,100548,100,,,100606,100,,
2019-06-28 10:03:10.000000000,100303,515,100241,515,100330,100,100126,100,100358,100,100014,100,100363,100,99928,100,100397,100,99924,100,100448,100,99882,100,100522,100,99878,100,100531,100,,,100548,100,,,100606,100,,
2019-06-28 10:03:12.727778824,100303,515,100241,415,100330,100,100126,100,100358,100,100014,100,100363,100,99928,100,100397,100,99924,100,100448,100,99882,100,100522,100,99878,100,100531,100,,,100606,100,,,100758,100,,
2019-06-28 10:03:20.000000000,100303,515,100126,515,100330,100,100014,100,100358,100,99928,100,100363,100,99924,100,100397,100,99882,100,100448,100,99878,100,100522,100,,,100531,100,,,100606,100,,,100758,100,,
2019-06-28 10:03:21.890482564,100241,100,100126,515,100303,515,100014,100,100330,100,99928,100,100358,100,99924,100,100363,100,99882,100,100397,100,99878,100,100448,100,,,100522,100,,,100531,100,,,100606,100,,
2019-06-28 10:03:30.000000000,100241,515,100126,515,100303,100,100014,100,100330,100,99928,100,100358,100,99924,100,100363,100,99882,100,100397,100,99878,100,100448,100,,,100522,100,,,100531,100,,,100606,100,,
2019-06-28 10:03:38.785578721,100132,100,100126,515,100241,515,100014,100,100303,100,99928,100,100330,100,99882,100,100358,100,99878,100,100363,100,,,100397,100,,,100448,100,,,100522,100,,,100531,100,,
2019-06-28 10:03:40.000000000,100132,515,100126,515,100241,100,100014,100,100303,100,99928,100,100330,100,99882,100,100358,100,99878,100,100363,100,,,100397,100,,,100448,100,,,100522,100,,,100531,100,,
2019-06-28 10:03:50.000000000,100132,515,100126,515,100241,100,100014,100,100303,100,99928,100,100330,100,99882,100,100358,100,99878,100,100363,100,,,100397,100,,,100448,100,,,100522,100,,,100531,100,,
2019-06-28 10:03:58.883036638,100132,515,100126,515,100218,100,100014,100,100241,100,99928,100,100303,100,99882,100,100358,100,99878,100,100363,100,,,100397,100,,,100448,100,,,100522,100,,,100531,100,,
2019-06-28 10:04:00.000000000,100132,183,100126,183,100218,183,100014,183,100241,183,99928,183,100303,183,99882,183,100358,183,99878,183,100363,100,,,100397,100,,,100448,100,,,100522,100,,,100531,100,,
2019-06-28 10:04:05.879796936,100132,183,100126,183,100218,183,100080,100,100241,183,100014,183,100303,183,99928,183,100358,183,99882,183,100363,100,99878,183,100397,100,,,100448,100,,,100522,100,,,100531,100,,
2019-06-28 10:04:10.000000000,100132,308,100126,308,100218,308,100080,308,100241,100,100014,100,100303,100,99928,100,100358,100,99882,100,100363,100,99878,100,100397,100,,,100448,100,,,100522,100,,,100531,100,,
2019-06-28 10:04:20.000000000,100132,308,100126,308,100218,308,100080,308,100241,100,100014,100,100303,100,99928,100,100358,100,99882,100,100363,100,99878,100,100397,100,,,100448,100,,,100522,100,,,100531,100,,
2019-06-28 10:04:30.000000000,100132,515,100126,515,100218,100,100080,100,100241,100,100014,100,100303,100,99928,100,100358,100,99882,100,100363,100,99878,100,100397,100,,,100448,100,,,100522,100,,,100531,100,,
2019-06-28 10:04:37.211121896,100132,515,100126,515,100218,100,100080,100,100241,100,100014,100,100303,100,99928,100,100358,100,99882,100,100363,100,99878,100,100397,100,,,100414,100,,,100448,100,,,100522,100,,
2019-06-28 10:04:39.818767863,100132,515,100126,515,100218,100,100080,100,100241,100,100014,100,100303,100,99928,100,100358,100,99882,100,100363,100,99878,100,100397,100,,,100414,100,,,100448,100,,,100494,100,,
2019-06-28 10:04:40.000000000,100132,241,100126,241,100218,237,100080,237,100241,237,100014,237,100303,100,99928,100,100358,100,99882,100,100363,100,99878,100,100397,100,,,100414,100,,,100448,100,,,100494,100,,
2019-06-28 10:04:50.000000000,100132,308,100126,308,100218,308,100080,308,100241,100,100014,100,100303,100,99928,100,100358,100,99882,100,100363,100,99878,100,100397,100,,,100414,100,,,100448,100,,,100494,100,,
2019-06-28 10:04:56.728233118,100132,208,100126,308,100218,308,100080,308,100241,100,100014,100,100303,100,99928,100,100358,100,99882,100,100363,100,99878,100,100397,100,,,100414,100,,,100448,100,,,100494,100,,
2019-06-28 10:05:00.000000000,100218,515,100126,515,100241,100,100080,100,100303,100,100014,100,100358,100,99928,100,100363,100,99882,100,100397,100,99878,100,100414,100,,,100448,100,,,100494,100,,,100522,100,,
2019-06-28 10:05:10.000000000,100218,183,100126,183,100241,183,100080,183,100303,183,100014,183,100358,183,99928,183,100363,183,99882,183,100397,100,99878,100,100414,100,,,100448,100,,,100494,100,,,100522,100,,
2019-06-28 10:05:14.064446023,100217,100,100126,183,100218,183,100080,183,100241,183,100014,183,100303,183,99928,183,100358,183,99882,183,100363,183,99878,100,100397,100,,,100414,100,,,100448,100,,,100494,100,,
2019-06-28 10:05:20.000000000,100217,241,100126,241,100218,237,100080,237,100241,237,100014,237,100303,100,99928,100,100358,100,99882,100,100363,100,99878,100,100397,100,,,100414,100,,,100448,100,,,100494,100,,
2019-06-28 10:05:30.000000000,100217,241,100126,241,100218,237,100080,237,100241,237,100014,237,100303,100,99928,100,100358,100,99882,100,100363,100,99878,100,100397,100,,,100414,100,,,100448,100,,,100494,100,,
2019-06-28 10:05:40.000000000,100217,308,100126,308,100218,308,100080,308,100241,100,100014,100,100303,100,99928,100,100358,100,99882,100,100363,100,99878,100,100397,100,,,100414,100,,,100448,100,,,100494,100,,
2019-06-28 10:05:50.000000000,100217,183,100126,183,100218,183,100080,183,100241,183,100014,183,100303,183,99928,183,100358,183,99882,183,100363,100,99878,100,100397,100,,,100414,100,,,100448,100,,,100494,100,,
2019-06-28 10:05:56.915949909,100217,183,100132,100,100218,183,100126,183,100241,183,100080,183,100303,183,100014,183,100358,183,99928,183,100363,100,99882,183,100397,100,99878,100,100414,100,,,100448,100,,,100494,100,,
2019-06-28 10:06:00.000000000,100217,241,100132,241,100218,237,100126,237,100241,237,100080,237,100303,100,100014,100,100358,100,99928,100,100363,100,99882,100,100397,100,99878,100,100414,100,,,100448,100,,,100494,100,,
2019-06-28 10:06:10.000000000,100217,515,100132,515,100218,100,100126,100,100241,100,100080,100,100303,100,100014,100,100358,100,99928,100,100363,100,99882,100,100397,100,99878,100,100414,100,,,100448,100,,,100494,100,,
2019-06-28 10:06:14.549938857,100217,415,100132,515,100218,100,100126,100,100241,100,100080,100,100303,100,100014,100,100358,100,99928,100,100363,100,99882,100,100397,100,99878,100,100414,100,,,100448,100,,,100494,100,,
2019-06-28 10:06:15.418157207,100217,415,100132,515,100218,100,100126,100,100241,100,100080,100,100303,100,100014,100,100358,100,99928,100,100363,100,99882,100,100397,100,99878,100,100414,100,,,100433,100,,,100448,100,,
2019-06-28 10:06:20.000000000,100218,204,100132,204,100241,204,100126,204,100303,204,100080,204,100358,204,100014,204,100363,100,99928,100,100397,100,99882,100,100414,100,99878,100,100433,100,,,100448,100,,,100494,100,,
2019-06-28 10:06:30.000000000,100218,241,100132,241,100241,237,100126,237,100303,237,100080,237,100358,100,100014,100,100363,100,99928,100,100397,100,99882,100,100414,100,99878,100,100433,100,,,100448,100,,,100494,100,,
2019-06-28 10:06:35.597681882,100218,241,100132,241,100241,237,100126,237,100303,137,100080,237,100358,100,100014,100,100363,100,99928,100,100397,100,99882,100,100414,100,99878,100,100433,100,,,100448,100,,,100471,100,,
2019-06-28 10:06:40.000000000,100218,183,100132,183,100241,183,100126,183,100358,183,100080,183,100363,183,100014,183,100397,183,99928,183,100414,100,99882,100,100433,100,99878,100,100448,100,,,100471,100,,,100494,100,,
2019-06-28 10:06:50.000000000,100218,308,100132,308,100241,308,100126,308,100358,100,100080,100,100363,100,100014,100,100397,100,99928,100,100414,100,99882,100,100433,100,99878,100,100448,100,,,100471,100,,,100494,100,,
2019-06-28 10:06:51.078671517,100218,208,100132,308,100241,308,100126,308,100358,100,100080,100,100363,100,100068,100,100397,100,100014,100,100414,100,99928,100,100433,100,99882,100,100448,100,99878,100,100471,100,,,100494,100,,
2019-06-28 10:06:53.561348688,100218,108,100132,308,100241,308,100126,308,100358,100,100080,100,100363,100,100068,100,100397,100,100014,100,100414,100,99928,100,100433,100,99882,100,100448,100,99878,100,100471,100,,,100494,100,,
2019-06-28 10:07:00.000000000,100241,204,100132,204,100358,204,100126,204,100363,204,100080,204,100397,204,100068,204,100414,100,100014,100,100433,100,99928,100,100448,100,99882,100,100471,100,99878,100,100494,100,,,100522,100,,
2019-06-28 10:07:02.776507143,100177,100,100132,204,100241,204,100126,204,100358,204,100080,204,100363,204,100068,104,100397,204,100014,100,100414,100,99928,100,100433,100,99882,100,100448,100,99878,100,100471,100,,,100494,100,,
2019-06-28 10:07:10.000000000,100177,515,100132,515,100241,100,100126,100,100358,100,100080,100,100363,100,100014,100,100397,100,99928,100,100414,100,99882,100,100433,100,99878,100,100448,100,,,100471,100,,,100494,100,,
2019-06-28 10:07:20.000000000,100177,204,100132,204,100241,204,100126,204,100358,204,100080,204,100363,204,100014,204,100397,100,99928,100,100414,100,99882,100,100433,100,99878,100,100448,100,,,100471,100,,,100494,100,,
2019-06-28 10:07:28.940841608,100177,204,100132,204,100226,100,100126,204,100241,204,100080,204,100358,204,100014,204,100363,204,99928,100,100397,100,99882,100,100414,100,99878,100,100433,100,,,100448,100,,,100494,100,,
2019-06-28 10:07:30.000000000,100177,308,100132,308,100226,308,100126,308,100241,100,100080,100,100358,100,100014,100,100363,100,99928,100,100397,100,99882,100,100414,100,99878,100,100433,100,,,100448,100,,,100494,100,,
2019-06-28 10:07:40.000000000,100177,183,100132,183,100226,183,100126,183,100241,183,100080,183,100358,183,100014,183,100363,183,99928,183,100397,100,99882,100,100414,100,99878,100,100433,100,,,100448,100,,,100494,100,,
2019-06-28 10:07:50.000000000,100177,183,100132,183,100226,183,100126,183,100241,183,100080,183,100358,183,100014,183,100363,183,99928,183,100397,100,99882,100,100414,100,99878,100,100433,100,,,100448,100,,,100494,100,,
2019-06-28 10:08:00.000000000,100177,241,100132,241,100226,237,100126,237,100241,237,100080,237,100358,100,100014,100,100363,100,99928,100,100397,100,99882,100,100414,100,99878,100,100433,100,,,100448,100,,,100494,100,,
2019-06-28 10:08:07.733430724,100177,241,100132,241,100226,237,100126,237,100241,237,100080,237,100358,100,100014,100,100363,100,99928,100,100397,100,99882,100,100414,100,99878,100,100433,100,99651,100,100448,100,,,100494,100,,
2019-06-28 10:08:10.000000000,100177,308,100132,308,100226,308,100126,308,100241,100,100080,100,100358,100,100014,100,100363,100,99928,100,100397,100,99882,100,100414,100,99878,100,100433,100,99651,100,100448,100,,,100494,100,,
2019-06-28 10:08:20.000000000,100177,515,100132,515,100226,100,100126,100,100241,100,100080,100,100358,100,100014,100,100363,100,99928,100,100397,100,99882,100,100414,100,99878,100,100433,100,99651,100,100448,100,,,100494,100,,
2019-06-28 10:08:30.000000000,100177,515,100132,515,100226,100,100126,100,100241,100,100080,100,100358,100,100014,100,100363,100,99928,100,100397,100,99882,100,100414,100,99878,100,100433,100,99651,100,100448,100,,,100494,100,,
2019-06-28 10:08:40.000000000,100177,308,100132,308,100226,308,100126,308,100241,100,100080,100,100358,100,100014,100,100363,100,99928,100,100397,100,99882,100,100414,100,99878,100,100433,100,99651,100,100448,100,,,100494,100,,
2019-06-28 10:08:49.533278926,100169,100,100132,308,100177,308,100126,308,100226,308,100014,100,100241,100,99928,100,100358,100,99882,100,100363,100,99878,100,100397,100,99651,100,100414,100,,,100433,100,,,100448,100,,
