,ask_price_1,ask_size_1,bid_price_1,bid_size_1,ask_price_2,ask_size_2,bid_price_2,bid_size_2,ask_price_3,ask_size_3,bid_price_3,bid_size_3,ask_price_4,ask_size_4,bid_price_4,bid_size_4,ask_price_5,ask_size_5,bid_price_5,bid_size_5,ask_price_6,ask_size_6,bid_price_6,bid_size_6,ask_price_7,ask_size_7,bid_price_7,bid_size_7,ask_price_8,ask_size_8,bid_price_8,bid_size_8,ask_price_9,ask_size_9,bid_price_9,bid_size_9,ask_price_10,ask_size_10,bid_price_10,bid_size_10
2019-06-28 09:30:00.000000000,,,99980,100,,,,,,,,,,,,,,,,,,,,,,,,,,,,,,,,,,,,
2019-06-28 09:30:00.000000001,,,99980,100,,,99958,100,,,,,,,,,,,,,,,,,,,,,,,,,,,,,,,,
2019-06-28 09:30:00.000000002,100122,100,99958,100,,,,,,,,,,,,,,,,,,,,,,,,,,,,,,,,,,,,
2019-06-28 09:30:00.000000004,100122,100,99958,100,100168,100,,,,,,,,,,,,,,,,,,,,,,,,,,,,,,,,,,
2019-06-28 09:30:00.000000005,100122,100,99958,100,100168,100,99809,100,,,,,,,,,,,,,,,,,,,,,,,,,,,,,,,,
2019-06-28 09:30:00.000000006,99998,100,99958,100,100122,100,99809,100,100168,100,,,,,,,,,,,,,,,,,,,,,,,,,,,,,,
2019-06-28 09:30:00.000000012,99998,100,99958,100,100120,100,99936,100,100122,100,99809,100,100168,100,,,,,,,,,,,,,,,,,,,,,,,,,,
2019-06-28 09:30:00.000000013,99998,100,99958,100,100120,100,99936,100,100122,100,99907,100,100168,100,99876,100,,,99809,100,,,,,,,,,,,,,,,,,,,,
2019-06-28 09:30:00.000000018,99998,100,99958,100,100085,100,99936,100,100105,100,99907,100,100120,100,99876,100,100122,100,99809,100,100168,100,,,,,,,,,,,,,,,,,,
2019-06-28 09:30:00.000000019,99998,100,99958,100,100085,100,99936,100,100105,100,99907,100,100120,100,99876,100,100122,100,99809,100,100142,100,,,100168,100,,,,,,,,,,,,,,
2019-06-28 09:30:00.000000021,99998,100,99958,100,100085,100,99936,100,100104,100,99907,100,100105,100,99876,100,100120,100,99809,100,100122,100,,,100142,100,,,100168,100,,,,,,,,,,
2019-06-28 09:30:00.000000022,99998,100,99958,100,100085,100,99936,100,100104,100,99917,100,100105,100,99907,100,100120,100,99876,100,100122,100,99809,100,100134,100,,,100142,100,,,100168,100,,,,,,
2019-06-28 09:30:00.000000024,100085,100,99958,100,100104,100,99936,100,100105,100,99917,100,100110,100,99907,100,100120,100,99876,100,100122,100,99809,100,100134,100,,,100142,100,,,100168,100,,,,,,
2019-06-28 09:30:00.000000030,100085,100,99958,100,100104,100,99936,100,100105,100,99917,100,100110,100,99907,100,100120,100,99876,100,100122,100,99809,100,100134,100,99774,100,100142,100,,,100168,100,,,,,,
2019-06-28 09:30:00.000000033,100085,100,99980,100,100104,100,99958,100,100105,100,99936,100,100110,100,99917,100,100120,100,99907,100,100122,100,99876,100,100134,100,99809,100,100142,100,99774,100,100168,100,,,,,,
2019-06-28 09:30:00.000000038,100085,100,99980,100,100104,100,99958,100,100105,100,99936,100,100110,100,99930,100,100120,100,99917,100,100122,100,99907,100,100134,100,99876,100,100142,100,99809,100,100168,100,99774,100,,,,
2019-06-28 09:30:00.000000040,100085,100,99980,100,100104,100,99958,100,100105,100,99936,100,100110,100,99930,100,100120,100,99917,100,100122,100,99907,100,100134,100,99876,100,100142,100,99809,100,100144,100,99774,100,100168,100,,
2019-06-28 09:30:00.000000045,100085,100,99980,100,100104,100,99958,100,100105,100,99936,100,100110,200,99930,100,100120,100,99917,100,100122,100,99907,100,100134,100,99876,100,100142,100,99809,100,100144,100,99774,100,100168,100,,
2019-06-28 09:30:00.000000046,100085,100,99980,100,100099,100,99958,100,100104,100,99936,100,100105,100,99930,100,100110,200,99917,100,100120,100,99907,100,100122,100,99876,100,100134,100,99809,100,100142,100,99774,100,100144,100,,
2019-06-28 09:30:00.000000047,100085,100,99980,100,100099,100,99958,100,100104,100,99936,100,100105,100,99930,100,100110,200,99917,100,100120,100,99907,100,100122,100,99901,200,100134,100,99876,100,100142,100,99809,100,100144,100,99774,100
2019-06-28 09:30:00.000000048,99998,100,99980,100,100085,100,99958,100,100099,100,99936,100,100104,100,99930,100,100105,100,99917,100,100110,200,99907,100,100120,100,99901,200,100122,100,99876,100,100134,100,99809,100,100142,100,99774,100
2019-06-28 09:30:00.000000049,99998,100,99980,100,100033,100,99958,100,100085,100,99936,100,100099,100,99930,100,100104,100,99917,100,100105,100,99907,100,100110,200,99901,200,100120,100,99876,100,100122,100,99809,100,100134,100,99774,100
2019-06-28 09:30:00.000000050,99998,100,99980,100,100033,100,99958,100,100058,100,99936,100,100085,100,99930,100,100099,100,99917,100,100104,100,99907,100,100105,100,99901,200,100110,200,99898,100,100120,100,99876,100,100122,100,99809,100
2019-06-28 09:30:00.000000051,99998,100,99980,100,100033,100,99958,100,100058,100,99936,100,100064,100,99930,100,100085,100,99917,100,100099,100,99907,100,100104,100,99901,200,100105,100,99898,100,100110,200,99876,100,100120,100,99809,100
2019-06-28 09:30:00.000000056,99998,100,99980,100,100033,100,99958,100,100058,100,99936,100,100064,100,99930,100,100085,100,99924,100,100099,100,99917,100,100104,100,99907,100,100105,100,99901,200,100110,200,99898,100,100120,100,99876,100
2019-06-28 09:30:00.000000059,99998,100,99980,100,100033,100,99958,100,100058,100,99940,100,100064,100,99936,100,100085,100,99930,100,100095,100,99924,100,100099,100,99917,100,100104,100,99907,100,100105,100,99901,200,100110,200,99898,100
2019-06-28 09:30:00.000000062,99998,100,99981,100,100033,100,99980,100,100058,100,99958,100,100064,100,99940,100,100081,100,99936,100,100085,100,99930,100,100095,100,99924,100,100099,100,99917,100,100104,100,99907,100,100105,100,99901,200
2019-06-28 09:30:00.000000064,99998,100,99981,100,100033,100,99980,100,100058,100,99958,100,100064,100,99940,100,100081,100,99936,100,100085,100,99930,100,100095,100,99924,100,100099,100,99917,100,100104,100,99907,100,100105,100,99901,200
2019-06-28 09:30:00.000000066,99998,100,99981,100,100033,100,99980,100,100038,100,99958,100,100058,100,99940,100,100064,100,99936,100,100081,100,99930,100,100085,100,99924,100,100095,100,99917,100,100099,100,99907,100,100104,100,99901,200
2019-06-28 09:30:00.000000067,99998,100,99981,100,100033,100,99980,100,100038,100,99958,100,100058,100,99940,100,100064,100,99936,100,100081,100,99930,100,100085,100,99924,100,100090,100,99917,100,100095,100,99907,100,100099,100,99901,200
2019-06-28 09:30:00.000000069,99998,100,99981,100,100033,100,99980,100,100038,100,99958,100,100058,100,99949,100,100064,100,99940,100,100081,100,99936,100,100085,100,99930,100,100090,100,99924,100,100095,100,99917,100,100099,100,99907,100
2019-06-28 09:30:00.000000072,99998,100,99981,100,100033,100,99980,200,100038,100,99958,100,100058,100,99949,100,100064,100,99940,100,100081,100,99936,100,100085,100,99930,100,100090,100,99924,100,100095,100,99917,100,100099,100,99907,100
2019-06-28 09:30:00.000000074,99998,100,99981,100,100011,100,99980,200,100033,100,99958,100,100038,100,99949,100,100058,100,99940,100,100064,100,99936,100,100081,100,99930,100,100085,100,99924,100,100090,100,99917,100,100095,100,99907,100
2019-06-28 09:30:00.000000075,99998,100,99981,100,100011,100,99980,200,100033,100,99968,100,100038,100,99958,100,100058,100,99949,100,100064,100,99940,100,100081,100,99936,100,100085,100,99930,100,100090,100,99924,100,100095,100,99917,100
2019-06-28 09:30:00.000000076,99998,100,99981,100,100011,100,99980,200,100033,100,99968,100,100038,100,99958,100,100058,100,99949,100,100064,100,99940,100,100081,100,99936,100,100085,100,99930,100,100090,100,99924,100,100095,100,99917,100
2019-06-28 09:30:00.000000078,99998,100,99981,100,100011,100,99980,200,100033,100,99975,100,100038,100,99968,100,100058,100,99958,100,100064,100,99949,100,100081,100,99940,100,100085,100,99936,100,100090,100,99930,100,100095,100,99924,100
2019-06-28 09:30:00.000000079,99982,100,99981,100,99998,100,99980,200,100011,100,99975,100,100033,100,99968,100,100038,100,99958,100,100058,100,99949,100,100064,100,99940,100,100081,100,99936,100,100085,100,99930,100,100090,100,99924,100
2019-06-28 09:30:00.000000080,99982,100,99981,100,99998,100,99980,200,100011,100,99975,100,100033,100,99968,100,100038,100,99958,100,100058,100,99949,100,100064,100,99940,100,100071,100,99936,100,100081,100,99930,100,100085,100,99924,100
2019-06-28 09:30:00.000000083,99982,100,99981,100,99998,200,99980,200,100011,100,99975,100,100033,100,99968,100,100038,100,99958,100,100058,100,99949,100,100064,100,99940,100,100071,100,99936,100,100081,100,99930,100,100085,100,99924,100
2019-06-28 09:30:00.000000084,99998,200,99981,100,100011,100,99980,200,100033,100,99975,100,100038,100,99968,100,100058,100,99958,100,100064,100,99949,100,100071,100,99940,100,100081,100,99936,100,100085,100,99930,100,100090,100,99924,100
2019-06-28 09:30:00.000000086,99998,200,99982,100,100011,100,99981,100,100033,100,99980,200,100038,100,99975,100,100058,100,99968,100,100064,100,99958,100,100071,100,99949,100,100081,100,99940,100,100085,100,99936,100,100090,100,99930,100
2019-06-28 09:30:00.000000087,99998,200,99982,100,100011,100,99981,100,100033,100,99980,200,100038,100,99975,100,100058,100,99968,100,100064,100,99958,100,100071,100,99949,100,100081,100,99940,100,100085,100,99936,100,100090,100,99930,100
2019-06-28 09:30:00.000000088,99997,100,99982,200,99998,200,99981,100,100011,100,99980,200,100033,100,99975,100,100038,100,99968,100,100058,100,99958,100,100064,100,99949,100,100071,100,99940,100,100081,100,99936,100,100085,100,99930,100
2019-06-28 09:30:00.000000090,99997,100,99982,200,99998,200,99981,100,100011,100,99980,200,100033,100,99975,100,100038,100,99968,100,100058,100,99958,100,100064,100,99949,100,100071,100,99940,100,100081,100,99936,100,100085,100,99930,100
2019-06-28 09:30:00.000000091,99993,100,99982,200,99997,100,99981,100,99998,200,99980,200,100011,100,99975,100,100033,100,99968,100,100038,100,99958,100,100058,100,99949,100,100064,100,99940,100,100071,100,99936,100,100081,100,99930,100
2019-06-28 09:30:00.000000093,99993,100,99982,200,99997,100,99981,100,99998,200,99980,200,100011,100,99975,100,100033,100,99968,100,100038,100,99958,100,100058,100,99949,100,100064,100,99940,100,100071,100,99936,100,100081,100,99930,100
2019-06-28 09:30:00.000000094,99997,100,99982,200,99998,200,99981,100,100011,100,99980,200,100033,100,99975,100,100038,100,99968,100,100058,100,99958,100,100064,100,99949,100,100071,100,99940,100,100081,100,99936,100,100085,100,99930,100
2019-06-28 09:30:00.000000097,99997,100,99982,200,99998,200,99981,100,100011,100,99980,200,100033,100,99975,100,100038,100,99968,100,100058,100,99958,100,100064,100,99949,100,100071,100,99940,100,100081,100,99936,100,100085,100,99930,100
2019-06-28 09:30:00.000000098,99993,100,99982,200,99997,100,99981,100,99998,200,99980,200,100011,100,99975,100,100033,100,99968,100,100038,100,99958,100,100058,100,99949,100,100064,100,99940,100,100071,100,99936,100,100081,100,99930,100
2019-06-28 09:30:03.388622631,99993,100,99983,100,99997,100,99982,200,99998,100,99981,100,100011,100,99980,200,100033,100,99975,100,100038,100,99968,100,100058,100,99958,100,100064,100,99949,100,100071,100,99940,100,100081,100,99936,100
2019-06-28 09:30:10.000000000,99993,435,99983,435,99997,100,99982,200,99998,100,99981,100,100011,100,99980,200,100033,100,99975,100,100038,100,99968,100,100058,100,99958,100,100064,100,99949,100,100071,100,99940,100,100081,100,99936,100
2019-06-28 09:30:10.961709320,99993,435,99983,435,99997,100,99982,100,99998,100,99981,100,100011,100,99980,200,100033,100,99975,100,100038,100,99968,100,100058,100,99958,100,100064,100,99949,100,100071,100,99940,100,100081,100,99936,100
2019-06-28 09:30:15.028029896,99993,435,99983,435,99997,100,99982,100,99998,100,99981,100,100008,100,99980,200,100011,100,99975,100,100038,100,99968,100,100058,100,99958,100,100064,100,99949,100,100071,100,99940,100,100081,100,99936,100
2019-06-28 09:30:20.000000000,99993,184,99983,184,99997,184,99982,184,99998,184,99981,184,100008,184,99980,284,100011,100,99975,100,100038,100,99968,100,100058,100,99958,100,100064,100,99949,100,100071,100,99940,100,100081,100,99936,100
2019-06-28 09:30:24.544775471,99993,184,99983,184,99997,184,99982,184,99998,184,99981,184,100008,184,99980,284,100011,100,99975,100,100038,100,99968,100,100058,100,99958,100,100064,100,99949,100,100071,100,99940,100,100081,100,99936,100
2019-06-28 09:30:30.000000000,99993,214,99983,214,99997,211,99982,211,99998,211,99981,211,100008,100,99980,200,100011,100,99975,100,100038,100,99968,100,100058,100,99958,100,100064,100,99949,100,100071,100,99940,100,100081,100,99936,100
2019-06-28 09:30:39.391463529,99993,214,99983,214,99997,211,99982,211,99998,211,99981,211,100008,100,99980,200,100011,100,99975,100,100038,100,99968,100,100058,100,99958,100,100064,100,99949,100,100071,100,99940,100,100081,100,99936,100
2019-06-28 09:30:40.000000000,99993,214,99983,214,99997,211,99982,211,99998,211,99981,211,100008,100,99980,200,100011,100,99975,100,100038,100,99968,100,100058,100,99958,100,100064,100,99949,100,100071,100,99940,100,100081,100,99936,100
2019-06-28 09:30:44.260431831,99993,214,99983,214,99997,211,99982,211,99998,211,99981,211,100008,100,99980,200,100011,100,99975,100,100038,100,99968,100,100058,100,99958,100,100064,100,99949,100,100071,100,99940,100,100081,100,99936,100
2019-06-28 09:30:50.000000000,99993,435,99983,435,99997,100,99982,100,99998,100,99981,100,100008,100,99980,200,100011,100,99975,100,100038,100,99968,100,100058,100,99958,100,100064,100,99949,100,100071,100,99940,100,100081,100,99936,100
2019-06-28 09:31:00.000000000,99993,167,99983,167,99997,167,99982,167,99998,167,99981,167,100008,167,99980,267,100011,167,99975,167,100038,100,99968,100,100058,100,99958,100,100064,100,99949,100,100071,100,99940,100,100081,100,99936,100
2019-06-28 09:31:10.000000000,99993,167,99983,167,99997,167,99982,167,99998,167,99981,167,100008,167,99980,267,100011,167,99975,167,100038,100,99968,100,100058,100,99958,100,100064,100,99949,100,100071,100,99940,100,100081,100,99936,100
2019-06-28 09:31:11.979815661,99993,167,99983,67,99997,167,99982,167,99998,167,99981,167,100008,167,99980,267,100011,167,99975,167,100038,100,99968,100,100058,100,99958,100,100064,100,99949,100,100071,100,99940,100,100081,100,99936,100
2019-06-28 09:31:20.000000000,99993,268,99982,268,99997,268,99981,268,99998,100,99980,200,100008,100,99975,100,100011,100,99968,100,100038,100,99958,100,100058,100,99949,100,100064,100,99940,100,100071,100,99936,100,100081,100,99924,100
2019-06-28 09:31:30.000000000,99993,214,99982,214,99997,211,99981,211,99998,211,99980,311,100008,100,99975,100,100011,100,99968,100,100038,100,99958,100,100058,100,99949,100,100064,100,99940,100,100071,100,99936,100,100081,100,99924,100
2019-06-28 09:31:40.000000000,99993,435,99982,435,99997,100,99981,100,99998,100,99980,200,100008,100,99975,100,100011,100,99968,100,100038,100,99958,100,100058,100,99949,100,100064,100,99940,100,100071,100,99936,100,100081,100,99924,100
2019-06-28 09:31:49.620783285,99993,435,99982,335,99997,100,99981,100,99998,100,99980,200,100008,100,99975,100,100011,100,99968,100,100038,100,99958,100,100058,100,99949,100,100064,100,99940,100,100071,100,99936,100,100081,100,99924,100
2019-06-28 09:31:50.000000000,99993,435,99981,435,99997,100,99980,200,99998,100,99975,100,100008,100,99968,100,100011,100,99958,100,100038,100,99949,100,100058,100,99940,100,100064,100,99936,100,100071,100,99924,100,100081,100,99917,100
2019-06-28 09:31:59.121422486,99993,435,99981,435,99997,100,99980,200,99998,100,99975,100,100008,100,99968,100,100011,100,99958,100,100038,100,99949,100,100058,100,99940,100,100064,100,99936,100,100071,100,99924,100,100081,100,99917,100
2019-06-28 09:32:00.000000000,99993,435,99981,435,99997,100,99980,200,99998,100,99975,100,100008,100,99968,100,100011,100,99958,100,100038,100,99949,100,100058,100,99940,100,100064,100,99936,100,100071,100,99924,100,100081,100,99917,100
2019-06-28 09:32:10.000000000,99993,167,99981,167,99997,167,99980,267,99998,167,99975,167,100008,167,99968,167,100011,167,99958,167,100038,100,99949,100,100058,100,99940,100,100064,100,99936,100,100071,100,99924,100,100081,100,99917,100
2019-06-28 09:32:20.000000000,99993,184,99981,184,99997,184,99980,284,99998,184,99975,184,100008,184,99968,184,100011,100,99958,100,100038,100,99949,100,100058,100,99940,100,100064,100,99936,100,100071,100,99924,100,100081,100,99917,100
2019-06-28 09:32:30.000000000,99993,167,99981,167,99997,167,99980,267,99998,167,99975,167,100008,167,99968,167,100011,167,99958,167,100038,100,99949,100,100058,100,99940,100,100064,100,99936,100,100071,100,99924,100,100081,100,99917,100
2019-06-28 09:32:32.417437707,99993,167,99981,167,99997,167,99980,267,99998,167,99975,167,100008,167,99968,167,100011,167,99958,167,100038,100,99949,100,100058,100,99940,100,100064,100,99936,100,100071,100,99924,100,100081,100,99917,100
2019-06-28 09:32:34.730698648,99993,167,99981,167,99997,167,99980,267,99998,167,99975,167,100008,167,99968,167,100011,167,99958,167,100038,100,99949,100,100058,100,99940,100,100064,100,99936,100,100081,100,99924,100,100085,100,99917,100
2019-06-28 09:32:39.834604316,99983,100,99981,167,99993,167,99980,267,99997,167,99975,167,99998,167,99968,167,100008,167,99958,167,100011,167,99949,100,100038,100,99940,100,100058,100,99936,100,100064,100,99924,100,100081,100,99917,100
2019-06-28 09:32:40.000000000,99983,167,99981,167,99993,167,99980,267,99997,167,99975,167,99998,167,99968,167,100008,167,99958,167,100011,100,99949,100,100038,100,99940,100,100058,100,99936,100,100064,100,99924,100,100081,100,99917,100
2019-06-28 09:32:44.165961493,99983,167,99981,167,99993,167,99980,267,99997,167,99975,167,99998,167,99968,167,100008,167,99958,167,100011,100,99949,100,100038,100,99940,100,100058,100,99936,100,100064,100,99924,100,100081,100,99917,100
2019-06-28 09:32:50.000000000,99983,184,99981,184,99993,184,99980,284,99997,184,99975,184,99998,184,99968,184,100008,100,99958,100,100011,100,99949,100,100038,100,99940,100,100058,100,99936,100,100064,100,99924,100,100081,100,99917,100
2019-06-28 09:33:00.000000000,99983,214,99981,214,99993,211,99980,311,99997,211,99975,211,99998,100,99968,100,100008,100,99958,100,100011,100,99949,100,100038,100,99940,100,100058,100,99936,100,100064,100,99924,100,100081,100,99917,100
2019-06-28 09:33:10.000000000,99983,184,99981,184,99993,184,99980,284,99997,184,99975,184,99998,184,99968,184,100008,100,99958,100,100011,100,99949,100,100038,100,99940,100,100058,100,99936,100,100064,100,99924,100,100081,100,99917,100
2019-06-28 09:33:17.886928871,99983,184,99981,84,99993,184,99980,284,99997,184,99975,184,99998,184,99968,184,100008,100,99958,100,100011,100,99949,100,100038,100,99940,100,100058,100,99936,100,100064,100,99924,100,100081,100,99917,100
2019-06-28 09:33:20.000000000,99983,184,99980,284,99993,184,99975,184,99997,184,99968,184,99998,184,99958,184,100008,100,99949,100,100011,100,99940,100,100038,100,99936,100,100058,100,99924,100,100064,100,99917,100,100081,100,99907,100
2019-06-28 09:33:23.896550308,99983,184,99980,284,99993,184,99975,184,99997,184,99968,184,99998,84,99958,184,100008,100,99949,100,100011,100,99940,100,100038,100,99936,100,100058,100,99924,100,100064,100,99917,100,100081,100,99907,100
2019-06-28 09:33:28.043621087,99983,184,99980,184,99993,184,99975,184,99997,184,99968,184,99998,84,99958,184,100008,100,99949,100,100011,100,99940,100,100038,100,99936,100,100058,100,99924,100,100064,100,99917,100,100081,100,99907,100
2019-06-28 09:33:30.000000000,99983,167,99980,167,99993,167,99975,167,99997,167,99968,167,100008,167,99958,167,100011,167,99949,167,100038,100,99940,100,100058,100,99936,100,100064,100,99924,100,100081,100,99917,100,100085,100,99907,100
2019-06-28 09:33:37.715045739,99983,167,99980,167,99993,167,99975,167,99997,167,99968,167,100008,167,99958,167,100011,167,99949,167,100038,100,99940,100,100058,100,99936,100,100064,100,99924,100,100081,100,99917,100,100085,100,99907,100
2019-06-28 09:33:40.000000000,99983,184,99980,184,99993,184,99975,184,99997,184,99968,184,100008,184,99958,184,100011,100,99949,100,100038,100,99940,100,100058,100,99936,100,100064,100,99924,100,100081,100,99917,100,100085,100,99907,100
2019-06-28 09:33:40.137438417,99983,184,99980,84,99993,184,99975,184,99997,184,99968,184,100008,184,99958,184,100011,100,99949,100,100038,100,99940,100,100058,100,99936,100,100064,100,99924,100,100081,100,99917,100,100085,100,99907,100
2019-06-28 09:33:49.250856730,99983,184,99980,84,99993,184,99975,184,99997,184,99968,184,100008,184,99958,184,100011,100,99949,100,100038,100,99940,100,100058,100,99936,100,100064,100,99924,100,100081,100,99917,100,100085,100,99907,100
2019-06-28 09:33:50.000000000,99983,184,99975,184,99993,184,99968,184,99997,184,99958,184,100008,184,99949,184,100011,100,99940,100,100038,100,99936,100,100058,100,99924,100,100064,100,99917,100,100081,100,99907,100,100085,100,99901,100
2019-06-28 09:34:00.000000000,99983,184,99975,184,99993,184,99968,184,99997,184,99958,184,100008,184,99949,184,100011,100,99940,100,100038,100,99936,100,100058,100,99924,100,100064,100,99917,100,100081,100,99907,100,100085,100,99901,100
2019-06-28 09:34:10.000000000,99983,268,99975,268,99993,268,99968,268,99997,100,99958,100,100008,100,99949,100,100011,100,99940,100,100038,100,99936,100,100058,100,99924,100,100064,100,99917,100,100081,100,99907,100,100085,100,99901,100
2019-06-28 09:34:17.681471580,99983,268,99975,268,99993,268,99968,268,99997,100,99958,100,100008,100,99949,100,100011,100,99940,100,100038,100,99936,100,100058,100,99924,100,100064,100,99917,100,100081,100,99907,100,100085,100,99901,100
2019-06-28 09:34:20.000000000,99983,268,99975,268,99993,268,99968,268,99997,100,99958,100,100008,100,99949,100,100011,100,99940,100,100038,100,99936,100,100058,100,99924,100,100064,100,99917,100,100081,100,99907,100,100085,100,99901,100
2019-06-28 09:34:30.000000000,99983,167,99975,167,99993,167,99968,167,99997,167,99958,167,100008,167,99949,167,100011,167,99940,167,100038,100,99936,100,100058,100,99924,100,100064,100,99917,100,100081,100,99907,100,100085,100,99901,100
2019-06-28 09:34:37.434619601,99983,167,99975,167,99993,167,99968,167,99997,167,99958,167,100008,167,99949,167,100011,167,99940,167,100038,100,99936,100,100058,100,99924,100,100064,100,99917,100,100081,100,99907,100,100085,100,99901,100
2019-06-28 09:34:40.000000000,99983,214,99975,214,99993,211,99968,211,99997,211,99958,211,100008,100,99949,100,100011,100,99940,100,100038,100,99936,100,100058,100,99924,100,100064,100,99917,100,100081,100,99907,100,100085,100,99901,100
2019-06-28 09:34:50.000000000,99983,268,99975,268,99993,268,99968,268,99997,100,99958,100,100008,100,99949,100,100011,100,99940,100,100038,100,99936,100,100058,100,99924,100,100064,100,99917,100,100081,100,99907,100,100085,100,99901,100
2019-06-28 09:34:50.470449396,99983,268,99975,168,99993,268,99968,268,99997,100,99958,100,100008,100,99949,100,100011,100,99936,100,100038,100,99924,100,100058,100,99917,100,100064,100,99907,100,100081,100,99901,100,100085,100,99898,100
2019-06-28 09:35:00.000000000,99983,435,99968,435,99993,100,99958,100,99997,100,99949,100,100008,100,99936,100,100011,100,99924,100,100038,100,99917,100,100058,100,99907,100,100064,100,99901,100,100081,100,99898,100,100085,100,99888,100
2019-06-28 09:35:01.917119702,99983,435,99968,435,99993,100,99958,100,99997,100,99949,100,100008,100,99936,100,100011,100,99924,100,100038,100,99917,100,100058,100,99901,100,100064,100,99898,100,100081,100,99888,100,100085,100,99876,100
2019-06-28 09:35:10.000000000,99983,268,99968,268,99993,268,99958,268,99997,100,99949,100,100008,100,99936,100,100011,100,99924,100,100038,100,99917,100,100058,100,99901,100,100064,100,99898,100,100081,100,99888,100,100085,100,99876,100
2019-06-28 09:35:20.000000000,99983,214,99968,214,99993,211,99958,211,99997,211,99949,211,100008,100,99936,100,100011,100,99924,100,100038,100,99917,100,100058,100,99901,100,100064,100,99898,100,100081,100,99888,100,100085,100,99876,100
2019-06-28 09:35:23.350873479,99983,214,99968,114,99993,211,99958,211,99997,211,99949,211,100008,100,99936,100,100011,100,99924,100,100038,100,99917,100,100058,100,99901,100,100064,100,99898,100,100081,100,99888,100,100085,100,99876,100
2019-06-28 09:35:30.000000000,99983,214,99958,214,99993,211,99949,211,99997,211,99936,211,100008,100,99924,100,100011,100,99917,100,100038,100,99901,100,100058,100,99898,100,100064,100,99888,100,100081,100,99876,100,100085,100,99864,100
2019-06-28 09:35:40.000000000,99983,214,99958,214,99993,211,99949,211,99997,211,99936,211,100008,100,99924,100,100011,100,99917,100,100038,100,99901,100,100058,100,99898,100,100064,100,99888,100,100081,100,99876,100,100085,100,99864,100
2019-06-28 09:35:50.000000000,99983,214,99958,214,99993,211,99949,211,99997,211,99936,211,100008,100,99924,100,100011,100,99917,100,100038,100,99901,100,100058,100,99898,100,100064,100,99888,100,100081,100,99876,100,100085,100,99864,100
2019-06-28 09:36:00.000000000,99983,184,99958,184,99993,184,99949,184,99997,184,99936,184,100008,184,99924,184,100011,100,99917,100,100038,100,99901,100,100058,100,99898,100,100064,100,99888,100,100081,100,99876,100,100085,100,99864,100
2019-06-28 09:36:00.594331866,99983,184,99958,84,99993,184,99949,184,99997,184,99936,184,100008,184,99924,184,100011,100,99917,100,100038,100,99901,100,100058,100,99898,100,100064,100,99888,100,100081,100,99876,100,100085,100,99864,100
2019-06-28 09:36:07.311597020,99981,100,99958,84,99983,184,99949,184,99993,184,99936,184,99997,184,99924,184,100008,184,99917,100,100011,100,99901,100,100038,100,99898,100,100058,100,99888,100,100064,100,99876,100,100081,100,99864,100
2019-06-28 09:36:10.000000000,99981,435,99949,435,99983,100,99936,100,99993,100,99924,100,99997,100,99917,100,100008,100,99901,100,100011,100,99898,100,100038,100,99888,100,100058,100,99876,100,100064,100,99864,100,100081,100,99809,100
2019-06-28 09:36:17.858423713,99981,435,99949,335,99983,100,99936,100,99993,100,99924,100,99997,100,99917,100,100008,100,99901,100,100011,100,99898,100,100058,100,99888,100,100064,100,99876,100,100081,100,99864,100,100085,100,99809,100
2019-06-28 09:36:20.000000000,99981,268,99936,268,99983,268,99924,268,99993,100,99917,100,99997,100,99901,100,100008,100,99898,100,100011,100,99888,100,100058,100,99876,100,100064,100,99864,100,100081,100,99809,100,100085,100,99801,100
2019-06-28 09:36:30.000000000,99981,268,99936,268,99983,268,99924,268,99993,100,99917,100,99997,100,99901,100,100008,100,99898,100,100011,100,99888,100,100058,100,99876,100,100064,100,99864,100,100081,100,99809,100,100085,100,99801,100
2019-06-28 09:36:31.661250146,99981,268,99936,168,99983,268,99924,268,99993,100,99917,100,99997,100,99901,100,100008,100,99898,100,100011,100,99888,100,100058,100,99876,100,100064,100,99864,100,100081,100,99809,100,100085,100,99801,100
2019-06-28 09:36:40.000000000,99981,214,99924,214,99983,211,99917,211,99993,211,99901,211,99997,100,99898,100,100008,100,99888,100,100011,100,99876,100,100058,100,99864,100,100064,100,99809,100,100081,100,99801,100,100085,100,99774,100
2019-06-28 09:36:45.675120273,99981,214,99924,114,99983,211,99917,211,99993,211,99901,211,99997,100,99898,100,100011,100,99888,100,100058,100,99876,100,100064,100,99864,100,100081,100,99809,100,100085,100,99801,100,100090,100,99774,100
2019-06-28 09:36:48.112463363,99981,214,99924,14,99983,211,99917,211,99993,211,99901,211,99997,100,99898,100,100011,100,99888,100,100058,100,99876,100,100064,100,99864,100,100081,100,99809,100,100085,100,99801,100,100090,100,99774,100
2019-06-28 09:36:50.000000000,99981,214,99917,214,99983,211,99901,211,99993,211,99898,211,99997,100,99888,100,100011,100,99876,100,100058,100,99864,100,100064,100,99809,100,100081,100,99801,100,100085,100,99774,100,100090,100,99729,100
2019-06-28 09:36:50.057034084,99924,100,99917,214,99981,214,99901,211,99983,211,99898,211,99993,211,99888,100,99997,100,99876,100,100011,100,99864,100,100058,100,99809,100,100064,100,99801,100,100081,100,99774,100,100085,100,99729,100
2019-06-28 09:36:52.250776928,99924,100,99917,114,99981,214,99901,211,99983,211,99898,211,99993,211,99888,100,99997,100,99876,100,100011,100,99864,100,100058,100,99809,100,100064,100,99801,100,100081,100,99774,100,100085,100,99729,100
2019-06-28 09:36:57.791238798,99924,100,99917,114,99981,214,99901,211,99983,211,99898,211,99993,211,99888,100,99997,100,99876,100,100011,100,99864,100,100058,100,99809,100,100064,100,99801,100,100081,100,99774,100,100085,100,99729,100
2019-06-28 09:36:57.857456747,99923,100,99917,114,99924,100,99901,211,99981,214,99898,211,99983,211,99888,100,99993,211,99876,100,99997,100,99864,100,100011,100,99809,100,100058,100,99801,100,100064,100,99774,100,100081,100,99729,100
2019-06-28 09:37:00.000000000,99923,214,99901,214,99924,211,99898,211,99981,211,99888,211,99983,100,99876,100,99993,100,99864,100,99997,100,99809,100,100011,100,99801,100,100058,100,99774,100,100064,100,99729,100,100081,100,99572,100
2019-06-28 09:37:04.120483283,99923,214,99901,214,99924,211,99898,211,99981,211,99888,211,99983,100,99876,100,99993,100,99864,100,99997,100,99809,100,100011,100,99801,100,100058,100,99774,100,100064,100,99759,100,100081,100,99729,100
2019-06-28 09:37:04.294559436,99923,214,99901,214,99924,211,99898,211,99981,211,99888,111,99983,100,99876,100,99993,100,99864,100,99997,100,99809,100,100011,100,99801,100,100058,100,99774,100,100064,100,99759,100,100081,100,99729,100
2019-06-28 09:37:06.557947874,99923,214,99901,214,99924,211,99898,211,99981,211,99888,111,99983,100,99876,100,99993,100,99864,100,99997,100,99809,100,100011,100,99801,100,100058,100,99774,100,100064,100,99759,100,100081,100,99729,100
2019-06-28 09:37:10.000000000,99923,214,99901,214,99924,211,99898,211,99981,211,99876,211,99983,100,99864,100,99993,100,99809,100,99997,100,99801,100,100011,100,99774,100,100058,100,99759,100,100064,100,99729,100,100081,100,99643,100
2019-06-28 09:37:19.622572764,99923,214,99901,214,99924,211,99898,211,99981,211,99876,211,99983,100,99864,100,99993,100,99809,100,99997,100,99801,100,100011,100,99774,100,100058,100,99759,100,100064,100,99729,100,100081,100,99643,100
2019-06-28 09:37:20.000000000,99923,435,99901,435,99924,100,99898,100,99981,100,99876,100,99983,100,99864,100,99993,100,99809,100,99997,100,99801,100,100011,100,99774,100,100058,100,99759,100,100064,100,99729,100,100081,100,99643,100
2019-06-28 09:37:30.000000000,99923,214,99901,214,99924,211,99898,211,99981,211,99876,211,99983,100,99864,100,99993,100,99809,100,99997,100,99801,100,100011,100,99774,100,100058,100,99759,100,100064,100,99729,100,100081,100,99643,100
2019-06-28 09:37:30.142766362,99923,314,99901,214,99924,211,99898,211,99981,211,99876,211,99983,100,99864,100,99993,100,99809,100,99997,100,99801,100,100011,100,99774,100,100058,100,99759,100,100064,100,99729,100,100081,100,99643,100
2019-06-28 09:37:35.814319060,99923,314,99901,214,99924,211,99898,211,99981,211,99876,211,99983,100,99864,100,99997,100,99809,100,100011,100,99801,100,100058,100,99774,100,100064,100,99759,100,100081,100,99729,100,100085,100,99643,100
2019-06-28 09:37:40.000000000,99923,314,99901,214,99924,211,99898,211,99981,211,99876,211,99983,100,99864,100,99997,100,99809,100,100011,100,99801,100,100058,100,99774,100,100064,100,99759,100,100081,100,99729,100,100085,100,99643,100
2019-06-28 09:37:50.000000000,99923,314,99901,214,99924,211,99898,211,99981,211,99876,211,99983,100,99864,100,99997,100,99809,100,100011,100,99801,100,100058,100,99774,100,100064,100,99759,100,100081,100,99729,100,100085,100,99643,100
2019-06-28 09:37:50.224578719,99923,314,99901,214,99924,211,99898,211,99981,211,99876,211,99983,100,99864,100,99997,100,99809,100,100011,100,99801,100,100058,100,99774,100,100064,100,99759,100,100081,100,99729,100,100085,100,99643,100
2019-06-28 09:37:53.686946243,99923,314,99901,114,99924,211,99898,211,99981,211,99876,211,99983,100,99864,100,99997,100,99809,100,100011,100,99801,100,100058,100,99774,100,100064,100,99759,100,100081,100,99729,100,100085,100,99562,100
2019-06-28 09:37:56.614378957,99923,314,99901,114,99924,211,99898,211,99981,211,99876,211,99983,100,99864,100,99997,100,99809,100,100011,100,99801,100,100058,100,99774,100,100064,100,99759,100,100081,100,99729,100,100085,100,99562,100
2019-06-28 09:38:00.000000000,99923,314,99898,214,99924,211,99876,211,99981,211,99864,211,99983,100,99809,100,99997,100,99801,100,100011,100,99774,100,100058,100,99759,100,100064,100,99729,100,100081,100,99562,100,100085,100,99542,100
2019-06-28 09:38:10.000000000,99923,267,99898,167,99924,167,99876,167,99981,167,99864,167,99983,167,99809,167,99997,167,99801,167,100011,100,99774,100,100058,100,99759,100,100064,100,99729,100,100081,100,99562,100,100085,100,99542,100
2019-06-28 09:38:20.000000000,99923,267,99898,167,99924,167,99876,167,99981,167,99864,167,99983,167,99809,167,99997,167,99801,167,100011,100,99774,100,100058,100,99759,100,100064,100,99729,100,100081,100,99562,100,100085,100,99542,100
2019-06-28 09:38:30.000000000,99923,267,99898,167,99924,167,99876,167,99981,167,99864,167,99983,167,99809,167,99997,167,99801,167,100011,100,99774,100,100058,100,99759,100,100064,100,99729,100,100081,100,99562,100,100085,100,99542,100
2019-06-28 09:38:40.000000000,99923,267,99898,167,99924,167,99876,167,99981,167,99864,167,99983,167,99809,167,99997,167,99801,167,100011,100,99774,100,100058,100,99759,100,100064,100,99729,100,100081,100,99562,100,100085,100,99542,100
2019-06-28 09:38:50.000000000,99923,314,99898,214,99924,211,99876,211,99981,211,99864,211,99983,100,99809,100,99997,100,99801,100,100011,100,99774,100,100058,100,99759,100,100064,100,99729,100,100081,100,99562,100,100085,100,99542,100
2019-06-28 09:38:54.403967010,99923,314,99898,114,99924,211,99876,211,99981,211,99864,211,99983,100,99809,100,99997,100,99801,100,100011,100,99774,100,100058,100,99759,100,100064,100,99729,100,100081,100,99562,100,100085,100,99542,100
2019-06-28 09:39:00.000000000,99923,314,99876,214,99924,211,99864,211,99981,211,99809,211,99983,100,99801,100,99997,100,99774,100,100011,100,99759,100,100058,100,99729,100,100064,100,99562,100,100081,100,99542,100,100085,100,99533,100
2019-06-28 09:39:03.468459282,99923,314,99876,114,99924,211,99864,211,99981,211,99809,211,99983,100,99801,100,99997,100,99774,100,100011,100,99759,100,100058,100,99729,100,100064,100,99562,100,100081,100,99542,100,100085,100,99533,100
2019-06-28 09:39:10.000000000,99923,284,99864,184,99924,184,99809,184,99981,184,99801,184,99983,184,99774,184,99997,100,99759,100,100011,100,99729,100,100058,100,99562,100,100064,100,99542,100,100081,100,99533,100,100085,100,99525,100
2019-06-28 09:39:20.000000000,99923,267,99864,167,99924,167,99809,167,99981,167,99801,167,99983,167,99774,167,99997,167,99759,167,100011,100,99729,100,100058,100,99562,100,100064,100,99542,100,100081,100,99533,100,100085,100,99525,100
2019-06-28 09:39:20.266299527,99923,267,99864,167,99924,67,99809,167,99981,167,99801,167,99983,167,99774,167,99997,167,99759,167,100011,100,99729,100,100058,100,99562,100,100064,100,99542,100,100081,100,99533,100,100085,100,99525,100
2019-06-28 09:39:23.214896694,99864,33,99809,167,99923,267,99801,167,99924,67,99774,167,99981,167,99759,167,99983,167,99729,100,99997,167,99562,100,100011,100,99542,100,100058,100,99533,100,100064,100,99525,100,100081,100,99431,100
2019-06-28 09:39:30.000000000,99864,368,99809,435,99923,200,99801,100,99981,100,99774,100,99983,100,99759,100,99997,100,99729,100,100011,100,99562,100,100058,100,99542,100,100064,100,99533,100,100081,100,99525,100,100085,100,99431,100
2019-06-28 09:39:30.685014878,99864,368,99809,435,99923,200,99801,100,99981,100,99774,100,99983,100,99729,100,99997,100,99562,100,100011,100,99542,100,100058,100,99533,100,100064,100,99525,100,100081,100,99431,100,100085,100,99411,100
2019-06-28 09:39:40.000000000,99864,147,99809,214,99923,311,99801,211,99981,211,99774,211,99983,100,99729,100,99997,100,99562,100,100011,100,99542,100,100058,100,99533,100,100064,100,99525,100,100081,100,99431,100,100085,100,99411,100
2019-06-28 09:39:50.000000000,99864,117,99809,184,99923,284,99801,184,99981,184,99774,184,99983,184,99729,184,99997,100,99562,100,100011,100,99542,100,100058,100,99533,100,100064,100,99525,100,100081,100,99431,100,100085,100,99411,100
2019-06-28 09:39:54.235227938,99864,117,99809,84,99923,284,99801,184,99981,184,99774,184,99983,184,99729,184,99997,100,99562,100,100011,100,99542,100,100058,100,99533,100,100064,100,99525,100,100081,100,99431,100,100085,100,99411,100
2019-06-28 09:40:00.000000000,99864,147,99801,214,99923,311,99774,211,99981,211,99729,211,99983,100,99562,100,99997,100,99542,100,100011,100,99533,100,100058,100,99525,100,100064,100,99431,100,100081,100,99411,100,100085,100,99231,100
2019-06-28 09:40:10.000000000,99864,201,99801,268,99923,368,99774,268,99981,100,99729,100,99983,100,99562,100,99997,100,99542,100,100011,100,99533,100,100058,100,99525,100,100064,100,99431,100,100081,100,99411,100,100085,100,99231,100
2019-06-28 09:40:20.000000000,99864,117,99801,184,99923,284,99774,184,99981,184,99729,184,99983,184,99562,184,99997,100,99542,100,100011,100,99533,100,100058,100,99525,100,100064,100,99431,100,100081,100,99411,100,100085,100,99231,100
2019-06-28 09:40:30.000000000,99864,117,99801,184,99923,284,99774,184,99981,184,99729,184,99983,184,99562,184,99997,100,99542,100,100011,100,99533,100,100058,100,99525,100,100064,100,99431,100,100081,100,99411,100,100085,100,99231,100
2019-06-28 09:40:40.000000000,99864,117,99801,184,99923,284,99774,184,99981,184,99729,184,99983,184,99562,184,99997,100,99542,100,100011,100,99533,100,100058,100,99525,100,100064,100,99431,100,100081,100,99411,100,100085,100,99231,100
2019-06-28 09:40:50.000000000,99864,147,99801,214,99923,311,99774,211,99981,211,99729,211,99983,100,99562,100,99997,100,99542,100,100011,100,99533,100,100058,100,99525,100,100064,100,99431,100,100081,100,99411,100,100085,100,99231,100
2019-06-28 09:40:53.440943368,99864,147,99801,214,99923,311,99774,211,99981,211,99729,211,99983,100,99562,100,99997,100,99542,100,100011,100,99533,100,100058,100,99525,100,100064,100,99411,100,100081,100,99231,100,100085,100,99217,100
2019-06-28 09:41:00.000000000,99864,147,99801,214,99923,311,99774,211,99981,211,99729,211,99983,100,99562,100,99997,100,99542,100,100011,100,99533,100,100058,100,99525,100,100064,100,99411,100,100081,100,99231,100,100085,100,99217,100
2019-06-28 09:41:10.000000000,99864,201,99801,268,99923,368,99774,268,99981,100,99729,100,99983,100,99562,100,99997,100,99542,100,100011,100,99533,100,100058,100,99525,100,100064,100,99411,100,100081,100,99231,100,100085,100,99217,100
2019-06-28 09:41:18.221904519,99864,201,99801,168,99923,368,99774,268,99981,100,99729,100,99983,100,99562,100,99997,100,99542,100,100011,100,99533,100,100058,100,99525,100,100064,100,99411,100,100081,100,99231,100,100085,100,99217,100
2019-06-28 09:41:20.000000000,99864,117,99774,184,99923,284,99729,184,99981,184,99562,184,99983,184,99542,184,99997,100,99533,100,100011,100,99525,100,100058,100,99411,100,100064,100,99231,100,100081,100,99217,100,100085,100,98445,100
2019-06-28 09:41:30.000000000,99864,147,99774,214,99923,311,99729,211,99981,211,99562,211,99983,100,99542,100,99997,100,99533,100,100011,100,99525,100,100058,100,99411,100,100064,100,99231,100,100081,100,99217,100,100085,100,98445,100
2019-06-28 09:41:36.547334665,99864,147,99774,114,99923,311,99729,211,99981,211,99562,211,99983,100,99542,100,99997,100,99533,100,100011,100,99525,100,100058,100,99411,100,100081,100,99231,100,100085,100,99217,100,100090,100,98445,100
2019-06-28 09:41:40.000000000,99864,117,99729,184,99923,284,99562,184,99981,184,99542,184,99983,184,99533,184,99997,100,99525,100,100011,100,99411,100,100058,100,99231,100,100081,100,99217,100,100085,100,98445,100,100090,100,98256,100
2019-06-28 09:41:41.387359068,99801,100,99729,184,99864,117,99562,184,99923,284,99542,184,99981,184,99533,184,99983,184,99525,100,99997,100,99411,100,100011,100,99231,100,100058,100,99217,100,100081,100,98445,100,100085,100,98256,100
2019-06-28 09:41:50.000000000,99801,214,99729,214,99864,144,99562,211,99923,311,99542,211,99981,100,99533,100,99983,100,99525,100,99997,100,99411,100,100011,100,99231,100,100058,100,99217,100,100081,100,98445,100,100085,100,98256,100
2019-06-28 09:42:00.000000000,99801,435,99729,435,99864,33,99562,100,99923,200,99542,100,99981,100,99533,100,99983,100,99525,100,99997,100,99411,100,100011,100,99231,100,100058,100,99217,100,100081,100,98445,100,100085,100,98256,100
2019-06-28 09:42:09.649075806,99801,435,99729,435,99923,200,99562,100,99981,100,99542,100,99983,100,99533,100,99997,100,99525,100,100011,100,99411,100,100058,100,99231,100,100081,100,99217,100,100085,100,98630,100,100090,100,98445,100
2019-06-28 09:42:10.000000000,99801,184,99729,184,99923,284,99562,184,99981,184,99542,184,99983,184,99533,184,99997,100,99525,100,100011,100,99411,100,100058,100,99231,100,100081,100,99217,100,100085,100,98630,100,100090,100,98445,100
2019-06-28 09:42:20.000000000,99801,268,99729,268,99923,368,99562,268,99981,100,99542,100,99983,100,99533,100,99997,100,99525,100,100011,100,99411,100,100058,100,99231,100,100081,100,99217,100,100085,100,98630,100,100090,100,98445,100
2019-06-28 09:42:27.025552229,99801,268,99729,168,99923,368,99562,268,99981,100,99542,100,99983,100,99533,100,99997,100,99525,100,100011,100,99411,100,100058,100,99231,100,100081,100,99217,100,100085,100,98630,100,100090,100,98445,100
2019-06-28 09:42:30.000000000,99801,214,99562,214,99923,311,99542,211,99981,211,99533,211,99983,100,99525,100,99997,100,99411,100,100011,100,99231,100,100058,100,99217,100,100081,100,98630,100,100085,100,98445,100,100090,100,98256,100
2019-06-28 09:42:40.000000000,99801,167,99562,167,99923,267,99542,167,99981,167,99533,167,99983,167,99525,167,99997,167,99411,167,100011,100,99231,100,100058,100,99217,100,100081,100,98630,100,100085,100,98445,100,100090,100,98256,100
2019-06-28 09:42:50.000000000,99801,268,99562,268,99923,368,99542,268,99981,100,99533,100,99983,100,99525,100,99997,100,99411,100,100011,100,99231,100,100058,100,99217,100,100081,100,98630,100,100085,100,98445,100,100090,100,98256,100
2019-06-28 09:43:00.000000000,99801,435,99562,435,99923,200,99542,100,99981,100,99533,100,99983,100,99525,100,99997,100,99411,100,100011,100,99231,100,100058,100,99217,100,100081,100,98630,100,100085,100,98445,100,100090,100,98256,100
2019-06-28 09:43:09.427096557,99774,100,99562,435,99801,435,99542,100,99923,200,99533,100,99981,100,99525,100,99983,100,99411,100,99997,100,99231,100,100011,100,99217,100,100058,100,98630,100,100081,100,98445,100,100085,100,98256,100
2019-06-28 09:43:10.000000000,99774,167,99562,167,99801,167,99542,167,99923,267,99533,167,99981,167,99525,167,99983,167,99411,167,99997,100,99231,100,100011,100,99217,100,100058,100,98630,100,100081,100,98445,100,100085,100,98256,100
2019-06-28 09:43:16.035348343,99774,167,99562,67,99801,167,99542,167,99923,267,99533,167,99981,167,99525,167,99983,167,99411,167,99997,100,99231,100,100011,100,99217,100,100058,100,98630,100,100081,100,98445,100,100085,100,98256,100
2019-06-28 09:43:19.388829568,99774,167,99562,67,99801,167,99542,167,99923,267,99533,167,99981,167,99525,167,99983,167,99443,100,99997,100,99411,167,100011,100,99231,100,100058,100,99217,100,100081,100,98630,100,100085,100,98445,100
2019-06-28 09:43:20.000000000,99774,435,99542,435,99801,100,99533,100,99923,200,99525,100,99981,100,99443,100,99983,100,99411,100,99997,100,99231,100,100011,100,99217,100,100058,100,98630,100,100081,100,98445,100,100085,100,98256,100
2019-06-28 09:43:30.000000000,99774,268,99542,268,99801,268,99533,268,99923,200,99525,100,99981,100,99443,100,99983,100,99411,100,99997,100,99231,100,100011,100,99217,100,100058,100,98630,100,100081,100,98445,100,100085,100,98256,100
2019-06-28 09:43:40.000000000,99774,167,99542,167,99801,167,99533,167,99923,267,99525,167,99981,167,99443,167,99983,167,99411,167,99997,100,99231,100,100011,100,99217,100,100058,100,98630,100,100081,100,98445,100,100085,100,98256,100
2019-06-28 09:43:42.063723631,99774,167,99542,167,99801,167,99533,167,99923,267,99525,167,99981,167,99443,167,99983,167,99411,167,99997,100,99231,100,100011,100,99217,100,100058,100,98630,100,100081,100,98256,100,100085,100,,
2019-06-28 09:43:43.987444890,99774,67,99542,167,99801,167,99533,167,99923,267,99525,167,99981,167,99443,167,99983,167,99411,167,99997,100,99231,100,100011,100,99217,100,100058,100,98630,100,100081,100,98256,100,100085,100,,
2019-06-28 09:43:50.000000000,99801,167,99542,167,99923,267,99533,167,99981,167,99525,167,99983,167,99443,167,99997,167,99411,167,100011,100,99231,100,100058,100,99217,100,100081,100,98630,100,100085,100,98256,100,100090,100,,
2019-06-28 09:43:58.957580313,99801,167,99542,167,99923,267,99533,167,99981,167,99525,167,99983,167,99443,167,99997,167,99411,167,100011,100,99231,100,100051,100,99217,100,100058,100,98630,100,100081,100,98256,100,100085,100,,
2019-06-28 09:44:00.000000000,99801,214,99542,214,99923,311,99533,211,99981,211,99525,211,99983,100,99443,100,99997,100,99411,100,100011,100,99231,100,100051,100,99217,100,100058,100,98630,100,100081,100,98256,100,100085,100,,
2019-06-28 09:44:10.000000000,99801,435,99542,435,99923,200,99533,100,99981,100,99525,100,99983,100,99443,100,99997,100,99411,100,100011,100,99231,100,100051,100,99217,100,100058,100,98630,100,100081,100,98256,100,100085,100,,
2019-06-28 09:44:19.985412952,99801,335,99542,435,99923,200,99533,100,99981,100,99525,100,99983,100,99443,100,99997,100,99411,100,100011,100,99231,100,100051,100,99217,100,100058,100,98630,100,100081,100,98256,100,100085,100,,
2019-06-28 09:44:20.000000000,99923,314,99542,214,99981,211,99533,211,99983,211,99525,211,99997,100,99443,100,100011,100,99411,100,100051,100,99231,100,100058,100,99217,100,100081,100,98630,100,100085,100,98256,100,100090,100,,
2019-06-28 09:44:29.229756123,99923,314,99753,100,99981,211,99542,214,99983,211,99533,211,99997,100,99525,211,100011,100,99443,100,100051,100,99411,100,100081,100,99231,100,100085,100,99217,100,100090,100,98630,100,100128,100,98256,100
2019-06-28 09:44:30.000000000,99923,284,99753,184,99981,184,99542,184,99983,184,99533,184,99997,184,99525,184,100011,100,99443,100,100051,100,99411,100,100081,100,99231,100,100085,100,99217,100,100090,100,98630,100,100128,100,98256,100
2019-06-28 09:44:40.000000000,99923,314,99753,214,99981,211,99542,211,99983,211,99533,211,99997,100,99525,100,100011,100,99443,100,100051,100,99411,100,100081,100,99231,100,100085,100,99217,100,100090,100,98630,100,100128,100,98256,100
2019-06-28 09:44:48.631124955,99800,100,99753,214,99923,314,99542,211,99981,211,99533,211,99983,211,99525,100,99997,100,99443,100,100011,100,99411,100,100051,100,99231,100,100081,100,99217,100,100085,100,98630,100,100090,100,98256,100
2019-06-28 09:44:50.000000000,99800,435,99753,435,99923,200,99542,100,99981,100,99533,100,99983,100,99525,100,99997,100,99443,100,100011,100,99411,100,100051,100,99231,100,100081,100,99217,100,100085,100,98630,100,100090,100,98256,100
2019-06-28 09:45:00.000000000,99800,435,99753,435,99923,200,99542,100,99981,100,99533,100,99983,100,99525,100,99997,100,99443,100,100011,100,99411,100,100051,100,99231,100,100081,100,99217,100,100085,100,98630,100,100090,100,98256,100
2019-06-28 09:45:10.000000000,99800,167,99753,167,99923,267,99542,167,99981,167,99533,167,99983,167,99525,167,99997,167,99443,167,100011,100,99411,100,100051,100,99231,100,100081,100,99217,100,100085,100,98630,100,100090,100,98256,100
2019-06-28 09:45:20.000000000,99800,268,99753,268,99923,368,99542,268,99981,100,99533,100,99983,100,99525,100,99997,100,99443,100,100011,100,99411,100,100051,100,99231,100,100081,100,99217,100,100085,100,98630,100,100090,100,98256,100
2019-06-28 09:45:20.685425971,99800,268,99753,268,99905,100,99542,268,99923,368,99533,100,99981,100,99525,100,99983,100,99443,100,99997,100,99411,100,100011,100,99217,100,100051,100,98630,100,100081,100,98256,100,100085,100,,
2019-06-28 09:45:30.000000000,99800,268,99753,268,99905,268,99542,268,99923,200,99533,100,99981,100,99525,100,99983,100,99443,100,99997,100,99411,100,100011,100,99217,100,100051,100,98630,100,100081,100,98256,100,100085,100,,
2019-06-28 09:45:38.460922829,99800,268,99753,268,99905,268,99542,268,99923,200,99533,100,99981,100,99525,100,99983,100,99443,100,99997,100,99411,100,100011,100,99217,100,100051,100,98630,100,100081,100,98256,100,100085,100,,
2019-06-28 09:45:40.000000000,99800,268,99753,268,99905,268,99542,268,99923,200,99533,100,99981,100,99525,100,99983,100,99443,100,99997,100,99411,100,100011,100,99217,100,100051,100,98630,100,100081,100,98256,100,100085,100,,
2019-06-28 09:45:42.829812249,99800,268,99753,268,99905,268,99542,268,99923,200,99533,100,99981,100,99525,100,99983,100,99411,100,99997,100,99217,100,100011,100,98630,100,100017,100,98256,100,100051,100,,,100081,100,,
2019-06-28 09:45:50.000000000,99800,435,99753,435,99905,100,99542,100,99923,200,99533,100,99981,100,99525,100,99983,100,99411,100,99997,100,99217,100,100011,100,98630,100,100017,100,98256,100,100051,100,,,100081,100,,
2019-06-28 09:45:51.942647479,99800,335,99753,435,99905,100,99542,100,99923,200,99533,100,99981,100,99525,100,99983,100,99411,100,99997,100,99217,100,100011,100,98630,100,100017,100,98256,100,100051,100,,,100081,100,,
2019-06-28 09:46:00.000000000,99905,268,99753,268,99923,368,99542,268,99981,100,99533,100,99983,100,99525,100,99997,100,99411,100,100011,100,99217,100,100017,100,98630,100,100051,100,98256,100,100081,100,,,100085,100,,
2019-06-28 09:46:04.809908529,99905,168,99753,268,99923,368,99542,268,99981,100,99533,100,99983,100,99525,100,99997,100,99411,100,100011,100,99217,100,100017,100,98630,100,100051,100,98256,100,100081,100,,,100085,100,,
2019-06-28 09:46:10.000000000,99923,368,99753,268,99981,268,99542,268,99983,100,99533,100,99997,100,99525,100,100011,100,99411,100,100017,100,99217,100,100051,100,98630,100,100081,100,98256,100,100085,100,,,100090,100,,
2019-06-28 09:46:14.888946156,99923,368,99889,100,99981,268,99753,268,99983,100,99542,268,99997,100,99533,100,100011,100,99525,100,100017,100,99411,100,100051,100,99217,100,100081,100,98630,100,100085,100,98256,100,100090,100,,
2019-06-28 09:46:20.000000000,99923,368,99889,268,99981,268,99753,268,99983,100,99542,100,99997,100,99533,100,100011,100,99525,100,100017,100,99411,100,100051,100,99217,100,100081,100,98630,100,100085,100,98256,100,100090,100,,
2019-06-28 09:46:30.000000000,99923,267,99889,167,99981,167,99753,167,99983,167,99542,167,99997,167,99533,167,100011,167,99525,167,100017,100,99411,100,100051,100,99217,100,100081,100,98630,100,100085,100,98256,100,100090,100,,
2019-06-28 09:46:40.000000000,99923,368,99889,268,99981,268,99753,268,99983,100,99542,100,99997,100,99533,100,100011,100,99525,100,100017,100,99411,100,100051,100,99217,100,100081,100,98630,100,100085,100,98256,100,100090,100,,
2019-06-28 09:46:50.000000000,99923,267,99889,167,99981,167,99753,167,99983,167,99542,167,99997,167,99533,167,100011,167,99525,167,100017,100,99411,100,100051,100,99217,100,100081,100,98630,100,100085,100,98256,100,100090,100,,
2019-06-28 09:46:53.521439219,99923,167,99889,167,99981,167,99753,167,99983,167,99542,167,99997,167,99533,167,100011,167,99525,167,100017,100,99411,100,100051,100,99217,100,100081,100,98630,100,100085,100,98256,100,100090,100,,
2019-06-28 09:47:00.000000000,99923,184,99889,184,99981,184,99753,184,99983,184,99542,184,99997,184,99533,184,100011,100,99525,100,100017,100,99411,100,100051,100,99217,100,100081,100,98630,100,100085,100,98256,100,100090,100,,
2019-06-28 09:47:10.000000000,99923,214,99889,214,99981,211,99753,211,99983,211,99542,211,99997,100,99533,100,100011,100,99525,100,100017,100,99411,100,100051,100,99217,100,100081,100,98630,100,100085,100,98256,100,100090,100,,
2019-06-28 09:47:17.612242957,99923,214,99905,100,99981,211,99889,214,99983,211,99753,211,99997,100,99542,211,100011,100,99533,100,100017,100,99525,100,100051,100,99411,100,100081,100,99217,100,100085,100,98630,100,100090,100,98256,100
2019-06-28 09:47:18.153808597,99909,100,99905,100,99923,214,99889,214,99981,211,99753,211,99983,211,99542,211,99997,100,99533,100,100011,100,99525,100,100017,100,99411,100,100051,100,99217,100,100081,100,98630,100,100085,100,98256,100
2019-06-28 09:47:20.000000000,99909,167,99905,167,99923,167,99889,167,99981,167,99753,167,99983,167,99542,167,99997,167,99533,167,100011,100,99525,100,100017,100,99411,100,100051,100,99217,100,100081,100,98630,100,100085,100,98256,100
2019-06-28 09:47:30.000000000,99909,435,99905,435,99923,100,99889,100,99981,100,99753,100,99983,100,99542,100,99997,100,99533,100,100011,100,99525,100,100017,100,99411,100,100051,100,99217,100,100081,100,98630,100,100085,100,98256,100
2019-06-28 09:47:40.000000000,99909,268,99905,268,99923,268,99889,268,99981,100,99753,100,99983,100,99542,100,99997,100,99533,100,100011,100,99525,100,100017,100,99411,100,100051,100,99217,100,100081,100,98630,100,100085,100,98256,100
2019-06-28 09:47:40.393525887,99909,268,99905,268,99923,268,99889,268,99981,100,99753,100,99983,100,99542,100,99997,100,99533,100,100011,100,99525,100,100017,100,99411,100,100044,100,99217,100,100051,100,98630,100,100081,100,98256,100
2019-06-28 09:47:50.000000000,99909,268,99905,268,99923,268,99889,268,99981,100,99753,100,99983,100,99542,100,99997,100,99533,100,100011,100,99525,100,100017,100,99411,100,100044,100,99217,100,100051,100,98630,100,100081,100,98256,100
2019-06-28 09:48:00.000000000,99909,184,99905,184,99923,184,99889,184,99981,184,99753,184,99983,184,99542,184,99997,100,99533,100,100011,100,99525,100,100017,100,99411,100,100044,100,99217,100,100051,100,98630,100,100081,100,98256,100
2019-06-28 09:48:05.772017323,99909,84,99905,184,99923,184,99889,184,99981,184,99753,184,99983,184,99542,184,99997,100,99533,100,100011,100,99525,100,100017,100,99411,100,100044,100,99217,100,100051,100,98630,100,100081,100,98256,100
2019-06-28 09:48:10.000000000,99923,268,99905,268,99981,268,99889,268,99983,100,99753,100,99997,100,99542,100,100011,100,99533,100,100017,100,99525,100,100044,100,99411,100,100051,100,99217,100,100081,100,98630,100,100085,100,98256,100
2019-06-28 09:48:18.155972305,99923,268,99909,100,99981,268,99905,268,99983,100,99889,268,99997,100,99753,100,100011,100,99542,100,100017,100,99533,100,100044,100,99525,100,100051,100,99411,100,100081,100,99217,100,100085,100,98630,100
2019-06-28 09:48:20.000000000,99923,214,99909,214,99981,211,99905,211,99983,211,99889,211,99997,100,99753,100,100011,100,99542,100,100017,100,99533,100,100044,100,99525,100,100051,100,99411,100,100081,100,99217,100,100085,100,98630,100
2019-06-28 09:48:30.000000000,99923,184,99909,184,99981,184,99905,184,99983,184,99889,184,99997,184,99753,184,100011,100,99542,100,100017,100,99533,100,100044,100,99525,100,100051,100,99411,100,100081,100,99217,100,100085,100,98630,100
2019-06-28 09:48:40.000000000,99923,435,99909,435,99981,100,99905,100,99983,100,99889,100,99997,100,99753,100,100011,100,99542,100,100017,100,99533,100,100044,100,99525,100,100051,100,99411,100,100081,100,99217,100,100085,100,98630,100
2019-06-28 09:48:50.000000000,99923,435,99909,435,99981,100,99905,100,99983,100,99889,100,99997,100,99753,100,100011,100,99542,100,100017,100,99533,100,100044,100,99525,100,100051,100,99411,100,100081,100,99217,100,100085,100,98630,100
2019-06-28 09:49:00.000000000,99923,268,99909,268,99981,268,99905,268,99983,100,99889,100,99997,100,99753,100,100011,100,99542,100,100017,100,99533,100,100044,100,99525,100,100051,100,99411,100,100081,100,99217,100,100085,100,98630,100
2019-06-28 09:49:10.000000000,99923,214,99909,214,99981,211,99905,211,99983,211,99889,211,99997,100,99753,100,100011,100,99542,100,100017,100,99533,100,100044,100,99525,100,100051,100,99411,100,100081,100,99217,100,100085,100,98630,100
2019-06-28 09:49:20.000000000,99923,184,99909,184,99981,184,99905,184,99983,184,99889,184,99997,184,99753,184,100011,100,99542,100,100017,100,99533,100,100044,100,99525,100,100051,100,99411,100,100081,100,99217,100,100085,100,98630,100
2019-06-28 09:49:30.000000000,99923,167,99909,167,99981,167,99905,167,99983,167,99889,167,99997,167,99753,167,100011,167,99542,167,100017,100,99533,100,100044,100,99525,100,100051,100,99411,100,100081,100,99217,100,100085,100,98630,100
2019-06-28 09:49:40.000000000,99923,184,99909,184,99981,184,99905,184,99983,184,99889,184,99997,184,99753,184,100011,100,99542,100,100017,100,99533,100,100044,100,99525,100,100051,100,99411,100,100081,100,99217,100,100085,100,98630,100
2019-06-28 09:49:50.000000000,99923,268,99909,268,99981,268,99905,268,99983,100,99889,100,99997,100,99753,100,100011,100,99542,100,100017,100,99533,100,100044,100,99525,100,100051,100,99411,100,100081,100,99217,100,100085,100,98630,100
2019-06-28 09:49:51.078922063,99923,268,99909,268,99981,268,99905,268,99983,100,99889,100,99997,100,99795,100,100011,100,99542,100,100017,100,99533,100,100044,100,99525,100,100051,100,99411,100,100081,100,99217,100,100085,100,98630,100
2019-06-28 09:49:52.861242385,99923,268,99909,368,99981,268,99905,268,99997,100,99889,100,100011,100,99795,100,100017,100,99542,100,100044,100,99533,100,100051,100,99525,100,100081,100,99411,100,100085,100,99217,100,100090,100,98630,100
2019-06-28 09:50:00.000000000,99923,184,99909,284,99981,184,99905,184,99997,184,99889,184,100011,184,99795,184,100017,100,99542,100,100044,100,99533,100,100051,100,99525,100,100081,100,99411,100,100085,100,99217,100,100090,100,98630,100
2019-06-28 09:50:10.000000000,99923,167,99909,267,99981,167,99905,167,99997,167,99889,167,100011,167,99795,167,100017,167,99542,167,100044,100,99533,100,100051,100,99525,100,100081,100,99411,100,100085,100,99217,100,100090,100,98630,100
2019-06-28 09:50:12.527166067,99923,167,99909,267,99981,167,99905,167,99997,167,99902,100,100011,167,99889,167,100017,167,99795,167,100044,100,99542,167,100051,100,99533,100,100085,100,99525,100,100090,100,99411,100,100140,100,99217,100
2019-06-28 09:50:20.000000000,99923,435,99909,535,99981,100,99905,100,99997,100,99902,100,100011,100,99889,100,100017,100,99795,100,100044,100,99542,100,100051,100,99533,100,100085,100,99525,100,100090,100,99411,100,100140,100,99217,100
2019-06-28 09:50:21.105666595,99923,435,99909,535,99981,200,99905,100,99997,100,99902,100,100011,100,99889,100,100017,100,99795,100,100044,100,99542,100,100051,100,99533,100,100085,100,99411,100,100090,100,99217,100,100140,100,98630,100
2019-06-28 09:50:30.000000000,99923,268,99909,368,99981,368,99905,268,99997,100,99902,100,100011,100,99889,100,100017,100,99795,100,100044,100,99542,100,100051,100,99533,100,100085,100,99411,100,100090,100,99217,100,100140,100,98630,100
2019-06-28 09:50:33.198914489,99923,268,99909,368,99981,368,99905,268,99997,100,99889,100,100011,100,99811,100,100017,100,99795,100,100044,100,99542,100,100051,100,99533,100,100085,100,99411,100,100090,100,99217,100,100140,100,98630,100
2019-06-28 09:50:40.000000000,99923,167,99909,267,99981,267,99905,167,99997,167,99889,167,100011,167,99811,167,100017,167,99795,167,100044,100,99542,100,100051,100,99533,100,100085,100,99411,100,100090,100,99217,100,100140,100,98630,100
2019-06-28 09:50:50.000000000,99923,214,99909,314,99981,311,99905,211,99997,211,99889,211,100011,100,99811,100,100017,100,99795,100,100044,100,99542,100,100051,100,99533,100,100085,100,99411,100,100090,100,99217,100,100140,100,98630,100
2019-06-28 09:50:55.423606217,99923,214,99909,214,99981,311,99905,211,99997,211,99889,211,100017,100,99811,100,100044,100,99795,100,100051,100,99542,100,100085,100,99533,100,100090,100,99411,100,100140,100,99217,100,100144,100,98630,100
2019-06-28 09:51:00.000000000,99923,435,99909,435,99981,200,99905,100,99997,100,99889,100,100017,100,99811,100,100044,100,99795,100,100051,100,99542,100,100085,100,99533,100,100090,100,99411,100,100140,100,99217,100,100144,100,98630,100
2019-06-28 09:51:10.000000000,99923,184,99909,184,99981,284,99905,184,99997,184,99889,184,100017,184,99811,184,100044,100,99795,100,100051,100,99542,100,100085,100,99533,100,100090,100,99411,100,100140,100,99217,100,100144,100,98630,100
2019-06-28 09:51:20.000000000,99923,167,99909,167,99981,267,99905,167,99997,167,99889,167,100017,167,99811,167,100044,167,99795,167,100051,100,99542,100,100085,100,99533,100,100090,100,99411,100,100140,100,99217,100,100144,100,98630,100
2019-06-28 09:51:30.000000000,99923,184,99909,184,99981,284,99905,184,99997,184,99889,184,100017,184,99811,184,100044,100,99795,100,100051,100,99542,100,100085,100,99533,100,100090,100,99411,100,100140,100,99217,100,100144,100,98630,100
2019-06-28 09:51:40.000000000,99923,214,99909,214,99981,311,99905,211,99997,211,99889,211,100017,100,99811,100,100044,100,99795,100,100051,100,99542,100,100085,100,99533,100,100090,100,99411,100,100140,100,99217,100,100144,100,98630,100
2019-06-28 09:51:43.898448471,99923,214,99909,214,99981,311,99905,211,99997,211,99889,211,100017,100,99832,100,100044,100,99811,100,100051,100,99795,100,100085,100,99542,100,100090,100,99533,100,100140,100,99411,100,100144,100,99217,100
2019-06-28 09:51:45.842660705,99923,214,99909,214,99981,311,99905,211,99997,211,99889,211,100017,100,99832,100,100044,100,99795,100,100051,100,99542,100,100085,100,99533,100,100090,100,99411,100,100140,100,99217,100,100144,100,98630,100
2019-06-28 09:51:50.000000000,99923,268,99909,268,99981,368,99905,268,99997,100,99889,100,100017,100,99832,100,100044,100,99795,100,100051,100,99542,100,100085,100,99533,100,100090,100,99411,100,100140,100,99217,100,100144,100,98630,100
2019-06-28 09:51:54.784591767,99923,268,99909,268,99981,368,99905,168,99997,100,99889,100,100017,100,99832,100,100044,100,99795,100,100051,100,99542,100,100085,100,99533,100,100090,100,99411,100,100140,100,99217,100,100144,100,98630,100
2019-06-28 09:52:00.000000000,99923,184,99909,184,99981,284,99889,184,99997,184,99832,184,100017,184,99795,184,100044,100,99542,100,100051,100,99533,100,100085,100,99411,100,100090,100,99217,100,100140,100,98630,100,100144,100,98256,100
2019-06-28 09:52:10.000000000,99923,214,99909,214,99981,311,99889,211,99997,211,99832,211,100017,100,99795,100,100044,100,99542,100,100051,100,99533,100,100085,100,99411,100,100090,100,99217,100,100140,100,98630,100,100144,100,98256,100
2019-06-28 09:52:20.000000000,99923,167,99909,167,99981,267,99889,167,99997,167,99832,167,100017,167,99795,167,100044,167,99542,167,100051,100,99533,100,100085,100,99411,100,100090,100,99217,100,100140,100,98630,100,100144,100,98256,100
2019-06-28 09:52:22.740088051,99923,167,99909,167,99981,267,99889,167,99997,167,99832,167,100017,167,99795,167,100044,167,99755,100,100051,100,99542,167,100085,100,99533,100,100090,100,99411,100,100140,100,99217,100,100144,100,98630,100
2019-06-28 09:52:30.000000000,99923,214,99909,214,99981,311,99889,211,99997,211,99832,211,100017,100,99795,100,100044,100,99755,100,100051,100,99542,100,100085,100,99533,100,100090,100,99411,100,100140,100,99217,100,100144,100,98630,100
2019-06-28 09:52:31.436963871,99923,214,99909,214,99981,311,99889,211,99997,211,99832,211,100017,100,99795,100,100044,100,99755,100,100051,100,99533,100,100085,100,99411,100,100090,100,99217,100,100113,100,98630,100,100140,100,98256,100
2019-06-28 09:52:33.641499546,99923,214,99909,214,99981,311,99889,211,99997,211,99832,211,100017,100,99795,100,100044,100,99755,100,100051,100,99533,100,100084,100,99411,100,100085,100,99217,100,100090,100,98630,100,100113,100,98256,100
2019-06-28 09:52:40.000000000,99923,214,99909,214,99981,311,99889,211,99997,211,99832,211,100017,100,99795,100,100044,100,99755,100,100051,100,99533,100,100084,100,99411,100,100085,100,99217,100,100090,100,98630,100,100113,100,98256,100
2019-06-28 09:52:50.000000000,99923,214,99909,214,99981,311,99889,211,99997,211,99832,211,100017,100,99795,100,100044,100,99755,100,100051,100,99533,100,100084,100,99411,100,100085,100,99217,100,100090,100,98630,100,100113,100,98256,100
2019-06-28 09:53:00.000000000,99923,184,99909,184,99981,284,99889,184,99997,184,99832,184,100017,184,99795,184,100044,100,99755,100,100051,100,99533,100,100084,100,99411,100,100085,100,99217,100,100090,100,98630,100,100113,100,98256,100
2019-06-28 09:53:05.691333757,99923,184,99909,84,99981,284,99889,184,99997,184,99832,184,100017,184,99795,184,100044,100,99755,100,100051,100,99533,100,100085,100,99411,100,100090,100,99217,100,100113,100,98630,100,100140,100,98256,100
2019-06-28 09:53:10.000000000,99923,268,99889,268,99981,368,99832,268,99997,100,99795,100,100017,100,99755,100,100044,100,99533,100,100051,100,99411,100,100085,100,99217,100,100090,100,98630,100,100113,100,98256,100,100140,100,,
2019-06-28 09:53:20.000000000,99923,214,99889,214,99981,311,99832,211,99997,211,99795,211,100017,100,99755,100,100044,100,99533,100,100051,100,99411,100,100085,100,99217,100,100090,100,98630,100,100113,100,98256,100,100140,100,,
2019-06-28 09:53:28.443483661,99923,214,99889,214,99981,311,99832,211,99997,211,99795,211,100017,100,99755,100,100044,100,99607,100,100051,100,99533,100,100085,100,99411,100,100090,100,99217,100,100113,100,98630,100,100140,100,98256,100
2019-06-28 09:53:30.000000000,99923,435,99889,435,99981,200,99832,100,99997,100,99795,100,100017,100,99755,100,100044,100,99607,100,100051,100,99533,100,100085,100,99411,100,100090,100,99217,100,100113,100,98630,100,100140,100,98256,100
2019-06-28 09:53:36.931203855,99923,435,99889,335,99981,200,99832,100,99997,100,99795,100,100017,100,99755,100,100044,100,99607,100,100051,100,99533,100,100085,100,99411,100,100090,100,99217,100,100113,100,98630,100,100140,100,98256,100
2019-06-28 09:53:40.000000000,99923,268,99832,268,99981,368,99795,268,99997,100,99755,100,100017,100,99607,100,100044,100,99533,100,100051,100,99411,100,100085,100,99217,100,100090,100,98630,100,100113,100,98256,100,100140,100,,
2019-06-28 09:53:50.000000000,99923,214,99832,214,99981,311,99795,211,99997,211,99755,211,100017,100,99607,100,100044,100,99533,100,100051,100,99411,100,100085,100,99217,100,100090,100,98630,100,100113,100,98256,100,100140,100,,
2019-06-28 09:54:00.000000000,99923,268,99832,268,99981,368,99795,268,99997,100,99755,100,100017,100,99607,100,100044,100,99533,100,100051,100,99411,100,100085,100,99217,100,100090,100,98630,100,100113,100,98256,100,100140,100,,
2019-06-28 09:54:07.917409919,99896,100,99832,268,99923,268,99795,268,99981,368,99755,100,99997,100,99607,100,100017,100,99533,100,100044,100,99411,100,100051,100,99217,100,100085,100,98630,100,100090,100,,,100113,100,,
2019-06-28 09:54:10.000000000,99896,167,99832,167,99923,167,99795,167,99981,267,99755,167,99997,167,99607,167,100017,167,99533,167,100044,100,99411,100,100051,100,99217,100,100085,100,98630,100,100090,100,,,100113,100,,
2019-06-28 09:54:20.000000000,99896,184,99832,184,99923,184,99795,184,99981,284,99755,184,99997,184,99607,184,100017,100,99533,100,100044,100,99411,100,100051,100,99217,100,100085,100,98630,100,100090,100,,,100113,100,,
2019-06-28 09:54:28.182916302,99896,184,99832,184,99923,184,99795,184,99981,284,99755,184,99997,184,99689,100,100017,100,99607,184,100044,100,99411,100,100051,100,99217,100,100085,100,98630,100,100090,100,,,100113,100,,
2019-06-28 09:54:30.000000000,99896,214,99832,214,99923,211,99795,211,99981,311,99755,211,99997,100,99689,100,100017,100,99607,100,100044,100,99411,100,100051,100,99217,100,100085,100,98630,100,100090,100,,,100113,100,,
2019-06-28 09:54:36.869910115,99896,214,99832,114,99923,211,99795,211,99981,311,99755,211,99997,100,99689,100,100017,100,99607,100,100044,100,99411,100,100051,100,99217,100,100085,100,98630,100,100090,100,,,100113,100,,
2019-06-28 09:54:37.638465112,99889,100,99832,114,99896,214,99795,211,99923,211,99755,211,99981,311,99689,100,99997,100,99607,100,100017,100,99411,100,100044,100,99217,100,100051,100,98630,100,100085,100,,,100090,100,,
2019-06-28 09:54:40.000000000,99889,214,99795,214,99896,211,99755,211,99923,211,99689,211,99981,200,99607,100,99997,100,99411,100,100017,100,99217,100,100044,100,98630,100,100051,100,,,100085,100,,,100090,100,,
2019-06-28 09:54:48.961521928,99889,214,99795,114,99896,211,99755,111,99923,211,99689,211,99981,200,99607,100,99997,100,99411,100,100017,100,99217,100,100044,100,98630,100,100051,100,,,100085,100,,,100090,100,,
2019-06-28 09:54:50.000000000,99889,435,99689,435,99896,100,99607,100,99923,100,99411,100,99981,200,99217,100,99997,100,98630,100,100017,100,,,100044,100,,,100051,100,,,100085,100,,,100090,100,,
2019-06-28 09:55:00.000000000,99889,268,99689,268,99896,268,99607,268,99923,100,99411,100,99981,200,99217,100,99997,100,98630,100,100017,100,,,100044,100,,,100051,100,,,100085,100,,,100090,100,,
2019-06-28 09:55:10.000000000,99889,435,99689,435,99896,100,99607,100,99923,100,99411,100,99981,200,99217,100,99997,100,98630,100,100017,100,,,100044,100,,,100051,100,,,100085,100,,,100090,100,,
2019-06-28 09:55:12.711925853,99889,435,99689,335,99896,100,99607,100,99923,100,99411,100,99981,200,99217,100,99997,100,98630,100,100017,100,,,100044,100,,,100051,100,,,100085,100,,,100090,100,,
2019-06-28 09:55:13.598988434,99733,100,99689,335,99889,435,99607,100,99896,100,99411,100,99923,100,99217,100,99981,200,98630,100,99997,100,,,100017,100,,,100044,100,,,100051,100,,,100085,100,,
2019-06-28 09:55:14.043460243,99710,100,99689,335,99733,100,99607,100,99889,435,99411,100,99896,100,99217,100,99923,100,98630,100,99981,100,,,99997,100,,,100017,100,,,100044,100,,,100051,100,,
2019-06-28 09:55:20.000000000,99710,167,99607,167,99733,167,99411,167,99889,167,99217,167,99896,167,98630,167,99923,167,98629,67,99981,100,,,99997,100,,,100017,100,,,100044,100,,,100051,100,,
2019-06-28 09:55:24.711022627,99710,167,99607,167,99733,167,99411,167,99795,100,99217,167,99889,167,98630,167,99896,167,98629,67,99923,67,,,99981,100,,,99997,100,,,100017,100,,,100044,100,,
2019-06-28 09:55:30.000000000,99710,167,99607,167,99733,167,99411,167,99795,167,99217,167,99889,167,98630,167,99896,167,98629,67,99981,100,,,99997,100,,,100017,100,,,100044,100,,,100051,100,,
2019-06-28 09:55:40.000000000,99710,167,99607,167,99733,167,99411,167,99795,167,99217,167,99889,167,98630,167,99896,167,98629,67,99981,100,,,99997,100,,,100017,100,,,100044,100,,,100051,100,,
2019-06-28 09:55:41.926380189,99710,167,99607,167,99733,167,99411,167,99795,167,99261,100,99889,167,99217,167,99896,167,98630,167,99981,100,98629,67,99997,100,,,100017,100,,,100044,100,,,100051,100,,
2019-06-28 09:55:50.000000000,99710,214,99607,214,99733,211,99411,211,99795,211,99261,211,99889,100,99217,100,99896,100,98630,100,99981,100,,,99997,100,,,100017,100,,,100044,100,,,100051,100,,
2019-06-28 09:56:00.000000000,99710,268,99607,268,99733,268,99411,268,99795,100,99261,100,99889,100,99217,100,99896,100,98630,100,99981,100,,,99997,100,,,100017,100,,,100044,100,,,100051,100,,
2019-06-28 09:56:08.104653579,99710,268,99607,268,99733,268,99411,268,99795,100,99312,100,99889,100,99261,100,99896,100,99217,100,99981,100,98630,100,99997,100,,,100017,100,,,100044,100,,,100051,100,,
2019-06-28 09:56:10.000000000,99710,167,99607,167,99733,167,99411,167,99795,167,99312,167,99889,167,99261,167,99896,167,99217,167,99981,100,98630,100,99997,100,,,100017,100,,,100044,100,,,100051,100,,
2019-06-28 09:56:16.429502858,99710,167,99607,167,99733,167,99411,167,99795,267,99312,167,99889,167,99261,167,99896,167,99217,167,99981,100,98630,100,99997,100,,,100017,100,,,100044,100,,,100051,100,,
2019-06-28 09:56:20.000000000,99710,435,99607,435,99733,100,99411,100,99795,200,99312,100,99889,100,99261,100,99896,100,99217,100,99981,100,98630,100,99997,100,,,100017,100,,,100044,100,,,100051,100,,
2019-06-28 09:56:30.000000000,99710,167,99607,167,99733,167,99411,167,99795,267,99312,167,99889,167,99261,167,99896,167,99217,167,99981,100,98630,100,99997,100,,,100017,100,,,100044,100,,,100051,100,,
2019-06-28 09:56:33.131497104,99710,167,99607,167,99733,167,99589,100,99795,267,99411,167,99889,167,99312,167,99896,167,99261,167,99981,100,99217,167,99997,100,98630,100,100017,100,,,100044,100,,,100051,100,,
2019-06-28 09:56:40.000000000,99710,167,99607,167,99733,167,99589,167,99795,267,99411,167,99889,167,99312,167,99896,167,99261,167,99981,100,99217,100,99997,100,98630,100,100017,100,,,100044,100,,,100051,100,,
2019-06-28 09:56:50.000000000,99710,435,99607,435,99733,100,99589,100,99795,200,99411,100,99889,100,99312,100,99896,100,99261,100,99981,100,99217,100,99997,100,98630,100,100017,100,,,100044,100,,,100051,100,,
2019-06-28 09:57:00.000000000,99710,435,99607,435,99733,100,99589,100,99795,200,99411,100,99889,100,99312,100,99896,100,99261,100,99981,100,99217,100,99997,100,98630,100,100017,100,,,100044,100,,,100051,100,,
2019-06-28 09:57:03.515714519,99710,435,99607,435,99733,100,99589,100,99795,200,99411,100,99889,100,99312,100,99896,100,99261,100,99981,100,99217,100,99997,100,98630,100,100017,100,,,100044,100,,,100051,100,,
2019-06-28 09:57:10.000000000,99710,268,99607,268,99733,268,99589,268,99795,200,99411,100,99889,100,99312,100,99896,100,99261,100,99981,100,99217,100,99997,100,98630,100,100017,100,,,100044,100,,,100051,100,,
2019-06-28 09:57:20.000000000,99710,214,99607,214,99733,211,99589,211,99795,311,99411,211,99889,100,99312,100,99896,100,99261,100,99981,100,99217,100,99997,100,98630,100,100017,100,,,100044,100,,,100051,100,,
2019-06-28 09:57:30.000000000,99710,167,99607,167,99733,167,99589,167,99795,267,99411,167,99889,167,99312,167,99896,167,99261,167,99981,100,99217,100,99997,100,98630,100,100017,100,,,100044,100,,,100051,100,,
2019-06-28 09:57:36.192811418,99710,67,99607,167,99733,167,99589,167,99795,267,99411,167,99889,167,99312,167,99896,167,99261,167,99981,100,99217,100,99997,100,98630,100,100017,100,,,100044,100,,,100051,100,,
2019-06-28 09:57:40.000000000,99733,184,99607,184,99795,284,99589,184,99889,184,99411,184,99896,184,99312,184,99981,100,99261,100,99997,100,99217,100,100017,100,98630,100,100044,100,,,100051,100,,,100085,100,,
2019-06-28 09:57:50.000000000,99733,167,99607,167,99795,267,99589,167,99889,167,99411,167,99896,167,99312,167,99981,167,99261,167,99997,100,99217,100,100017,100,98630,100,100044,100,,,100051,100,,,100085,100,,
2019-06-28 09:57:55.424389352,99733,167,99690,100,99795,267,99607,167,99889,167,99589,167,99896,167,99411,167,99981,167,99312,167,99997,100,99261,167,100017,100,99217,100,100044,100,98630,100,100051,100,,,100085,100,,
2019-06-28 09:57:59.296508654,99733,167,99727,100,99795,267,99690,100,99889,167,99607,167,99896,167,99589,167,99981,167,99411,167,99997,100,99312,167,100017,100,99261,167,100051,100,99217,100,100085,100,98630,100,100090,100,,
2019-06-28 09:58:00.000000000,99733,167,99727,167,99795,267,99690,167,99889,167,99607,167,99896,167,99589,167,99981,167,99411,167,99997,100,99312,100,100017,100,99261,100,100051,100,99217,100,100085,100,98630,100,100090,100,,
2019-06-28 09:58:02.765814651,99733,67,99727,167,99795,267,99690,167,99889,167,99607,167,99896,167,99589,167,99981,167,99411,167,99997,100,99312,100,100017,100,99261,100,100051,100,99217,100,100085,100,98630,100,100090,100,,
2019-06-28 09:58:10.000000000,99795,368,99727,268,99889,268,99690,268,99896,100,99607,100,99981,100,99589,100,99997,100,99411,100,100017,100,99312,100,100051,100,99261,100,100085,100,99217,100,100090,100,98630,100,100113,100,,
2019-06-28 09:58:20.000000000,99795,267,99727,167,99889,167,99690,167,99896,167,99607,167,99981,167,99589,167,99997,167,99411,167,100017,100,99312,100,100051,100,99261,100,100085,100,99217,100,100090,100,98630,100,100113,100,,
2019-06-28 09:58:30.000000000,99795,284,99727,184,99889,184,99690,184,99896,184,99607,184,99981,184,99589,184,99997,100,99411,100,100017,100,99312,100,100051,100,99261,100,100085,100,99217,100,100090,100,98630,100,100113,100,,
2019-06-28 09:58:40.000000000,99795,535,99727,435,99889,100,99690,100,99896,100,99607,100,99981,100,99589,100,99997,100,99411,100,100017,100,99312,100,100051,100,99261,100,100085,100,99217,100,100090,100,98630,100,100113,100,,
2019-06-28 09:58:50.000000000,99795,267,99727,167,99889,167,99690,167,99896,167,99607,167,99981,167,99589,167,99997,167,99411,167,100017,100,99312,100,100051,100,99261,100,100085,100,99217,100,100090,100,98630,100,100113,100,,
2019-06-28 09:59:00.000000000,99795,284,99727,184,99889,184,99690,184,99896,184,99607,184,99981,184,99589,184,99997,100,99411,100,100017,100,99312,100,100051,100,99261,100,100085,100,99217,100,100090,100,98630,100,100113,100,,
2019-06-28 09:59:00.147275845,99795,284,99727,84,99889,184,99690,184,99896,184,99607,184,99981,184,99589,184,99997,100,99411,100,100017,100,99312,100,100051,100,99261,100,100085,100,99217,100,100090,100,98630,100,100113,100,,
2019-06-28 09:59:04.449729032,99795,284,99727,84,99889,184,99690,184,99896,184,99607,184,99981,184,99589,184,99997,100,99314,100,100017,100,99312,100,100051,100,99261,100,100085,100,99217,100,100090,100,98630,100,100113,100,,
2019-06-28 09:59:10.000000000,99795,267,99690,167,99889,167,99607,167,99896,167,99589,167,99981,167,99314,167,99997,167,99312,167,100017,100,99261,100,100051,100,99217,100,100085,100,98630,100,100090,100,,,100113,100,,
2019-06-28 09:59:15.520175580,99795,267,99690,67,99889,167,99607,167,99896,167,99589,167,99981,167,99314,167,99997,167,99312,167,100017,100,99261,100,100051,100,99217,100,100085,100,98630,100,100090,100,,,100113,100,,
2019-06-28 09:59:20.000000000,99795,368,99607,268,99889,268,99589,268,99896,100,99314,100,99981,100,99312,100,99997,100,99261,100,100017,100,99217,100,100051,100,98630,100,100085,100,,,100090,100,,,100113,100,,
2019-06-28 09:59:30.000000000,99795,314,99607,214,99889,211,99589,211,99896,211,99314,211,99981,100,99312,100,99997,100,99261,100,100017,100,99217,100,100051,100,98630,100,100085,100,,,100090,100,,,100113,100,,
2019-06-28 09:59:30.637710637,99795,314,99607,114,99889,211,99589,211,99896,211,99314,211,99981,100,99261,100,99997,100,99217,100,100017,100,98630,100,100051,100,,,100085,100,,,100090,100,,,100113,100,,
2019-06-28 09:59:33.172461598,99754,100,99607,114,99795,314,99589,211,99889,211,99314,211,99896,211,99261,100,99981,100,99217,100,99997,100,98630,100,100017,100,,,100051,100,,,100085,100,,,100090,100,,
2019-06-28 09:59:35.504973988,99754,100,99607,114,99795,314,99589,211,99889,211,99512,100,99896,211,99314,211,99981,100,99261,100,99997,100,99217,100,100017,100,98630,100,100085,100,,,100090,100,,,100113,100,,
2019-06-28 09:59:40.000000000,99754,167,99589,167,99795,267,99512,167,99889,167,99314,167,99896,167,99261,167,99981,167,99217,167,99997,100,98630,100,100017,100,,,100085,100,,,100090,100,,,100113,100,,
2019-06-28 09:59:50.000000000,99754,214,99589,214,99795,311,99512,211,99889,211,99314,211,99896,100,99261,100,99981,100,99217,100,99997,100,98630,100,100017,100,,,100085,100,,,100090,100,,,100113,100,,
2019-06-28 09:59:57.552701805,99690,100,99589,214,99754,214,99512,211,99795,311,99314,211,99889,211,99261,100,99896,100,99217,100,99981,100,98630,100,99997,100,,,100017,100,,,100085,100,,,100090,100,,
2019-06-28 10:00:00.000000000,99690,167,99589,167,99754,167,99512,167,99795,267,99314,167,99889,167,99261,167,99896,167,99217,167,99981,100,98630,100,99997,100,,,100017,100,,,100085,100,,,100090,100,,
2019-06-28 10:00:03.741424749,99660,100,99589,167,99690,167,99512,167,99754,167,99314,167,99795,267,99261,167,99889,167,99217,167,99896,167,98630,100,99981,100,,,99997,100,,,100017,100,,,100085,100,,
2019-06-28 10:00:10.000000000,99660,435,99589,435,99690,100,99512,100,99754,100,99314,100,99795,200,99261,100,99889,100,99217,100,99896,100,98630,100,99981,100,,,99997,100,,,100017,100,,,100085,100,,
2019-06-28 10:00:13.238270464,99660,435,99589,335,99690,100,99512,100,99754,100,99314,100,99795,200,99261,100,99889,100,99217,100,99896,100,98630,100,99981,100,,,99997,100,,,100017,100,,,100085,100,,
2019-06-28 10:00:17.968872134,99660,435,99589,335,99690,100,99512,100,99754,100,99501,100,99795,200,99314,100,99889,100,99261,100,99896,100,99217,100,99981,100,98630,100,99997,100,,,100017,100,,,100085,100,,
2019-06-28 10:00:20.000000000,99660,184,99512,184,99690,184,99501,184,99754,184,99314,184,99795,284,99261,184,99889,100,99217,100,99896,100,98630,100,99981,100,,,99997,100,,,100017,100,,,100085,100,,
2019-06-28 10:00:30.000000000,99660,268,99512,268,99690,268,99501,268,99754,100,99314,100,99795,200,99261,100,99889,100,99217,100,99896,100,98630,100,99981,100,,,99997,100,,,100017,100,,,100085,100,,
2019-06-28 10:00:40.000000000,99660,268,99512,268,99690,268,99501,268,99754,100,99314,100,99795,200,99261,100,99889,100,99217,100,99896,100,98630,100,99981,100,,,99997,100,,,100017,100,,,100085,100,,
2019-06-28 10:00:45.275601862,99660,268,99512,268,99690,268,99501,268,99754,100,99314,100,99795,200,99261,100,99871,100,99217,100,99889,100,,,99896,100,,,99981,100,,,99997,100,,,100017,100,,
2019-06-28 10:00:46.005318008,99660,168,99512,268,99690,268,99501,268,99754,100,99314,100,99795,200,99261,100,99871,100,99217,100,99889,100,,,99896,100,,,99981,100,,,99997,100,,,100017,100,,
2019-06-28 10:00:50.000000000,99690,214,99512,214,99754,211,99501,211,99795,311,99314,211,99871,100,99261,100,99889,100,99217,100,99896,100,,,99981,100,,,99997,100,,,100017,100,,,100085,100,,
2019-06-28 10:01:00.000000000,99690,214,99512,214,99754,211,99501,211,99795,311,99314,211,99871,100,99261,100,99889,100,99217,100,99896,100,,,99981,100,,,99997,100,,,100017,100,,,100085,100,,
2019-06-28 10:01:10.000000000,99690,214,99512,214,99754,211,99501,211,99795,311,99314,211,99871,100,99261,100,99889,100,99217,100,99896,100,,,99981,100,,,99997,100,,,100017,100,,,100085,100,,
2019-06-28 10:01:20.000000000,99690,167,99512,167,99754,167,99501,167,99795,267,99314,167,99871,167,99261,167,99889,167,99217,167,99896,100,,,99981,100,,,99997,100,,,100017,100,,,100085,100,,
2019-06-28 10:01:30.000000000,99690,214,99512,214,99754,211,99501,211,99795,311,99314,211,99871,100,99261,100,99889,100,99217,100,99896,100,,,99981,100,,,99997,100,,,100017,100,,,100085,100,,
2019-06-28 10:01:40.000000000,99690,268,99512,268,99754,268,99501,268,99795,200,99314,100,99871,100,99261,100,99889,100,99217,100,99896,100,,,99981,100,,,99997,100,,,100017,100,,,100085,100,,
2019-06-28 10:01:42.714918351,99690,268,99590,100,99754,268,99512,268,99795,200,99501,268,99871,100,99314,100,99889,100,99261,100,99896,100,99217,100,99981,100,,,99997,100,,,100017,100,,,100085,100,,
2019-06-28 10:01:50.000000000,99690,184,99590,184,99754,184,99512,184,99795,284,99501,184,99871,184,99314,184,99889,100,99261,100,99896,100,99217,100,99981,100,,,99997,100,,,100017,100,,,100085,100,,
2019-06-28 10:01:55.571943956,99690,84,99590,184,99754,184,99512,184,99795,284,99501,184,99871,184,99314,184,99889,100,99261,100,99896,100,99217,100,99981,100,,,99997,100,,,100017,100,,,100085,100,,
2019-06-28 10:01:57.432065773,99690,84,99660,100,99754,184,99590,184,99795,284,99512,184,99871,184,99501,184,99889,100,99314,184,99896,100,99261,100,99981,100,99217,100,99997,100,,,100017,100,,,100085,100,,
2019-06-28 10:02:00.000000000,99754,268,99660,268,99795,368,99590,268,99871,100,99512,100,99889,100,99501,100,99896,100,99314,100,99981,100,99261,100,99997,100,99217,100,100017,100,,,100085,100,,,100090,100,,
2019-06-28 10:02:05.726983135,99754,268,99660,268,99795,368,99590,268,99871,100,99530,100,99889,100,99512,100,99896,100,99501,100,99981,100,99314,100,99997,100,99261,100,100017,100,99217,100,100085,100,,,100090,100,,
2019-06-28 10:02:10.000000000,99754,184,99660,184,99795,284,99590,184,99871,184,99530,184,99889,184,99512,184,99896,100,99501,100,99981,100,99314,100,99997,100,99261,100,100017,100,99217,100,100085,100,,,100090,100,,
2019-06-28 10:02:20.000000000,99754,167,99660,167,99795,267,99590,167,99871,167,99530,167,99889,167,99512,167,99896,167,99501,167,99981,100,99314,100,99997,100,99261,100,100017,100,99217,100,100085,100,,,100090,100,,
2019-06-28 10:02:30.000000000,99754,268,99660,268,99795,368,99590,268,99871,100,99530,100,99889,100,99512,100,99896,100,99501,100,99981,100,99314,100,99997,100,99261,100,100017,100,99217,100,100085,100,,,100090,100,,
2019-06-28 10:02:38.650221372,99754,268,99660,268,99795,368,99590,268,99871,100,99530,100,99889,100,99512,100,99896,100,99501,100,99981,100,99431,100,99997,100,99314,100,100017,100,99261,100,100085,100,99217,100,100090,100,,
2019-06-28 10:02:40.000000000,99754,268,99660,268,99795,368,99590,268,99871,100,99530,100,99889,100,99512,100,99896,100,99501,100,99981,100,99431,100,99997,100,99314,100,100017,100,99261,100,100085,100,99217,100,100090,100,,
2019-06-28 10:02:45.424920176,99754,268,99660,268,99795,368,99590,268,99871,100,99530,100,99889,100,99512,100,99896,100,99501,100,99981,100,99475,100,99997,100,99431,100,100017,100,99314,100,100085,100,99261,100,100090,100,99217,100
2019-06-28 10:02:48.742604101,99754,268,99660,168,99795,368,99590,268,99871,100,99530,100,99889,100,99512,100,99896,100,99501,100,99981,100,99475,100,99997,100,99431,100,100017,100,99314,100,100085,100,99261,100,100090,100,99217,100
2019-06-28 10:02:50.000000000,99754,268,99590,268,99795,368,99530,268,99871,100,99512,100,99889,100,99501,100,99896,100,99475,100,99981,100,99431,100,99997,100,99314,100,100017,100,99261,100,100085,100,99217,100,100090,100,,
2019-06-28 10:03:00.000000000,99754,184,99590,184,99795,284,99530,184,99871,184,99512,184,99889,184,99501,184,99896,100,99475,100,99981,100,99431,100,99997,100,99314,100,100017,100,99261,100,100085,100,99217,100,100090,100,,
2019-06-28 10:03:00.132710652,99689,100,99590,184,99754,184,99530,184,99795,284,99512,184,99871,184,99501,184,99889,184,99475,100,99896,100,99431,100,99981,100,99314,100,99997,100,99261,100,100017,100,99217,100,100085,100,,
2019-06-28 10:03:10.000000000,99689,435,99590,435,99754,100,99530,100,99795,200,99512,100,99871,100,99501,100,99889,100,99475,100,99896,100,99431,100,99981,100,99314,100,99997,100,99261,100,100017,100,99217,100,100085,100,,
2019-06-28 10:03:16.947208542,99689,535,99590,435,99754,100,99530,100,99795,200,99512,100,99871,100,99501,100,99889,100,99475,100,99896,100,99431,100,99981,100,99314,100,99997,100,99261,100,100017,100,99217,100,100085,100,,
2019-06-28 10:03:20.000000000,99689,368,99590,268,99754,268,99530,268,99795,200,99512,100,99871,100,99501,100,99889,100,99475,100,99896,100,99431,100,99981,100,99314,100,99997,100,99261,100,100017,100,99217,100,100085,100,,
2019-06-28 10:03:22.203268113,99689,368,99590,268,99721,100,99530,268,99754,268,99512,100,99795,200,99501,100,99871,100,99475,100,99889,100,99431,100,99896,100,99314,100,99981,100,99261,100,99997,100,99217,100,100017,100,,
2019-06-28 10:03:30.000000000,99689,368,99590,268,99721,268,99530,268,99754,100,99512,100,99795,200,99501,100,99871,100,99475,100,99889,100,99431,100,99896,100,99314,100,99981,100,99261,100,99997,100,99217,100,100017,100,,
2019-06-28 10:03:40.000000000,99689,314,99590,214,99721,211,99530,211,99754,211,99512,211,99795,200,99501,100,99871,100,99475,100,99889,100,99431,100,99896,100,99314,100,99981,100,99261,100,99997,100,99217,100,100017,100,,
2019-06-28 10:03:50.000000000,99689,284,99590,184,99721,184,99530,184,99754,184,99512,184,99795,284,99501,184,99871,100,99475,100,99889,100,99431,100,99896,100,99314,100,99981,100,99261,100,99997,100,99217,100,100017,100,,
2019-06-28 10:03:58.866611732,99689,284,99590,184,99721,184,99530,184,99754,184,99512,184,99795,284,99501,184,99818,100,99475,100,99871,100,99431,100,99889,100,99314,100,99896,100,99261,100,99981,100,99217,100,99997,100,,
2019-06-28 10:04:00.000000000,99689,284,99590,184,99721,184,99530,184,99754,184,99512,184,99795,284,99501,184,99818,100,99475,100,99871,100,99431,100,99889,100,99314,100,99896,100,99261,100,99981,100,99217,100,99997,100,,
2019-06-28 10:04:05.251764937,99689,184,99590,184,99721,184,99530,184,99754,184,99512,184,99795,284,99501,184,99818,100,99475,100,99871,100,99431,100,99889,100,99314,100,99896,100,99261,100,99981,100,99217,100,99997,100,,
2019-06-28 10:04:10.000000000,99689,214,99590,214,99721,211,99530,211,99754,211,99512,211,99795,200,99501,100,99818,100,99475,100,99871,100,99431,100,99889,100,99314,100,99896,100,99261,100,99981,100,99217,100,99997,100,,
2019-06-28 10:04:19.969721675,99689,214,99661,100,99721,211,99590,214,99754,211,99530,211,99795,200,99512,211,99818,100,99501,100,99871,100,99475,100,99889,100,99431,100,99896,100,99314,100,99981,100,99261,100,99997,100,99217,100
2019-06-28 10:04:20.000000000,99689,184,99661,184,99721,184,99590,184,99754,184,99530,184,99795,284,99512,184,99818,100,99501,100,99871,100,99475,100,99889,100,99431,100,99896,100,99314,100,99981,100,99261,100,99997,100,99217,100
2019-06-28 10:04:30.000000000,99689,268,99661,268,99721,268,99590,268,99754,100,99530,100,99795,200,99512,100,99818,100,99501,100,99871,100,99475,100,99889,100,99431,100,99896,100,99314,100,99981,100,99261,100,99997,100,99217,100
2019-06-28 10:04:30.074953992,99689,268,99661,368,99721,268,99590,268,99754,100,99530,100,99795,200,99512,100,99818,100,99501,100,99871,100,99475,100,99896,100,99431,100,99981,100,99314,100,99997,100,99261,100,100017,100,99217,100
2019-06-28 10:04:40.000000000,99689,167,99661,267,99721,167,99590,167,99754,167,99530,167,99795,267,99512,167,99818,167,99501,167,99871,100,99475,100,99896,100,99431,100,99981,100,99314,100,99997,100,99261,100,100017,100,99217,100
2019-06-28 10:04:44.136579002,99689,67,99661,267,99721,167,99590,167,99754,167,99530,167,99795,267,99512,167,99818,167,99501,167,99871,100,99475,100,99896,100,99431,100,99981,100,99314,100,99997,100,99261,100,100017,100,99217,100
2019-06-28 10:04:50.000000000,99721,435,99661,535,99754,100,99590,100,99795,200,99530,100,99818,100,99512,100,99871,100,99501,100,99896,100,99475,100,99981,100,99431,100,99997,100,99314,100,100017,100,99261,100,100085,100,99217,100
2019-06-28 10:04:54.616450295,99721,435,99661,535,99754,100,99590,100,99795,200,99530,100,99804,100,99512,100,99818,100,99501,100,99871,100,99475,100,99896,100,99431,100,99981,100,99314,100,99997,100,99261,100,100017,100,99217,100
2019-06-28 10:05:00.000000000,99721,214,99661,314,99754,211,99590,211,99795,311,99530,211,99804,100,99512,100,99818,100,99501,100,99871,100,99475,100,99896,100,99431,100,99981,100,99314,100,99997,100,99261,100,100017,100,99217,100
2019-06-28 10:05:05.005508542,99721,214,99661,314,99754,211,99590,211,99795,311,99540,100,99804,100,99530,211,99818,100,99512,100,99871,100,99475,100,99896,100,99431,100,99981,100,99314,100,99997,100,99261,100,100017,100,99217,100
2019-06-28 10:05:05.438875786,99721,214,99661,314,99754,111,99590,211,99795,311,99540,100,99804,100,99530,211,99818,100,99512,100,99871,100,99475,100,99896,100,99431,100,99981,100,99314,100,99997,100,99261,100,100017,100,99217,100
2019-06-28 10:05:10.000000000,99721,214,99661,314,99795,311,99590,211,99804,211,99540,211,99818,100,99530,100,99871,100,99512,100,99896,100,99475,100,99981,100,99431,100,99997,100,99314,100,100017,100,99261,100,100055,100,99217,100
2019-06-28 10:05:20.000000000,99721,435,99661,535,99795,200,99590,100,99804,100,99540,100,99818,100,99530,100,99871,100,99512,100,99896,100,99475,100,99981,100,99431,100,99997,100,99314,100,100017,100,99261,100,100055,100,99217,100
2019-06-28 10:05:24.527152310,99721,235,99661,535,99795,200,99590,100,99804,100,99540,100,99818,100,99530,100,99871,100,99512,100,99896,100,99475,100,99981,100,99431,100,99997,100,99314,100,100017,100,99261,100,100055,100,99217,100
2019-06-28 10:05:30.000000000,99795,267,99661,267,99804,167,99590,167,99818,167,99540,167,99871,167,99530,167,99896,167,99512,167,99981,100,99475,100,99997,100,99431,100,100017,100,99314,100,100055,100,99261,100,100085,100,99217,100
2019-06-28 10:05:40.000000000,99795,535,99661,535,99804,100,99590,100,99818,100,99540,100,99871,100,99530,100,99896,100,99512,100,99981,100,99475,100,99997,100,99431,100,100017,100,99314,100,100055,100,99261,100,100085,100,99217,100
2019-06-28 10:05:50.000000000,99795,535,99661,535,99804,100,99590,100,99818,100,99540,100,99871,100,99530,100,99896,100,99512,100,99981,100,99475,100,99997,100,99431,100,100017,100,99314,100,100055,100,99261,100,100085,100,99217,100
2019-06-28 10:06:00.000000000,99795,267,99661,267,99804,167,99590,167,99818,167,99540,167,99871,167,99530,167,99896,167,99512,167,99981,100,99475,100,99997,100,99431,100,100017,100,99314,100,100055,100,99261,100,100085,100,99217,100
2019-06-28 10:06:10.000000000,99795,284,99661,284,99804,184,99590,184,99818,184,99540,184,99871,184,99530,184,99896,100,99512,100,99981,100,99475,100,99997,100,99431,100,100017,100,99314,100,100055,100,99261,100,100085,100,99217,100
2019-06-28 10:06:20.000000000,99795,368,99661,368,99804,268,99590,268,99818,100,99540,100,99871,100,99530,100,99896,100,99512,100,99981,100,99475,100,99997,100,99431,100,100017,100,99314,100,100055,100,99261,100,100085,100,99217,100
2019-06-28 10:06:21.136457509,99795,368,99661,368,99804,268,99590,268,99818,100,99540,100,99871,100,99530,100,99896,100,99512,100,99981,100,99475,100,99997,200,99431,100,100017,100,99314,100,100055,100,99261,100,100085,100,99217,100
2019-06-28 10:06:30.000000000,99795,284,99661,284,99804,184,99590,184,99818,184,99540,184,99871,184,99530,184,99896,100,99512,100,99981,100,99475,100,99997,200,99431,100,100017,100,99314,100,100055,100,99261,100,100085,100,99217,100
2019-06-28 10:06:34.652217638,99795,284,99661,284,99804,184,99590,184,99818,184,99540,184,99871,184,99530,184,99882,100,99512,100,99896,100,99475,100,99981,100,99431,100,99997,200,99314,100,100017,100,99261,100,100055,100,99217,100
2019-06-28 10:06:40.000000000,99795,368,99661,368,99804,268,99590,268,99818,100,99540,100,99871,100,99530,100,99882,100,99512,100,99896,100,99475,100,99981,100,99431,100,99997,200,99314,100,100017,100,99261,100,100055,100,99217,100
2019-06-28 10:06:45.278399421,99795,368,99661,368,99804,268,99590,268,99818,100,99540,100,99871,100,99530,100,99882,100,99512,100,99896,100,99475,100,99981,100,99431,100,99997,200,99314,100,100017,100,99261,100,100027,100,99217,100
2019-06-28 10:06:50.000000000,99795,267,99661,267,99804,167,99590,167,99818,167,99540,167,99871,167,99530,167,99882,167,99512,167,99896,100,99475,100,99981,100,99431,100,99997,200,99314,100,100017,100,99261,100,100027,100,99217,100
2019-06-28 10:07:00.000000000,99795,535,99661,535,99804,100,99590,100,99818,100,99540,100,99871,100,99530,100,99882,100,99512,100,99896,100,99475,100,99981,100,99431,100,99997,200,99314,100,100017,100,99261,100,100027,100,99217,100
2019-06-28 10:07:02.627936270,99795,535,99661,535,99804,100,99590,100,99818,100,99540,100,99827,100,99530,100,99871,100,99512,100,99882,100,99475,100,99896,100,99431,100,99981,100,99314,100,99997,200,99261,100,100017,100,99217,100
2019-06-28 10:07:10.000000000,99795,284,99661,284,99804,184,99590,184,99818,184,99540,184,99827,184,99530,184,99871,100,99512,100,99882,100,99475,100,99896,100,99431,100,99981,100,99314,100,99997,200,99261,100,100017,100,99217,100
2019-06-28 10:07:20.000000000,99795,368,99661,368,99804,268,99590,268,99818,100,99540,100,99827,100,99530,100,99871,100,99512,100,99882,100,99475,100,99896,100,99431,100,99981,100,99314,100,99997,200,99261,100,100017,100,99217,100
2019-06-28 10:07:30.000000000,99795,535,99661,535,99804,100,99590,100,99818,100,99540,100,99827,100,99530,100,99871,100,99512,100,99882,100,99475,100,99896,100,99431,100,99981,100,99314,100,99997,200,99261,100,100017,100,99217,100
2019-06-28 10:07:40.000000000,99795,535,99661,535,99804,100,99590,100,99818,100,99540,100,99827,100,99530,100,99871,100,99512,100,99882,100,99475,100,99896,100,99431,100,99981,100,99314,100,99997,200,99261,100,100017,100,99217,100
2019-06-28 10:07:50.000000000,99795,368,99661,368,99804,268,99590,268,99818,100,99540,100,99827,100,99530,100,99871,100,99512,100,99882,100,99475,100,99896,100,99431,100,99981,100,99314,100,99997,200,99261,100,100017,100,99217,100
2019-06-28 10:08:00.000000000,99795,284,99661,284,99804,184,99590,184,99818,184,99540,184,99827,184,99530,184,99871,100,99512,100,99882,100,99475,100,99896,100,99431,100,99981,100,99314,100,99997,200,99261,100,100017,100,99217,100
2019-06-28 10:08:09.164016228,99795,284,99689,100,99804,184,99661,284,99818,184,99590,84,99827,184,99540,184,99871,100,99530,184,99882,100,99512,100,99896,100,99475,100,99981,100,99431,100,99997,200,99314,100,100017,100,99261,100
2019-06-28 10:08:10.000000000,99795,314,99689,214,99804,211,99661,311,99818,211,99540,211,99827,100,99530,100,99871,100,99512,100,99882,100,99475,100,99896,100,99431,100,99981,100,99314,100,99997,200,99261,100,100017,100,99217,100
2019-06-28 10:08:18.145710119,99795,214,99689,214,99804,211,99661,311,99818,211,99540,211,99827,100,99530,100,99871,100,99512,100,99882,100,99475,100,99896,100,99431,100,99981,100,99314,100,99997,200,99261,100,100017,100,99217,100
2019-06-28 10:08:20.000000000,99795,268,99689,268,99804,268,99661,368,99818,100,99540,100,99827,100,99530,100,99871,100,99512,100,99882,100,99475,100,99896,100,99431,100,99981,100,99314,100,99997,200,99261,100,100017,100,99217,100
2019-06-28 10:08:30.000000000,99795,184,99689,184,99804,184,99661,284,99818,184,99540,184,99827,184,99530,184,99871,100,99512,100,99882,100,99475,100,99896,100,99431,100,99981,100,99314,100,99997,200,99261,100,100017,100,99217,100
2019-06-28 10:08:40.000000000,99795,214,99689,214,99804,211,99661,311,99818,211,99540,211,99827,100,99530,100,99871,100,99512,100,99882,100,99475,100,99896,100,99431,100,99981,100,99314,100,99997,200,99261,100,100017,100,99217,100
2019-06-28 10:08:50.000000000,99795,184,99689,184,99804,184,99661,284,99818,184,99540,184,99827,184,99530,184,99871,100,99512,100,99882,100,99475,100,99896,100,99431,100,99981,100,99314,100,99997,200,99261,100,100017,100,99217,100
2019-06-28 10:08:59.670467849,99795,184,99689,184,99804,184,99661,284,99818,184,99540,184,99827,184,99530,184,99871,100,99512,100,99882,100,99475,100,99896,100,99431,100,99981,100,99314,100,99997,200,99261,100,100017,100,99217,100
2019-06-28 10:09:00.000000000,99795,184,99689,184,99804,184,99661,284,99818,184,99540,184,99827,184,99530,184,99871,100,99512,100,99882,100,99475,100,99896,100,99431,100,99981,100,99314,100,99997,200,99261,100,100017,100,99217,100
2019-06-28 10:09:10.000000000,99795,167,99689,167,99804,167,99661,267,99818,167,99540,167,99827,167,99530,167,99871,167,99512,167,99882,100,99475,100,99896,100,99431,100,99981,100,99314,100,99997,200,99261,100,100017,100,99217,100
2019-06-28 10:09:20.000000000,99795,435,99689,435,99804,100,99661,200,99818,100,99540,100,99827,100,99530,100,99871,100,99512,100,99882,100,99475,100,99896,100,99431,100,99981,100,99314,100,99997,200,99261,100,100017,100,99217,100
2019-06-28 10:09:30.000000000,99795,214,99689,214,99804,211,99661,311,99818,211,99540,211,99827,100,99530,100,99871,100,99512,100,99882,100,99475,100,99896,100,99431,100,99981,100,99314,100,99997,200,99261,100,100017,100,99217,100
2019-06-28 10:09:30.339316186,99795,214,99689,214,99804,211,99661,311,99818,211,99540,211,99827,100,99530,100,99871,100,99512,100,99882,100,99475,100,99896,100,99431,100,99981,100,99314,100,99997,200,99261,100,100017,100,99217,100
2019-06-28 10:09:40.000000000,99795,435,99689,435,99804,100,99661,200,99818,100,99540,100,99827,100,99530,100,99871,100,99512,100,99882,100,99475,100,99896,100,99431,100,99981,100,99314,100,99997,200,99261,100,100017,100,99217,100
2019-06-28 10:09:46.104398876,99795,435,99689,435,99804,100,99661,200,99818,100,99540,100,99827,100,99530,100,99871,100,99512,100,99882,100,99475,100,99896,100,99431,100,99981,100,99314,100,99997,200,99261,100,100017,100,99217,100
2019-06-28 10:09:50.000000000,99795,435,99689,435,99804,100,99661,200,99818,100,99540,100,99827,100,99530,100,99871,100,99512,100,99882,100,99475,100,99896,100,99431,100,99981,100,99314,100,99997,200,99261,100,100017,100,99217,100
2019-06-28 10:09:54.148760110,99795,335,99689,435,99804,100,99661,200,99818,100,99540,100,99827,100,99530,100,99871,100,99512,100,99882,100,99475,100,99896,100,99431,100,99981,100,99314,100,99997,200,99261,100,100017,100,99217,100
2019-06-28 10:09:55.925844672,99795,235,99689,435,99804,100,99661,200,99818,100,99540,100,99827,100,99530,100,99871,100,99512,100,99882,100,99475,100,99896,100,99431,100,99981,100,99314,100,99997,200,99261,100,100017,100,99217,100
2019-06-28 10:10:00.000000000,99804,167,99689,167,99818,167,99661,267,99827,167,99540,167,99871,167,99530,167,99882,167,99512,167,99896,100,99475,100,99981,100,99431,100,99997,200,99314,100,100017,100,99261,100,100085,100,99217,100
2019-06-28 10:10:03.881373231,99804,167,99689,167,99818,167,99661,267,99827,167,99540,167,99871,167,99530,167,99882,167,99512,167,99896,100,99475,100,99981,100,99431,100,99997,200,99314,100,100017,100,99261,100,100085,100,99217,100
