,ask_price_1,ask_size_1,bid_price_1,bid_size_1,ask_price_2,ask_size_2,bid_price_2,bid_size_2,ask_price_3,ask_size_3,bid_price_3,bid_size_3,ask_price_4,ask_size_4,bid_price_4,bid_size_4,ask_price_5,ask_size_5,bid_price_5,bid_size_5,ask_price_6,ask_size_6,bid_price_6,bid_size_6,ask_price_7,ask_size_7,bid_price_7,bid_size_7,ask_price_8,ask_size_8,bid_price_8,bid_size_8,ask_price_9,ask_size_9,bid_price_9,bid_size_9,ask_price_10,ask_size_10,bid_price_10,bid_size_10
2019-06-28 09:30:00.000000000,100045,100,,,,,,,,,,,,,,,,,,,,,,,,,,,,,,,,,,,,,,
2019-06-28 09:30:00.000000004,100045,100,99993,100,,,,,,,,,,,,,,,,,,,,,,,,,,,,,,,,,,,,
2019-06-28 09:30:00.000000006,100045,100,99993,100,100067,100,,,100151,100,,,,,,,,,,,,,,,,,,,,,,,,,,,,,,
2019-06-28 09:30:00.000000008,100045,100,99993,100,100067,100,,,100089,100,,,100151,100,,,,,,,,,,,,,,,,,,,,,,,,,,
2019-06-28 09:30:00.000000010,100045,100,99993,100,100067,100,,,100087,100,,,100089,100,,,100151,100,,,,,,,,,,,,,,,,,,,,,,
2019-06-28 09:30:00.000000011,100045,100,99993,100,100060,100,,,100067,100,,,100087,100,,,100089,100,,,100151,100,,,,,,,,,,,,,,,,,,
2019-06-28 09:30:00.000000012,100045,100,99993,100,100060,100,,,100067,100,,,100087,100,,,100089,100,,,100151,100,,,100153,100,,,,,,,,,,,,,,
2019-06-28 09:30:00.000000013,100045,100,99993,100,100060,100,99964,100,100067,100,99897,100,100087,100,,,100089,100,,,100151,100,,,100153,100,,,,,,,,,,,,,,
2019-06-28 09:30:00.000000015,100045,100,99993,100,100060,100,99964,100,100067,100,99897,100,100087,100,,,100089,100,,,100117,100,,,100151,100,,,100153,100,,,,,,,,,,
2019-06-28 09:30:00.000000016,100045,100,99993,100,100048,100,99964,100,100060,100,99897,100,100067,100,,,100087,100,,,100089,200,,,100091,100,,,100117,100,,,100151,100,,,100153,100,,
2019-06-28 09:30:00.000000019,100045,100,99993,100,100048,100,99964,100,100060,100,99897,100,100067,100,99895,100,100087,100,99857,100,100089,200,,,100091,100,,,100117,100,,,100151,100,,,100153,100,,
2019-06-28 09:30:00.000000020,100045,100,99993,100,100048,100,99964,100,100060,100,99897,100,100067,100,99895,100,100087,100,99857,100,100089,200,,,100091,100,,,100108,100,,,100117,100,,,100151,100,,
2019-06-28 09:30:00.000000022,100045,100,99997,100,100048,100,99993,100,100060,100,99980,100,100067,100,99964,100,100087,100,99897,100,100089,200,99895,100,100091,100,99857,100,100108,100,,,100117,100,,,100151,100,,
2019-06-28 09:30:00.000000023,100045,100,99997,100,100048,100,99993,100,100060,100,99980,100,100067,100,99964,100,100087,100,99897,100,100089,200,99895,100,100091,100,99857,100,100108,100,99840,100,100117,100,,,100151,100,,
2019-06-28 09:30:00.000000024,100045,100,99997,100,100048,100,99993,100,100060,100,99980,100,100067,100,99964,100,100087,100,99897,100,100089,200,99895,100,100091,100,99857,100,100108,100,99840,100,100117,100,,,100136,100,,
2019-06-28 09:30:00.000000026,100045,100,99997,100,100048,100,99993,100,100060,100,99980,100,100067,100,99964,100,100087,100,99897,100,100089,200,99895,100,100091,100,99887,100,100108,100,99857,100,100117,100,99840,100,100136,100,,
2019-06-28 09:30:00.000000028,100045,100,99997,100,100048,100,99993,100,100060,100,99980,100,100067,100,99964,100,100087,100,99897,100,100089,200,99895,100,100091,100,99887,100,100108,100,99871,100,100117,100,99857,100,100136,100,99840,100
2019-06-28 09:30:00.000000029,100045,100,99997,100,100048,100,99993,100,100060,100,99980,100,100067,100,99964,100,100087,100,99952,100,100089,200,99897,100,100091,100,99895,100,100108,100,99887,100,100117,100,99871,100,100136,100,99857,100
2019-06-28 09:30:00.000000030,100045,100,100007,100,100048,100,99997,100,100060,100,99993,100,100067,100,99980,100,100087,100,99964,100,100089,200,99952,100,100091,100,99897,100,100108,100,99895,100,100117,100,99887,100,100136,100,99871,100
2019-06-28 09:30:00.000000034,100034,100,100007,100,100045,100,99997,100,100048,100,99993,100,100060,100,99980,100,100067,100,99964,100,100087,100,99952,100,100089,200,99897,100,100091,100,99895,100,100108,100,99887,100,100117,100,99871,100
2019-06-28 09:30:00.000000036,100034,100,100007,100,100045,100,99997,100,100048,100,99993,100,100060,100,99982,100,100067,100,99980,100,100087,100,99964,100,100089,200,99952,100,100091,100,99897,100,100108,100,99895,100,100117,100,99887,100
2019-06-28 09:30:00.000000038,100034,100,100007,100,100045,100,99997,100,100048,100,99993,100,100060,100,99982,100,100067,100,99980,100,100073,100,99964,100,100087,100,99952,100,100089,200,99897,100,100091,100,99895,100,100108,100,99887,100
2019-06-28 09:30:00.000000039,100034,100,100007,100,100045,100,99997,100,100048,100,99993,100,100060,100,99982,100,100067,100,99980,100,100073,100,99964,100,100087,100,99952,100,100089,200,99913,100,100091,100,99897,100,100108,100,99895,200
2019-06-28 09:30:00.000000040,100034,100,100007,100,100045,100,99997,100,100048,100,99993,100,100060,100,99982,100,100067,100,99980,100,100073,100,99964,100,100087,100,99952,100,100089,200,99913,100,100091,100,99897,100,100108,100,99895,200
2019-06-28 09:30:00.000000043,100034,100,100007,100,100045,100,99997,100,100048,100,99993,100,100060,100,99982,100,100067,100,99980,100,100073,100,99964,100,100087,100,99952,100,100089,200,99913,100,100091,100,99897,100,100108,100,99895,200
2019-06-28 09:30:00.000000044,100034,100,99997,100,100045,100,99993,100,100048,100,99982,100,100060,100,99980,100,100067,100,99964,100,100073,100,99952,100,100087,100,99913,100,100089,200,99897,100,100091,100,99895,200,100108,100,99887,200
2019-06-28 09:30:00.000000045,100034,100,99997,100,100045,200,99993,100,100048,100,99982,100,100060,100,99980,100,100067,100,99964,100,100073,100,99952,100,100087,100,99913,100,100089,200,99897,100,100091,100,99895,200,100108,100,99887,200
2019-06-28 09:30:00.000000046,100028,100,99997,100,100029,100,99993,100,100034,100,99982,100,100045,200,99980,100,100048,100,99964,100,100060,100,99952,100,100067,100,99913,100,100073,100,99897,100,100087,100,99895,200,100089,200,99887,200
2019-06-28 09:30:00.000000050,100028,100,100007,100,100029,100,99997,100,100034,100,99993,100,100045,200,99982,100,100048,100,99980,100,100060,100,99964,100,100067,100,99952,100,100073,100,99913,100,100087,100,99897,100,100089,200,99895,200
2019-06-28 09:30:00.000000052,100028,100,99997,100,100029,100,99993,100,100034,100,99982,100,100045,200,99980,100,100048,100,99964,100,100060,100,99952,100,100066,100,99913,100,100067,100,99897,100,100073,100,99895,200,100087,100,99887,200
2019-06-28 09:30:00.000000053,100021,100,99997,100,100028,100,99993,100,100029,100,99982,100,100034,100,99980,100,100045,200,99964,100,100048,100,99952,100,100060,100,99913,100,100066,100,99897,100,100067,100,99895,200,100073,100,99887,200
2019-06-28 09:30:00.000000055,100021,100,99997,100,100028,100,99993,100,100029,100,99982,100,100034,100,99980,100,100045,200,99966,100,100048,100,99964,100,100060,100,99952,100,100066,100,99913,100,100067,100,99897,100,100073,100,99895,200
2019-06-28 09:30:00.000000056,100007,100,99997,100,100021,100,99993,100,100028,100,99982,100,100029,100,99980,100,100034,100,99966,100,100045,200,99964,100,100048,100,99952,100,100060,100,99944,100,100066,100,99913,100,100067,100,99897,100
2019-06-28 09:30:00.000000057,100007,200,99997,100,100021,100,99993,100,100028,100,99982,100,100029,100,99980,100,100034,100,99966,100,100045,200,99964,100,100048,100,99952,100,100060,100,99944,100,100066,100,99913,100,100067,100,99897,100
2019-06-28 09:30:00.000000058,100007,100,99997,100,100021,100,99993,100,100028,100,99982,100,100029,100,99980,100,100034,100,99966,100,100045,200,99964,100,100048,100,99952,100,100060,100,99944,100,100066,100,99913,100,100067,100,99897,100
2019-06-28 09:30:00.000000060,100007,100,99997,100,100021,100,99993,100,100028,100,99982,100,100029,100,99980,100,100034,100,99966,100,100045,200,99964,100,100048,100,99952,100,100060,100,99944,100,100066,100,99913,100,100067,100,99901,100
2019-06-28 09:30:00.000000065,100021,100,99997,100,100028,100,99993,100,100029,100,99982,100,100034,100,99980,100,100045,200,99966,100,100048,100,99964,100,100060,100,99952,100,100066,100,99944,100,100067,100,99913,100,100071,100,99901,100
2019-06-28 09:30:00.000000072,100021,100,99997,100,100028,100,99993,100,100029,100,99982,100,100034,100,99980,100,100036,100,99966,100,100045,200,99964,100,100048,100,99952,100,100060,100,99944,100,100066,100,99913,100,100067,100,99901,100
2019-06-28 09:30:00.000000073,100021,100,100007,100,100028,100,99997,100,100029,100,99993,100,100034,100,99982,100,100036,100,99980,100,100045,200,99966,100,100048,100,99964,100,100060,100,99952,100,100066,100,99944,100,100067,100,99913,100
2019-06-28 09:30:00.000000075,100021,100,100007,100,100028,100,99997,100,100029,100,99993,100,100034,100,99982,100,100036,100,99980,100,100045,200,99966,100,100048,100,99964,100,100060,100,99959,100,100066,100,99952,100,100067,100,99944,100
2019-06-28 09:30:00.000000078,100021,100,99997,100,100028,100,99993,100,100029,100,99982,100,100034,100,99980,100,100036,100,99966,100,100045,200,99964,100,100048,100,99959,100,100060,100,99952,100,100066,100,99944,100,100067,100,99913,100
2019-06-28 09:30:00.000000081,100021,100,99997,100,100028,100,99993,100,100029,100,99982,100,100034,100,99980,100,100036,100,99966,100,100045,200,99964,100,100048,100,99959,100,100060,100,99952,100,100066,100,99944,100,100067,100,99913,100
2019-06-28 09:30:00.000000082,100021,100,99997,100,100028,100,99993,100,100029,100,99982,100,100034,100,99980,100,100036,100,99966,100,100045,200,99964,100,100048,100,99959,100,100060,100,99952,100,100066,100,99944,100,100067,100,99913,100
2019-06-28 09:30:00.000000086,100021,100,99997,100,100028,100,99993,100,100029,100,99982,100,100034,100,99980,100,100036,100,99966,100,100045,200,99964,100,100048,100,99959,100,100060,100,99952,100,100066,100,99944,100,100067,100,99913,100
2019-06-28 09:30:00.000000088,100021,100,99993,100,100028,100,99982,100,100029,100,99980,100,100034,100,99966,100,100036,100,99964,100,100045,200,99959,100,100048,100,99952,100,100060,100,99944,100,100066,100,99913,100,100067,100,99901,100
2019-06-28 09:30:00.000000089,100021,100,99993,100,100028,100,99982,100,100029,100,99980,100,100034,100,99966,100,100036,100,99964,100,100045,200,99959,100,100048,100,99952,100,100060,100,99944,100,100066,100,99913,100,100067,100,99901,100
2019-06-28 09:30:00.000000092,100021,100,99993,100,100028,100,99982,100,100029,100,99980,100,100034,100,99966,100,100036,100,99964,100,100045,200,99959,100,100048,100,99952,100,100060,100,99948,100,100066,100,99944,100,100067,100,99913,100
2019-06-28 09:30:00.000000093,100019,100,99993,100,100021,100,99982,100,100028,100,99980,100,100029,100,99966,100,100034,100,99964,100,100036,100,99959,100,100045,200,99952,100,100048,100,99948,100,100060,100,99944,100,100066,100,99913,100
2019-06-28 09:30:00.000000094,100007,100,99993,100,100019,100,99982,100,100021,100,99980,100,100028,100,99966,100,100029,100,99964,100,100034,100,99959,100,100036,100,99952,100,100045,200,99948,100,100048,100,99944,100,100060,100,99913,100
2019-06-28 09:30:00.000000095,100007,100,99993,100,100019,100,99982,100,100021,100,99980,100,100028,100,99966,100,100029,100,99964,100,100034,100,99959,100,100036,100,99954,100,100045,200,99952,100,100048,100,99948,100,100060,100,99944,100
2019-06-28 09:30:00.000000096,100007,100,99993,100,100019,100,99982,100,100021,100,99980,100,100028,100,99966,100,100029,100,99964,100,100034,100,99959,100,100036,100,99954,100,100045,200,99952,100,100048,100,99948,100,100060,100,99944,100
2019-06-28 09:30:00.000000099,100007,100,99993,100,100019,100,99982,100,100021,100,99980,100,100028,100,99966,100,100029,100,99964,100,100034,100,99959,100,100036,100,99954,100,100045,200,99952,100,100048,100,99948,100,100060,100,99944,100
2019-06-28 09:30:10.000000000,100007,176,99993,176,100019,176,99982,176,100021,176,99980,176,100028,176,99966,176,100029,176,99964,176,100034,100,99959,100,100036,100,99954,100,100045,200,99952,100,100048,100,99948,100,100060,100,99944,100
2019-06-28 09:30:20.000000000,100007,289,99993,289,100019,289,99982,289,100021,100,99980,100,100028,100,99966,100,100029,100,99964,100,100034,100,99959,100,100036,100,99954,100,100045,200,99952,100,100048,100,99948,100,100060,100,99944,100
2019-06-28 09:30:21.432854574,100007,289,99993,289,100019,289,99982,289,100021,100,99980,100,100028,100,99966,100,100029,100,99964,100,100034,100,99959,100,100036,100,99954,100,100045,200,99952,100,100048,100,99948,100,100060,100,99944,100
2019-06-28 09:30:30.000000000,100007,229,99993,229,100019,225,99982,225,100021,225,99980,225,100028,100,99966,100,100029,100,99964,100,100034,100,99959,100,100036,100,99954,100,100045,200,99952,100,100048,100,99948,100,100060,100,99944,100
2019-06-28 09:30:39.232883348,100007,329,99993,229,100019,225,99982,225,100021,225,99980,225,100028,100,99966,100,100029,100,99964,100,100034,100,99959,100,100036,100,99954,100,100045,200,99952,100,100048,100,99948,100,100060,100,99944,100
2019-06-28 09:30:40.000000000,100007,276,99993,176,100019,176,99982,176,100021,176,99980,176,100028,176,99966,176,100029,176,99964,176,100034,100,99959,100,100036,100,99954,100,100045,200,99952,100,100048,100,99948,100,100060,100,99944,100
2019-06-28 09:30:48.557209887,100007,276,99993,76,100019,176,99982,76,100021,176,99980,176,100028,176,99966,176,100029,176,99964,176,100034,100,99959,100,100036,100,99954,100,100045,200,99952,100,100048,100,99948,100,100060,100,99944,100
2019-06-28 09:30:50.000000000,100007,276,99980,176,100019,176,99966,176,100021,176,99964,176,100028,176,99959,176,100029,176,99954,176,100034,100,99952,100,100036,100,99948,100,100045,200,99944,100,100048,100,99913,100,100060,100,99901,100
2019-06-28 09:30:55.205138117,100007,176,99993,100,100019,176,99980,176,100021,176,99966,176,100028,176,99964,176,100029,176,99959,176,100034,100,99954,176,100036,100,99952,100,100045,200,99948,100,100048,100,99944,100,100060,100,99913,100
2019-06-28 09:30:56.982824257,100007,176,99993,100,100019,176,99980,176,100021,176,99966,176,100028,176,99964,76,100029,176,99959,176,100034,100,99954,176,100036,100,99952,100,100045,200,99948,100,100048,100,99944,100,100060,100,99913,100
2019-06-28 09:31:00.000000000,100007,229,99993,229,100019,225,99980,225,100021,225,99966,225,100028,100,99959,100,100029,100,99954,100,100034,100,99952,100,100036,100,99948,100,100045,200,99944,100,100048,100,99913,100,100060,100,99901,100
2019-06-28 09:31:10.000000000,100007,176,99993,176,100019,176,99980,176,100021,176,99966,176,100028,176,99959,176,100029,176,99954,176,100034,100,99952,100,100036,100,99948,100,100045,200,99944,100,100048,100,99913,100,100060,100,99901,100
2019-06-28 09:31:10.053960357,100007,176,99993,176,100019,176,99980,176,100021,176,99966,176,100028,176,99959,176,100029,176,99954,176,100034,100,99952,100,100036,100,99948,100,100045,200,99944,100,100048,100,99913,100,100060,100,99901,100
2019-06-28 09:31:20.000000000,100007,176,99993,176,100019,176,99980,176,100021,176,99966,176,100028,176,99959,176,100029,176,99954,176,100034,100,99952,100,100036,100,99948,100,100045,200,99944,100,100048,100,99913,100,100060,100,99901,100
2019-06-28 09:31:30.000000000,100007,289,99993,289,100019,289,99980,289,100021,100,99966,100,100028,100,99959,100,100029,100,99954,100,100034,100,99952,100,100036,100,99948,100,100045,200,99944,100,100048,100,99913,100,100060,100,99901,100
2019-06-28 09:31:40.000000000,100007,229,99993,229,100019,225,99980,225,100021,225,99966,225,100028,100,99959,100,100029,100,99954,100,100034,100,99952,100,100036,100,99948,100,100045,200,99944,100,100048,100,99913,100,100060,100,99901,100
2019-06-28 09:31:50.000000000,100007,478,99993,478,100019,100,99980,100,100021,100,99966,100,100028,100,99959,100,100029,100,99954,100,100034,100,99952,100,100036,100,99948,100,100045,200,99944,100,100048,100,99913,100,100060,100,99901,100
2019-06-28 09:32:00.000000000,100007,194,99993,194,100019,194,99980,194,100021,194,99966,194,100028,194,99959,194,100029,100,99954,100,100034,100,99952,100,100036,100,99948,100,100045,200,99944,100,100048,100,99913,100,100060,100,99901,100
2019-06-28 09:32:10.000000000,100007,229,99993,229,100019,225,99980,225,100021,225,99966,225,100028,100,99959,100,100029,100,99954,100,100034,100,99952,100,100036,100,99948,100,100045,200,99944,100,100048,100,99913,100,100060,100,99901,100
2019-06-28 09:32:20.000000000,100007,176,99993,176,100019,176,99980,176,100021,176,99966,176,100028,176,99959,176,100029,176,99954,176,100034,100,99952,100,100036,100,99948,100,100045,200,99944,100,100048,100,99913,100,100060,100,99901,100
2019-06-28 09:32:27.369239354,100007,76,99993,176,100019,176,99980,176,100021,176,99966,176,100028,176,99959,176,100029,176,99954,176,100034,100,99952,100,100036,100,99948,100,100045,200,99944,100,100048,100,99913,100,100060,100,99901,100
2019-06-28 09:32:30.000000000,100019,478,99993,478,100021,100,99980,100,100028,100,99966,100,100029,100,99959,100,100034,100,99954,100,100036,100,99952,100,100045,200,99948,100,100048,100,99944,100,100060,100,99913,100,100066,100,99901,100
2019-06-28 09:32:32.555294350,100019,478,99993,478,100021,100,99980,100,100028,100,99966,100,100029,100,99959,100,100034,100,99954,100,100036,100,99952,100,100045,200,99948,100,100048,100,99944,100,100060,100,99913,100,100066,100,99901,100
2019-06-28 09:32:40.000000000,100019,194,99993,194,100021,194,99980,194,100028,194,99966,194,100029,194,99959,194,100034,100,99954,100,100036,100,99952,100,100045,200,99948,100,100048,100,99944,100,100060,100,99913,100,100066,100,99901,100
2019-06-28 09:32:47.035015077,100019,194,99994,100,100021,194,99993,94,100028,194,99980,194,100029,194,99966,194,100034,100,99959,194,100036,100,99954,100,100045,200,99952,100,100048,100,99948,100,100060,100,99944,100,100066,100,99913,100
2019-06-28 09:32:50.000000000,100019,194,99994,194,100021,194,99980,194,100028,194,99966,194,100029,194,99959,194,100034,100,99954,100,100036,100,99952,100,100045,200,99948,100,100048,100,99944,100,100060,100,99913,100,100066,100,99901,100
2019-06-28 09:33:00.000000000,100019,229,99994,229,100021,225,99980,225,100028,225,99966,225,100029,100,99959,100,100034,100,99954,100,100036,100,99952,100,100045,200,99948,100,100048,100,99944,100,100060,100,99913,100,100066,100,99901,100
2019-06-28 09:33:10.000000000,100019,176,99994,176,100021,176,99980,176,100028,176,99966,176,100029,176,99959,176,100034,176,99954,176,100036,100,99952,100,100045,200,99948,100,100048,100,99944,100,100060,100,99913,100,100066,100,99901,100
2019-06-28 09:33:20.000000000,100019,478,99994,478,100021,100,99980,100,100028,100,99966,100,100029,100,99959,100,100034,100,99954,100,100036,100,99952,100,100045,200,99948,100,100048,100,99944,100,100060,100,99913,100,100066,100,99901,100
2019-06-28 09:33:30.000000000,100019,229,99994,229,100021,225,99980,225,100028,225,99966,225,100029,100,99959,100,100034,100,99954,100,100036,100,99952,100,100045,200,99948,100,100048,100,99944,100,100060,100,99913,100,100066,100,99901,100
2019-06-28 09:33:37.299001051,100019,229,99994,229,100021,225,99980,225,100028,225,99966,225,100029,100,99959,100,100034,100,99954,100,100036,100,99952,100,100045,200,99948,100,100048,100,99944,100,100060,100,99913,100,100066,100,99901,100
2019-06-28 09:33:40.000000000,100019,229,99994,229,100021,225,99980,225,100028,225,99966,225,100029,100,99959,100,100034,100,99954,100,100036,100,99952,100,100045,200,99948,100,100048,100,99944,100,100060,100,99913,100,100066,100,99901,100
2019-06-28 09:33:50.000000000,100019,289,99994,289,100021,289,99980,289,100028,100,99966,100,100029,100,99959,100,100034,100,99954,100,100036,100,99952,100,100045,200,99948,100,100048,100,99944,100,100060,100,99913,100,100066,100,99901,100
2019-06-28 09:34:00.000000000,100019,229,99994,229,100021,225,99980,225,100028,225,99966,225,100029,100,99959,100,100034,100,99954,100,100036,100,99952,100,100045,200,99948,100,100048,100,99944,100,100060,100,99913,100,100066,100,99901,100
2019-06-28 09:34:00.701974630,100019,229,99994,229,100021,225,99980,225,100028,225,99966,225,100029,100,99959,100,100034,100,99954,100,100036,100,99952,100,100045,200,99948,100,100048,100,99944,100,100060,100,99913,100,100066,100,99901,100
2019-06-28 09:34:00.717861008,100019,129,99994,229,100021,225,99980,225,100028,225,99966,225,100029,100,99959,100,100034,100,99954,100,100036,100,99952,100,100045,200,99948,100,100048,100,99944,100,100060,100,99913,100,100066,100,99901,100
2019-06-28 09:34:10.000000000,100021,478,99994,478,100028,100,99980,100,100029,100,99966,100,100034,100,99959,100,100036,100,99954,100,100045,200,99952,100,100048,100,99948,100,100060,100,99944,100,100066,100,99913,100,100067,100,99901,100
2019-06-28 09:34:11.890632635,100021,478,99994,478,100028,100,99980,100,100029,100,99966,100,100034,100,99959,100,100036,100,99954,100,100045,200,99952,100,100048,100,99948,100,100060,100,99944,100,100066,100,99913,100,100067,100,99901,100
2019-06-28 09:34:18.262533966,100021,478,99994,478,100028,100,99966,100,100029,100,99959,100,100034,100,99954,100,100036,100,99952,100,100045,200,99948,100,100048,100,99944,100,100060,100,99913,100,100066,100,99901,100,100067,100,99897,100
2019-06-28 09:34:20.000000000,100021,194,99994,194,100028,194,99966,194,100029,194,99959,194,100034,194,99954,194,100036,100,99952,100,100045,200,99948,100,100048,100,99944,100,100060,100,99913,100,100066,100,99901,100,100067,100,99897,100
2019-06-28 09:34:27.971403503,100021,194,100007,100,100028,194,99994,194,100029,194,99966,194,100034,194,99959,194,100036,100,99954,194,100045,200,99952,100,100048,100,99948,100,100060,100,99944,100,100066,100,99901,100,100067,100,99897,100
2019-06-28 09:34:30.000000000,100021,194,100007,194,100028,194,99994,194,100029,194,99966,194,100034,194,99959,194,100036,100,99954,100,100045,200,99952,100,100048,100,99948,100,100060,100,99944,100,100066,100,99901,100,100067,100,99897,100
2019-06-28 09:34:38.384564831,100021,94,100007,194,100028,194,99994,194,100029,194,99966,194,100034,194,99959,194,100036,100,99954,100,100045,200,99952,100,100048,100,99948,100,100060,100,99944,100,100066,100,99901,100,100067,100,99897,100
2019-06-28 09:34:39.324614336,100028,194,100021,6,100029,194,100007,194,100034,194,99994,194,100036,100,99966,194,100045,200,99959,194,100048,100,99954,100,100060,100,99952,100,100066,100,99948,100,100067,100,99944,100,100071,100,99901,100
2019-06-28 09:34:40.000000000,100028,478,100021,384,100029,100,100007,100,100034,100,99994,100,100036,100,99966,100,100045,200,99959,100,100048,100,99954,100,100060,100,99952,100,100066,100,99948,100,100067,100,99944,100,100071,100,99901,100
2019-06-28 09:34:48.428452305,100028,478,100021,384,100029,100,100007,100,100034,100,99994,100,100036,100,99966,100,100045,200,99959,100,100048,100,99954,100,100066,100,99952,100,100067,100,99948,100,100071,100,99944,100,100073,100,99901,100
2019-06-28 09:34:50.000000000,100028,289,100021,195,100029,289,100007,289,100034,100,99994,100,100036,100,99966,100,100045,200,99959,100,100048,100,99954,100,100066,100,99952,100,100067,100,99948,100,100071,100,99944,100,100073,100,99901,100
2019-06-28 09:35:00.000000000,100028,289,100021,195,100029,289,100007,289,100034,100,99994,100,100036,100,99966,100,100045,200,99959,100,100048,100,99954,100,100066,100,99952,100,100067,100,99948,100,100071,100,99944,100,100073,100,99901,100
2019-06-28 09:35:10.000000000,100028,176,100021,82,100029,176,100007,176,100034,176,99994,176,100036,176,99966,176,100045,276,99959,176,100048,100,99954,100,100066,100,99952,100,100067,100,99948,100,100071,100,99944,100,100073,100,99901,100
2019-06-28 09:35:20.000000000,100028,176,100021,82,100029,176,100007,176,100034,176,99994,176,100036,176,99966,176,100045,276,99959,176,100048,100,99954,100,100066,100,99952,100,100067,100,99948,100,100071,100,99944,100,100073,100,99901,100
2019-06-28 09:35:23.740735664,100028,76,100021,82,100029,176,100007,176,100034,176,99994,176,100036,176,99966,176,100045,176,99959,176,100048,100,99954,100,100066,100,99952,100,100067,100,99948,100,100071,100,99944,100,100073,100,99901,100
2019-06-28 09:35:30.000000000,100029,289,100021,195,100034,289,100007,289,100036,100,99994,100,100045,100,99966,100,100048,100,99959,100,100066,100,99954,100,100067,100,99952,100,100071,100,99948,100,100073,100,99944,100,100075,100,99901,100
2019-06-28 09:35:35.790369635,100029,289,100021,195,100034,289,100007,289,100036,100,99994,100,100045,100,99966,100,100048,100,99959,100,100066,100,99954,100,100067,100,99952,100,100071,100,99948,100,100073,100,99944,100,100075,100,99901,100
2019-06-28 09:35:40.000000000,100029,289,100021,195,100034,289,100007,289,100036,100,99994,100,100045,100,99966,100,100048,100,99959,100,100066,100,99954,100,100067,100,99952,100,100071,100,99948,100,100073,100,99944,100,100075,100,99901,100
2019-06-28 09:35:42.271880582,100029,289,100021,195,100034,289,100007,289,100036,100,99994,100,100045,100,99966,100,100048,100,99959,100,100066,100,99954,100,100067,100,99952,100,100071,100,99948,100,100073,100,99944,100,100075,100,99901,100
2019-06-28 09:35:50.000000000,100029,478,100021,384,100034,100,100007,100,100036,100,99994,100,100045,100,99966,100,100048,100,99959,100,100066,100,99954,100,100067,100,99952,100,100071,100,99948,100,100073,100,99944,100,100075,100,99901,100
2019-06-28 09:36:00.000000000,100029,194,100021,100,100034,194,100007,194,100036,194,99994,194,100045,194,99966,194,100048,100,99959,100,100066,100,99954,100,100067,100,99952,100,100071,100,99948,100,100073,100,99944,100,100075,100,99901,100
2019-06-28 09:36:10.000000000,100029,176,100021,82,100034,176,100007,176,100036,176,99994,176,100045,176,99966,176,100048,176,99959,176,100066,100,99954,100,100067,100,99952,100,100071,100,99948,100,100073,100,99944,100,100075,100,99901,100
2019-06-28 09:36:12.391348570,100029,176,100022,100,100034,176,100021,82,100036,176,100007,176,100045,176,99994,176,100048,176,99966,176,100066,100,99959,176,100067,100,99954,100,100071,100,99952,100,100073,100,99948,100,100075,100,99944,100
2019-06-28 09:36:20.000000000,100029,176,100022,176,100034,176,100021,82,100036,176,100007,176,100045,176,99994,176,100048,176,99966,176,100066,100,99959,100,100067,100,99954,100,100071,100,99952,100,100073,100,99948,100,100075,100,99944,100
2019-06-28 09:36:27.995223273,100029,76,100022,176,100034,176,100021,82,100036,176,100007,176,100045,176,99994,176,100048,176,99966,176,100066,100,99959,100,100067,100,99954,100,100071,100,99952,100,100073,100,99948,100,100075,100,99944,100
2019-06-28 09:36:30.000000000,100034,229,100022,229,100036,225,100021,131,100045,225,100007,225,100048,100,99994,100,100066,100,99966,100,100067,100,99959,100,100071,100,99954,100,100073,100,99952,100,100075,100,99948,100,100084,100,99944,100
2019-06-28 09:36:36.866954158,100034,229,100022,229,100036,225,100021,131,100045,225,100007,225,100048,100,99994,100,100066,100,99966,100,100067,100,99959,100,100071,100,99952,100,100073,100,99948,100,100075,100,99944,100,100084,100,99901,100
2019-06-28 09:36:40.000000000,100034,289,100022,289,100036,289,100021,195,100045,100,100007,100,100048,100,99994,100,100066,100,99966,100,100067,100,99959,100,100071,100,99952,100,100073,100,99948,100,100075,100,99944,100,100084,100,99901,100
2019-06-28 09:36:50.000000000,100034,289,100022,289,100036,289,100021,195,100045,100,100007,100,100048,100,99994,100,100066,100,99966,100,100067,100,99959,100,100071,100,99952,100,100073,100,99948,100,100075,100,99944,100,100084,100,99901,100
2019-06-28 09:37:00.000000000,100034,229,100022,229,100036,225,100021,131,100045,225,100007,225,100048,100,99994,100,100066,100,99966,100,100067,100,99959,100,100071,100,99952,100,100073,100,99948,100,100075,100,99944,100,100084,100,99901,100
2019-06-28 09:37:10.000000000,100034,194,100022,194,100036,194,100021,100,100045,194,100007,194,100048,194,99994,194,100066,100,99966,100,100067,100,99959,100,100071,100,99952,100,100073,100,99948,100,100075,100,99944,100,100084,100,99901,100
2019-06-28 09:37:20.000000000,100034,478,100022,478,100036,100,100021,6,100045,100,100007,100,100048,100,99994,100,100066,100,99966,100,100067,100,99959,100,100071,100,99952,100,100073,100,99948,100,100075,100,99944,100,100084,100,99901,100
2019-06-28 09:37:26.450785232,100034,478,100022,378,100036,100,100021,6,100045,100,100007,100,100048,100,99994,100,100066,100,99966,100,100071,100,99959,100,100073,100,99952,100,100075,100,99948,100,100084,100,99944,100,100089,200,99901,100
2019-06-28 09:37:30.000000000,100034,478,100021,384,100036,100,100007,100,100045,100,99994,100,100048,100,99966,100,100066,100,99959,100,100071,100,99952,100,100073,100,99948,100,100075,100,99944,100,100084,100,99901,100,100089,200,99897,100
2019-06-28 09:37:31.379080653,100028,100,100021,384,100034,478,100007,100,100036,100,99994,100,100045,100,99966,100,100048,100,99959,100,100066,100,99952,100,100071,100,99948,100,100073,100,99944,100,100075,100,99901,100,100084,100,99897,100
2019-06-28 09:37:33.709086881,100028,100,100021,384,100034,478,100007,100,100036,100,99994,100,100045,100,99966,100,100048,100,99959,100,100066,100,99952,100,100071,100,99948,100,100073,100,99944,100,100075,100,99901,100,100084,100,99897,100
2019-06-28 09:37:40.000000000,100028,176,100021,82,100034,176,100007,176,100036,176,99994,176,100045,176,99966,176,100048,176,99959,176,100066,100,99952,100,100071,100,99948,100,100073,100,99944,100,100075,100,99901,100,100084,100,99897,100
2019-06-28 09:37:50.000000000,100028,229,100021,135,100034,225,100007,225,100036,225,99994,225,100045,100,99966,100,100048,100,99959,100,100066,100,99952,100,100071,100,99948,100,100073,100,99944,100,100075,100,99901,100,100084,100,99897,100
2019-06-28 09:37:50.153293725,100028,129,100021,135,100034,225,100007,225,100036,225,99994,225,100045,100,99966,100,100048,100,99959,100,100066,100,99952,100,100071,100,99948,100,100073,100,99944,100,100075,100,99901,100,100084,100,99897,100
2019-06-28 09:37:53.501134024,100028,129,100021,135,100034,225,100007,225,100036,225,99994,225,100045,100,99966,100,100048,100,99959,100,100066,100,99952,100,100071,100,99948,100,100073,100,99944,100,100075,100,99901,100,100084,100,99897,100
2019-06-28 09:37:55.891499947,100028,129,100023,100,100034,225,100021,135,100036,225,100007,225,100045,100,99994,125,100048,100,99966,100,100066,100,99959,100,100071,100,99952,100,100073,100,99948,100,100075,100,99944,100,100084,100,99901,100
2019-06-28 09:38:00.000000000,100034,289,100023,289,100036,289,100021,195,100045,100,100007,100,100048,100,99966,100,100066,100,99959,100,100071,100,99952,100,100073,100,99948,100,100075,100,99944,100,100084,100,99901,100,100089,200,99897,100
2019-06-28 09:38:07.483457946,100034,189,100023,289,100036,289,100021,195,100045,100,100007,100,100048,100,99966,100,100066,100,99959,100,100071,100,99952,100,100073,100,99948,100,100075,100,99944,100,100084,100,99901,100,100089,200,99897,100
2019-06-28 09:38:10.000000000,100036,176,100023,176,100045,176,100021,82,100048,176,100007,176,100066,176,99966,176,100071,176,99959,176,100073,100,99952,100,100075,100,99948,100,100084,100,99944,100,100089,200,99901,100,100091,100,99897,100
2019-06-28 09:38:12.241591616,100036,76,100023,176,100045,176,100021,82,100048,176,100007,176,100066,176,99966,176,100071,176,99959,176,100073,100,99952,100,100075,100,99948,100,100084,100,99944,100,100089,200,99901,100,100091,100,99897,100
2019-06-28 09:38:20.000000000,100045,289,100023,289,100048,289,100021,195,100066,100,100007,100,100071,100,99966,100,100073,100,99959,100,100075,100,99952,100,100084,100,99948,100,100089,200,99944,100,100091,100,99901,100,100117,100,99897,100
2019-06-28 09:38:30.000000000,100045,176,100023,176,100048,176,100021,82,100066,176,100007,176,100071,176,99966,176,100073,176,99959,176,100075,100,99952,100,100084,100,99948,100,100089,200,99944,100,100091,100,99901,100,100117,100,99897,100
2019-06-28 09:38:40.000000000,100045,229,100023,229,100048,225,100021,131,100066,225,100007,225,100071,100,99966,100,100073,100,99959,100,100075,100,99952,100,100084,100,99948,100,100089,200,99944,100,100091,100,99901,100,100117,100,99897,100
2019-06-28 09:38:49.293645894,100045,229,100034,100,100048,225,100023,229,100066,225,100021,131,100071,100,100007,225,100073,100,99966,100,100075,100,99959,100,100084,100,99952,100,100089,200,99948,100,100091,100,99944,100,100117,100,99901,100
2019-06-28 09:38:49.506896371,100045,129,100034,100,100048,225,100023,229,100066,225,100021,131,100071,100,100007,225,100073,100,99966,100,100075,100,99959,100,100084,100,99952,100,100089,200,99948,100,100091,100,99944,100,100117,100,99901,100
2019-06-28 09:38:50.000000000,100048,176,100034,176,100066,176,100023,176,100071,176,100021,82,100073,176,100007,176,100075,176,99966,176,100084,100,99959,100,100089,200,99952,100,100091,100,99948,100,100117,100,99944,100,100136,200,99901,100
2019-06-28 09:38:57.812960333,100048,176,100034,176,100066,176,100023,176,100071,176,100021,82,100073,176,100007,176,100075,176,99966,176,100084,100,99959,100,100089,200,99952,100,100091,100,99948,100,100117,100,99944,100,100136,200,99901,100
2019-06-28 09:39:00.000000000,100048,478,100034,478,100066,100,100023,100,100071,100,100021,6,100073,100,100007,100,100075,100,99966,100,100084,100,99959,100,100089,200,99952,100,100091,100,99948,100,100117,100,99944,100,100136,200,99901,100
2019-06-28 09:39:10.000000000,100048,478,100034,478,100066,100,100023,100,100071,100,100021,6,100073,100,100007,100,100075,100,99966,100,100084,100,99959,100,100089,200,99952,100,100091,100,99948,100,100117,100,99944,100,100136,200,99901,100
2019-06-28 09:39:15.370288000,100048,378,100034,478,100066,100,100023,100,100071,100,100021,6,100073,100,100007,100,100075,100,99966,100,100084,100,99959,100,100089,200,99952,100,100091,100,99948,100,100117,100,99944,100,100136,200,99901,100
2019-06-28 09:39:19.206280741,100048,378,100045,100,100066,100,100034,478,100071,100,100023,100,100073,100,100021,6,100075,100,100007,100,100084,100,99966,100,100089,200,99959,100,100091,100,99952,100,100117,100,99948,100,100136,200,99944,100
2019-06-28 09:39:19.592839885,100048,378,100045,200,100066,100,100034,478,100071,100,100023,100,100073,100,100021,6,100075,100,100007,100,100084,100,99966,100,100089,200,99959,100,100091,100,99952,100,100117,100,99948,100,100136,200,99944,100
2019-06-28 09:39:20.000000000,100066,289,100045,389,100071,289,100034,289,100073,100,100023,100,100075,100,100021,6,100084,100,100007,100,100089,200,99966,100,100091,100,99959,100,100117,100,99952,100,100136,200,99948,100,100150,100,99944,100
2019-06-28 09:39:30.000000000,100066,289,100045,389,100071,289,100034,289,100073,100,100023,100,100075,100,100021,6,100084,100,100007,100,100089,200,99966,100,100091,100,99959,100,100117,100,99952,100,100136,200,99948,100,100150,100,99944,100
2019-06-28 09:39:40.000000000,100066,289,100045,389,100071,289,100034,289,100073,100,100023,100,100075,100,100021,6,100084,100,100007,100,100089,200,99966,100,100091,100,99959,100,100117,100,99952,100,100136,200,99948,100,100150,100,99944,100
2019-06-28 09:39:50.000000000,100066,194,100045,294,100071,194,100034,194,100073,194,100023,194,100075,194,100021,100,100084,100,100007,100,100089,200,99966,100,100091,100,99959,100,100117,100,99952,100,100136,200,99948,100,100150,100,99944,100
2019-06-28 09:39:57.663831243,100066,194,100045,294,100071,194,100034,194,100073,194,100023,194,100075,194,100021,100,100084,100,100007,100,100089,200,99966,100,100091,100,99959,100,100117,100,99952,100,100136,200,99948,100,100150,100,99944,100
2019-06-28 09:40:00.000000000,100066,289,100045,389,100071,289,100034,289,100073,100,100023,100,100075,100,100021,6,100084,100,100007,100,100089,200,99966,100,100091,100,99959,100,100117,100,99952,100,100136,200,99948,100,100150,100,99944,100
2019-06-28 09:40:09.785581078,100066,289,100045,489,100071,289,100034,289,100073,100,100023,100,100075,100,100021,6,100084,100,100007,100,100089,200,99966,100,100091,100,99959,100,100117,100,99952,100,100136,200,99948,100,100150,100,99944,100
2019-06-28 09:40:10.000000000,100066,176,100045,376,100071,176,100034,176,100073,176,100023,176,100075,176,100021,82,100084,176,100007,176,100089,200,99966,100,100091,100,99959,100,100117,100,99952,100,100136,200,99948,100,100150,100,99944,100
2019-06-28 09:40:20.000000000,100066,478,100045,678,100071,100,100034,100,100073,100,100023,100,100075,100,100021,6,100084,100,100007,100,100089,200,99966,100,100091,100,99959,100,100117,100,99952,100,100136,200,99948,100,100150,100,99944,100
2019-06-28 09:40:25.324456648,100066,478,100045,678,100071,100,100034,100,100073,100,100023,100,100075,100,100021,6,100084,100,100007,100,100089,200,99966,100,100091,100,99959,100,100117,100,99952,100,100136,100,99948,100,100150,100,99944,100
2019-06-28 09:40:30.000000000,100066,289,100045,489,100071,289,100034,289,100073,100,100023,100,100075,100,100021,6,100084,100,100007,100,100089,200,99966,100,100091,100,99959,100,100117,100,99952,100,100136,100,99948,100,100150,100,99944,100
2019-06-28 09:40:32.451656521,100066,189,100045,489,100071,289,100034,289,100073,100,100023,100,100075,100,100021,6,100084,100,100007,100,100089,100,99966,100,100091,100,99959,100,100117,100,99952,100,100136,100,99948,100,100150,100,99944,100
2019-06-28 09:40:39.761056745,100066,89,100045,489,100071,289,100034,289,100073,100,100023,100,100075,100,100007,100,100084,100,99966,100,100089,100,99959,100,100091,100,99952,100,100117,100,99948,100,100136,100,99944,100,100150,100,99901,100
2019-06-28 09:40:40.000000000,100071,176,100045,376,100073,176,100034,176,100075,176,100023,176,100084,176,100007,176,100089,176,99966,176,100091,100,99959,100,100117,100,99952,100,100136,100,99948,100,100150,100,99944,100,100151,100,99901,100
2019-06-28 09:40:50.000000000,100071,478,100045,678,100073,100,100034,100,100075,100,100023,100,100084,100,100007,100,100089,100,99966,100,100091,100,99959,100,100117,100,99952,100,100136,100,99948,100,100150,100,99944,100,100151,100,99901,100
2019-06-28 09:40:57.691385429,100071,378,100045,678,100073,100,100034,100,100075,100,100023,100,100084,100,100007,100,100089,100,99966,100,100091,100,99959,100,100117,100,99952,100,100136,100,99948,100,100150,100,99944,100,100151,100,99901,100
2019-06-28 09:41:00.000000000,100073,194,100045,394,100075,194,100034,194,100084,194,100023,194,100089,194,100007,194,100091,100,99966,100,100117,100,99959,100,100136,100,99952,100,100150,100,99948,100,100151,100,99944,100,100182,100,99901,100
2019-06-28 09:41:10.000000000,100073,478,100045,678,100075,100,100034,100,100084,100,100023,100,100089,100,100007,100,100091,100,99966,100,100117,100,99959,100,100136,100,99952,100,100150,100,99948,100,100151,100,99944,100,100182,100,99901,100
2019-06-28 09:41:20.000000000,100073,194,100045,394,100075,194,100034,194,100084,194,100023,194,100089,194,100007,194,100091,100,99966,100,100117,100,99959,100,100136,100,99952,100,100150,100,99948,100,100151,100,99944,100,100182,100,99901,100
2019-06-28 09:41:30.000000000,100073,289,100045,489,100075,289,100034,289,100084,100,100023,100,100089,100,100007,100,100091,100,99966,100,100117,100,99959,100,100136,100,99952,100,100150,100,99948,100,100151,100,99944,100,100182,100,99901,100
2019-06-28 09:41:39.258659190,100073,289,100045,489,100075,289,100034,289,100084,100,100023,100,100089,100,100007,100,100091,100,99966,100,100117,100,99959,100,100136,100,99952,100,100150,100,99948,100,100151,100,99901,100,100182,100,99897,100
2019-06-28 09:41:40.000000000,100073,478,100045,678,100075,100,100034,100,100084,100,100023,100,100089,100,100007,100,100091,100,99966,100,100117,100,99959,100,100136,100,99952,100,100150,100,99948,100,100151,100,99901,100,100182,100,99897,100
2019-06-28 09:41:50.000000000,100073,478,100045,678,100075,100,100034,100,100084,100,100023,100,100089,100,100007,100,100091,100,99966,100,100117,100,99959,100,100136,100,99952,100,100150,100,99948,100,100151,100,99901,100,100182,100,99897,100
2019-06-28 09:42:00.000000000,100073,229,100045,429,100075,225,100034,225,100084,225,100023,225,100089,100,100007,100,100091,100,99966,100,100117,100,99959,100,100136,100,99952,100,100150,100,99948,100,100151,100,99901,100,100182,100,99897,100
2019-06-28 09:42:10.000000000,100073,229,100045,429,100075,225,100034,225,100084,225,100023,225,100089,100,100007,100,100091,100,99966,100,100117,100,99959,100,100136,100,99952,100,100150,100,99948,100,100151,100,99901,100,100182,100,99897,100
2019-06-28 09:42:14.612445514,100073,229,100045,429,100075,225,100034,225,100084,225,100023,225,100089,100,100007,100,100091,100,99966,100,100117,100,99959,100,100136,100,99952,100,100150,100,99948,100,100151,100,99901,100,100182,100,99897,100
2019-06-28 09:42:20.000000000,100073,289,100045,489,100075,289,100034,289,100084,100,100023,100,100089,100,100007,100,100091,100,99966,100,100117,100,99959,100,100136,100,99952,100,100150,100,99948,100,100151,100,99901,100,100182,100,99897,100
2019-06-28 09:42:30.000000000,100073,176,100045,376,100075,176,100034,176,100084,176,100023,176,100089,176,100007,176,100091,176,99966,176,100117,100,99959,100,100136,100,99952,100,100150,100,99948,100,100151,100,99901,100,100182,100,99897,100
2019-06-28 09:42:35.358402862,100073,176,100045,376,100075,176,100034,76,100084,176,100023,176,100089,176,100007,176,100091,176,99966,176,100117,100,99959,100,100136,100,99952,100,100150,100,99948,100,100151,100,99901,100,100182,100,99897,100
2019-06-28 09:42:40.000000000,100073,194,100045,394,100075,194,100023,194,100084,194,100007,194,100089,194,99966,194,100091,100,99959,100,100117,100,99952,100,100136,100,99948,100,100150,100,99901,100,100151,100,99897,100,100182,100,99895,100
2019-06-28 09:42:50.000000000,100073,478,100045,678,100075,100,100023,100,100084,100,100007,100,100089,100,99966,100,100091,100,99959,100,100117,100,99952,100,100136,100,99948,100,100150,100,99901,100,100151,100,99897,100,100182,100,99895,100
2019-06-28 09:43:00.000000000,100073,229,100045,429,100075,225,100023,225,100084,225,100007,225,100089,100,99966,100,100091,100,99959,100,100117,100,99952,100,100136,100,99948,100,100150,100,99901,100,100151,100,99897,100,100182,100,99895,100
2019-06-28 09:43:10.000000000,100073,194,100045,394,100075,194,100023,194,100084,194,100007,194,100089,194,99966,194,100091,100,99959,100,100117,100,99952,100,100136,100,99948,100,100150,100,99901,100,100151,100,99897,100,100182,100,99895,100
2019-06-28 09:43:15.340682503,100073,194,100045,294,100075,194,100023,194,100084,194,100007,194,100089,194,99966,194,100091,100,99959,100,100117,100,99952,100,100136,100,99948,100,100150,100,99901,100,100151,100,99897,100,100182,100,99895,100
2019-06-28 09:43:20.000000000,100073,194,100045,294,100075,194,100023,194,100084,194,100007,194,100089,194,99966,194,100091,100,99959,100,100117,100,99952,100,100136,100,99948,100,100150,100,99901,100,100151,100,99897,100,100182,100,99895,100
2019-06-28 09:43:30.000000000,100073,289,100045,389,100075,289,100023,289,100084,100,100007,100,100089,100,99966,100,100091,100,99959,100,100117,100,99952,100,100136,100,99948,100,100150,100,99901,100,100151,100,99897,100,100182,100,99895,100
2019-06-28 09:43:40.000000000,100073,176,100045,276,100075,176,100023,176,100084,176,100007,176,100089,176,99966,176,100091,176,99959,176,100117,100,99952,100,100136,100,99948,100,100150,100,99901,100,100151,100,99897,100,100182,100,99895,100
2019-06-28 09:43:50.000000000,100073,194,100045,294,100075,194,100023,194,100084,194,100007,194,100089,194,99966,194,100091,100,99959,100,100117,100,99952,100,100136,100,99948,100,100150,100,99901,100,100151,100,99897,100,100182,100,99895,100
2019-06-28 09:44:00.000000000,100073,229,100045,329,100075,225,100023,225,100084,225,100007,225,100089,100,99966,100,100091,100,99959,100,100117,100,99952,100,100136,100,99948,100,100150,100,99901,100,100151,100,99897,100,100182,100,99895,100
2019-06-28 09:44:10.000000000,100073,176,100045,276,100075,176,100023,176,100084,176,100007,176,100089,176,99966,176,100091,176,99959,176,100117,100,99952,100,100136,100,99948,100,100150,100,99901,100,100151,100,99897,100,100182,100,99895,100
2019-06-28 09:44:20.000000000,100073,176,100045,276,100075,176,100023,176,100084,176,100007,176,100089,176,99966,176,100091,176,99959,176,100117,100,99952,100,100136,100,99948,100,100150,100,99901,100,100151,100,99897,100,100182,100,99895,100
2019-06-28 09:44:20.600934866,100073,176,100045,276,100075,176,100023,176,100084,176,100007,176,100089,176,99966,176,100091,176,99959,176,100117,100,99952,100,100136,100,99948,100,100150,100,99901,100,100151,100,99897,100,100182,100,99895,100
2019-06-28 09:44:24.159071819,100073,76,100045,276,100075,176,100023,176,100084,176,100007,176,100089,176,99966,176,100091,176,99959,176,100117,100,99952,100,100136,100,99948,100,100150,100,99901,100,100151,100,99897,100,100182,100,99895,100
2019-06-28 09:44:30.000000000,100075,176,100045,276,100084,176,100023,176,100089,176,100007,176,100091,176,99966,176,100117,176,99959,176,100136,100,99952,100,100150,100,99948,100,100151,100,99901,100,100182,100,99897,100,100313,100,99895,100
2019-06-28 09:44:40.000000000,100075,194,100045,294,100084,194,100023,194,100089,194,100007,194,100091,194,99966,194,100117,100,99959,100,100136,100,99952,100,100150,100,99948,100,100151,100,99901,100,100182,100,99897,100,100313,100,99895,100
2019-06-28 09:44:48.804494428,100075,94,100045,294,100084,194,100023,194,100089,194,100007,194,100091,194,99966,194,100117,100,99959,100,100136,100,99952,100,100150,100,99948,100,100151,100,99901,100,100182,100,99897,100,100313,100,99895,100
2019-06-28 09:44:50.000000000,100084,478,100045,578,100089,100,100023,100,100091,100,100007,100,100117,100,99966,100,100136,100,99959,100,100150,100,99952,100,100151,100,99948,100,100182,100,99901,100,100313,100,99897,100,100380,100,99895,100
2019-06-28 09:44:54.359468374,100084,478,100045,578,100089,100,100023,100,100091,100,100007,100,100117,100,99966,100,100136,100,99959,100,100150,100,99952,100,100151,100,99948,100,100182,100,99901,100,100313,100,99897,100,100380,100,99895,100
2019-06-28 09:45:00.000000000,100084,229,100045,329,100089,225,100023,225,100091,225,100007,225,100117,100,99966,100,100136,100,99959,100,100150,100,99952,100,100151,100,99948,100,100182,100,99901,100,100313,100,99897,100,100380,100,99895,100
2019-06-28 09:45:00.886500128,100084,229,100045,329,100089,225,100023,225,100091,225,100007,225,100136,100,99966,100,100150,100,99959,100,100151,100,99952,100,100182,100,99948,100,100313,100,99901,100,100380,100,99897,100,100438,100,99895,100
2019-06-28 09:45:06.260156676,100084,229,100045,329,100089,225,100023,225,100091,225,100007,225,100136,100,99966,100,100150,100,99959,100,100151,100,99952,100,100182,100,99948,100,100313,100,99901,100,100380,100,99897,100,100431,100,99895,100
2019-06-28 09:45:10.000000000,100084,194,100045,294,100089,194,100023,194,100091,194,100007,194,100136,194,99966,194,100150,100,99959,100,100151,100,99952,100,100182,100,99948,100,100313,100,99901,100,100380,100,99897,100,100431,100,99895,100
2019-06-28 09:45:20.000000000,100084,229,100045,329,100089,225,100023,225,100091,225,100007,225,100136,100,99966,100,100150,100,99959,100,100151,100,99952,100,100182,100,99948,100,100313,100,99901,100,100380,100,99897,100,100431,100,99895,100
2019-06-28 09:45:26.193745106,100084,129,100045,329,100089,225,100023,225,100091,225,100007,225,100136,100,99966,100,100150,100,99959,100,100151,100,99952,100,100182,100,99948,100,100313,100,99901,100,100380,100,99897,100,100431,100,99895,100
2019-06-28 09:45:30.000000000,100089,176,100045,276,100091,176,100023,176,100136,176,100007,176,100150,176,99966,176,100151,176,99959,176,100182,100,99952,100,100313,100,99948,100,100380,100,99901,100,100431,100,99897,100,100438,100,99895,100
2019-06-28 09:45:40.000000000,100089,176,100045,276,100091,176,100023,176,100136,176,100007,176,100150,176,99966,176,100151,176,99959,176,100182,100,99952,100,100313,100,99948,100,100380,100,99901,100,100431,100,99897,100,100438,100,99895,100
2019-06-28 09:45:50.000000000,100089,194,100045,294,100091,194,100023,194,100136,194,100007,194,100150,194,99966,194,100151,100,99959,100,100182,100,99952,100,100313,100,99948,100,100380,100,99901,100,100431,100,99897,100,100438,100,99895,100
2019-06-28 09:46:00.000000000,100089,194,100045,294,100091,194,100023,194,100136,194,100007,194,100150,194,99966,194,100151,100,99959,100,100182,100,99952,100,100313,100,99948,100,100380,100,99901,100,100431,100,99897,100,100438,100,99895,100
2019-06-28 09:46:10.000000000,100089,229,100045,329,100091,225,100023,225,100136,225,100007,225,100150,100,99966,100,100151,100,99959,100,100182,100,99952,100,100313,100,99948,100,100380,100,99901,100,100431,100,99897,100,100438,100,99895,100
2019-06-28 09:46:19.295309531,100089,129,100045,329,100091,225,100023,225,100136,225,100007,225,100150,100,99966,100,100151,100,99959,100,100182,100,99952,100,100313,100,99948,100,100380,100,99901,100,100431,100,99897,100,100438,100,99895,100
2019-06-28 09:46:19.794726767,100089,29,100045,329,100091,225,100023,225,100136,225,100007,225,100150,100,99966,100,100151,100,99959,100,100182,100,99952,100,100313,100,99948,100,100380,100,99901,100,100431,100,99897,100,100438,100,99895,100
2019-06-28 09:46:20.000000000,100091,478,100045,578,100136,100,100023,100,100150,100,100007,100,100151,100,99966,100,100182,100,99959,100,100313,100,99952,100,100380,100,99948,100,100431,100,99901,100,100438,100,99897,100,100473,100,99895,100
2019-06-28 09:46:30.000000000,100091,194,100045,294,100136,194,100023,194,100150,194,100007,194,100151,194,99966,194,100182,100,99959,100,100313,100,99952,100,100380,100,99948,100,100431,100,99901,100,100438,100,99897,100,100473,100,99895,100
2019-06-28 09:46:30.181489410,100091,94,100045,294,100136,194,100023,194,100150,194,100007,194,100151,194,99966,194,100182,100,99959,100,100313,100,99952,100,100380,100,99948,100,100431,100,99901,100,100438,100,99897,100,100473,100,99895,100
2019-06-28 09:46:40.000000000,100136,176,100045,276,100150,176,100023,176,100151,176,100007,176,100182,176,99966,176,100313,176,99959,176,100380,100,99952,100,100431,100,99948,100,100438,100,99901,100,100473,100,99897,100,100489,100,99895,100
2019-06-28 09:46:48.219251493,100136,176,100045,276,100150,176,100023,176,100151,176,100007,176,100182,176,99966,176,100313,176,99959,176,100319,100,99952,100,100380,100,99948,100,100431,100,99901,100,100438,100,99897,100,100473,100,99895,100
2019-06-28 09:46:50.000000000,100136,194,100045,294,100150,194,100023,194,100151,194,100007,194,100182,194,99966,194,100313,100,99959,100,100319,100,99952,100,100380,100,99948,100,100431,100,99901,100,100438,100,99897,100,100473,100,99895,100
2019-06-28 09:46:52.545064056,100136,194,100089,100,100150,194,100045,294,100151,94,100023,194,100182,194,100007,194,100313,100,99966,194,100319,100,99959,100,100380,100,99952,100,100431,100,99948,100,100438,100,99901,100,100473,100,99897,100
2019-06-28 09:47:00.000000000,100136,289,100089,289,100150,289,100045,389,100182,100,100023,100,100313,100,100007,100,100319,100,99966,100,100380,100,99959,100,100431,100,99952,100,100438,100,99948,100,100473,100,99901,100,100489,100,99897,100
2019-06-28 09:47:10.000000000,100136,229,100089,229,100150,225,100045,325,100182,225,100023,225,100313,100,100007,100,100319,100,99966,100,100380,100,99959,100,100431,100,99952,100,100438,100,99948,100,100473,100,99901,100,100489,100,99897,100
2019-06-28 09:47:11.385161369,100136,229,100089,229,100150,225,100045,325,100182,225,100023,225,100313,100,100007,100,100319,100,99966,100,100380,100,99959,100,100431,100,99952,100,100438,100,99948,100,100473,100,99904,100,100489,100,99901,100
2019-06-28 09:47:13.973623952,100136,229,100122,100,100150,225,100089,229,100182,225,100045,325,100313,100,100023,225,100319,100,100007,100,100431,100,99966,100,100438,100,99959,100,100473,100,99952,100,100489,100,99948,100,100614,100,99904,100
2019-06-28 09:47:16.866406922,100136,229,100122,100,100150,225,100089,329,100182,225,100045,225,100313,100,100023,225,100319,100,100007,100,100431,100,99966,100,100438,100,99959,100,100473,100,99952,100,100489,100,99948,100,100614,100,99904,100
2019-06-28 09:47:20.000000000,100136,176,100122,176,100150,176,100089,276,100182,176,100045,176,100313,176,100023,176,100319,176,100007,176,100431,100,99966,100,100438,100,99959,100,100473,100,99952,100,100489,100,99948,100,100614,100,99904,100
2019-06-28 09:47:30.000000000,100136,229,100122,229,100150,225,100089,325,100182,225,100045,225,100313,100,100023,100,100319,100,100007,100,100431,100,99966,100,100438,100,99959,100,100473,100,99952,100,100489,100,99948,100,100614,100,99904,100
2019-06-28 09:47:40.000000000,100136,289,100122,289,100150,289,100089,389,100182,100,100045,100,100313,100,100023,100,100319,100,100007,100,100431,100,99966,100,100438,100,99959,100,100473,100,99952,100,100489,100,99948,100,100614,100,99904,100
2019-06-28 09:47:49.176337356,100136,289,100122,289,100150,289,100089,489,100182,100,100045,100,100313,100,100023,100,100319,100,100007,100,100431,100,99966,100,100438,100,99959,100,100473,100,99952,100,100489,100,99948,100,100614,100,99904,100
2019-06-28 09:47:50.000000000,100136,194,100122,194,100150,194,100089,394,100182,194,100045,194,100313,194,100023,194,100319,100,100007,100,100431,100,99966,100,100438,100,99959,100,100473,100,99952,100,100489,100,99948,100,100614,100,99904,100
2019-06-28 09:47:50.783781781,100136,94,100122,194,100150,194,100089,394,100182,194,100045,194,100313,194,100023,194,100319,100,100007,100,100431,100,99966,100,100438,100,99959,100,100473,100,99952,100,100489,100,99948,100,100614,100,99904,100
2019-06-28 09:48:00.000000000,100150,194,100122,194,100182,194,100089,394,100313,194,100045,194,100319,194,100023,194,100431,100,100007,100,100438,100,99966,100,100473,100,99959,100,100489,100,99952,100,100614,100,99948,100,100634,100,99904,100
2019-06-28 09:48:07.947065270,100150,94,100122,194,100182,194,100089,394,100313,194,100045,194,100319,194,100023,194,100431,100,100007,100,100438,100,99966,100,100473,100,99959,100,100489,100,99952,100,100614,100,99948,100,100634,100,99904,100
2019-06-28 09:48:10.000000000,100182,194,100122,194,100313,194,100089,394,100319,194,100045,194,100431,194,100023,194,100438,100,100007,100,100473,100,99966,100,100489,100,99959,100,100614,100,99952,100,100634,100,99948,100,100721,100,99904,100
2019-06-28 09:48:14.309019996,100182,194,100122,194,100313,94,100089,394,100319,194,100045,194,100431,194,100023,194,100438,100,100007,100,100473,100,99966,100,100489,100,99959,100,100613,100,99952,100,100614,100,99948,100,100634,100,99904,100
2019-06-28 09:48:20.000000000,100182,194,100122,194,100319,194,100089,394,100431,194,100045,194,100438,194,100023,194,100473,100,100007,100,100489,100,99966,100,100613,100,99959,100,100614,100,99952,100,100634,100,99948,100,100721,100,99904,100
2019-06-28 09:48:23.854016233,100182,194,100136,100,100319,194,100122,194,100431,194,100089,394,100438,194,100045,194,100473,100,100023,94,100489,100,100007,100,100613,100,99966,100,100614,100,99959,100,100634,100,99952,100,100721,100,99948,100
2019-06-28 09:48:26.933952384,100182,194,100136,200,100319,194,100122,194,100431,194,100089,394,100438,194,100045,194,100473,100,100023,94,100489,100,100007,100,100613,100,99966,100,100614,100,99959,100,100634,100,99952,100,100721,100,99948,100
2019-06-28 09:48:30.000000000,100182,229,100136,329,100319,225,100122,225,100431,225,100089,425,100438,100,100045,100,100473,100,100007,100,100489,100,99966,100,100613,100,99959,100,100614,100,99952,100,100634,100,99948,100,100721,100,99904,100
2019-06-28 09:48:38.189731907,100182,229,100136,329,100319,225,100122,225,100431,225,100089,425,100438,100,100045,100,100473,100,100007,100,100489,100,99966,100,100553,100,99952,100,100613,100,99948,100,100614,100,99904,100,100634,100,99901,100
2019-06-28 09:48:40.000000000,100182,478,100136,578,100319,100,100122,100,100431,100,100089,300,100438,100,100045,100,100473,100,100007,100,100489,100,99966,100,100553,100,99952,100,100613,100,99948,100,100614,100,99904,100,100634,100,99901,100
2019-06-28 09:48:40.457115196,100182,478,100136,678,100319,100,100122,100,100431,100,100089,300,100438,100,100045,100,100473,100,100007,100,100489,100,99966,100,100553,100,99952,100,100613,100,99948,100,100614,100,99904,100,100634,100,99901,100
2019-06-28 09:48:50.000000000,100182,289,100136,489,100319,289,100122,289,100431,100,100089,300,100438,100,100045,100,100473,100,100007,100,100489,100,99966,100,100553,100,99952,100,100613,100,99948,100,100614,100,99904,100,100634,100,99901,100
2019-06-28 09:49:00.000000000,100182,194,100136,394,100319,194,100122,194,100431,194,100089,394,100438,194,100045,194,100473,100,100007,100,100489,100,99966,100,100553,100,99952,100,100613,100,99948,100,100614,100,99904,100,100634,100,99901,100
2019-06-28 09:49:01.536620644,100182,194,100136,394,100319,194,100122,194,100431,194,100089,394,100438,194,100045,194,100473,100,100007,100,100489,100,99966,100,100553,100,99952,100,100613,100,99948,100,100614,100,99904,100,100634,100,99901,100
2019-06-28 09:49:10.000000000,100182,478,100136,678,100319,100,100122,100,100431,100,100089,300,100438,100,100045,100,100473,100,100007,100,100489,100,99966,100,100553,100,99952,100,100613,100,99948,100,100614,100,99904,100,100634,100,99901,100
2019-06-28 09:49:14.171783880,100182,478,100150,100,100319,100,100136,678,100431,100,100122,100,100438,100,100089,300,100473,100,100045,100,100489,100,100007,100,100553,100,99966,100,100613,100,99952,100,100614,100,99948,100,100634,100,99904,100
2019-06-28 09:49:20.000000000,100182,229,100150,229,100319,225,100136,425,100431,225,100122,225,100438,100,100089,300,100473,100,100045,100,100489,100,100007,100,100553,100,99966,100,100613,100,99952,100,100614,100,99948,100,100634,100,99904,100
2019-06-28 09:49:30.000000000,100182,478,100150,478,100319,100,100136,300,100431,100,100122,100,100438,100,100089,300,100473,100,100045,100,100489,100,100007,100,100553,100,99966,100,100613,100,99952,100,100614,100,99948,100,100634,100,99904,100
2019-06-28 09:49:40.000000000,100182,229,100150,229,100319,225,100136,425,100431,225,100122,225,100438,100,100089,300,100473,100,100045,100,100489,100,100007,100,100553,100,99966,100,100613,100,99952,100,100614,100,99948,100,100634,100,99904,100
2019-06-28 09:49:50.000000000,100182,176,100150,176,100319,176,100136,376,100431,176,100122,176,100438,176,100089,376,100473,176,100045,176,100489,100,100007,100,100553,100,99966,100,100613,100,99952,100,100614,100,99948,100,100634,100,99904,100
2019-06-28 09:49:51.193302740,100182,176,100150,176,100319,176,100136,276,100431,176,100122,176,100438,176,100089,376,100473,176,100045,176,100489,100,100007,100,100553,100,99966,100,100613,100,99952,100,100614,100,99948,100,100634,100,99904,100
2019-06-28 09:49:51.922618557,100182,176,100150,176,100319,176,100136,276,100431,176,100122,176,100438,176,100089,376,100473,176,100045,176,100489,100,100017,100,100553,100,100007,100,100613,100,99952,100,100614,100,99948,100,100634,100,99904,100
2019-06-28 09:49:56.481528378,100182,176,100150,176,100319,176,100136,276,100431,176,100122,176,100438,176,100089,376,100473,176,100045,176,100489,100,100017,100,100553,100,100007,100,100613,100,99952,100,100614,100,99948,100,100634,100,99904,100
2019-06-28 09:50:00.000000000,100182,176,100150,176,100319,176,100136,276,100431,176,100122,176,100438,176,100089,376,100473,176,100045,176,100489,100,100017,100,100553,100,100007,100,100613,100,99952,100,100614,100,99948,100,100634,100,99904,100
2019-06-28 09:50:06.203432316,100182,176,100150,76,100319,176,100136,276,100431,176,100122,176,100438,176,100089,376,100473,176,100045,176,100489,100,100017,100,100553,100,100007,100,100613,100,99952,100,100614,100,99948,100,100634,100,99904,100
2019-06-28 09:50:06.294806067,100150,24,100136,276,100182,176,100122,176,100319,176,100089,376,100431,176,100045,176,100438,176,100007,100,100473,176,99952,100,100489,100,99948,100,100553,100,99904,100,100613,100,99895,100,100614,100,99882,100
2019-06-28 09:50:10.000000000,100150,153,100136,329,100182,225,100122,225,100319,225,100089,425,100431,100,100045,100,100438,100,100007,100,100473,100,99952,100,100489,100,99948,100,100553,100,99904,100,100613,100,99895,100,100614,100,99882,100
2019-06-28 09:50:15.229326074,100150,153,100137,100,100182,225,100136,329,100319,225,100122,225,100431,100,100089,425,100438,100,100045,100,100473,100,100007,100,100489,100,99952,100,100553,100,99948,100,100613,100,99904,100,100614,100,99895,100
2019-06-28 09:50:20.000000000,100150,100,100137,176,100182,176,100136,276,100319,176,100122,176,100431,176,100089,376,100438,176,100045,176,100473,100,100007,100,100489,100,99952,100,100553,100,99948,100,100613,100,99904,100,100614,100,99895,100
2019-06-28 09:50:25.280188210,100182,176,100137,176,100319,176,100136,276,100431,176,100122,176,100438,176,100089,376,100473,100,100045,176,100489,100,100007,100,100553,100,99952,100,100613,100,99948,100,100614,100,99904,100,100634,100,99882,100
2019-06-28 09:50:26.630917195,100182,176,100150,100,100319,176,100137,176,100431,176,100136,276,100438,176,100122,176,100473,100,100089,376,100489,100,100045,176,100553,100,100007,100,100613,100,99952,100,100614,100,99948,100,100634,100,99904,100
2019-06-28 09:50:30.000000000,100182,478,100150,478,100319,100,100137,100,100431,100,100136,200,100438,100,100122,100,100473,100,100089,300,100489,100,100045,100,100553,100,100007,100,100613,100,99952,100,100614,100,99948,100,100634,100,99904,100
2019-06-28 09:50:40.000000000,100182,194,100150,194,100319,194,100137,194,100431,194,100136,294,100438,194,100122,194,100473,100,100089,300,100489,100,100045,100,100553,100,100007,100,100613,100,99952,100,100614,100,99948,100,100634,100,99904,100
2019-06-28 09:50:42.122930363,100182,194,100150,294,100319,194,100137,194,100431,194,100136,294,100438,194,100122,194,100473,100,100089,200,100489,100,100045,100,100553,100,100007,100,100613,100,99952,100,100614,100,99948,100,100634,100,99904,100
2019-06-28 09:50:42.747328176,100182,194,100150,194,100319,194,100137,194,100431,194,100136,294,100438,194,100122,194,100473,100,100089,200,100489,100,100045,100,100553,100,100007,100,100613,100,99952,100,100614,100,99948,100,100634,100,99904,100
2019-06-28 09:50:43.235021830,100182,194,100150,194,100207,100,100137,194,100319,194,100136,294,100431,194,100122,194,100438,194,100089,200,100473,100,100045,100,100489,100,100007,100,100553,100,99952,100,100613,100,99948,100,100614,100,99904,100
2019-06-28 09:50:49.265189946,100182,194,100150,94,100207,100,100137,194,100319,194,100136,294,100431,194,100122,194,100438,194,100089,200,100473,100,100045,100,100489,100,100007,100,100553,100,99952,100,100613,100,99948,100,100614,100,99904,100
2019-06-28 09:50:50.000000000,100182,478,100150,472,100207,100,100137,100,100319,100,100136,200,100431,100,100122,100,100438,100,100089,200,100473,100,100045,100,100489,100,100007,100,100553,100,99952,100,100613,100,99948,100,100614,100,99904,100
2019-06-28 09:50:52.900937378,100182,478,100150,472,100207,100,100137,100,100319,100,100136,200,100431,100,100128,100,100438,100,100122,100,100473,100,100089,200,100489,100,100045,100,100553,100,100007,100,100613,100,99952,100,100614,100,99948,100
2019-06-28 09:50:58.021457265,100181,100,100150,472,100182,478,100137,100,100207,100,100136,200,100319,100,100128,100,100431,100,100122,100,100438,100,100089,200,100473,100,100045,100,100489,100,100007,100,100553,100,99952,100,100613,100,99948,100
2019-06-28 09:51:00.000000000,100181,289,100150,283,100182,289,100137,289,100207,100,100136,200,100319,100,100128,100,100431,100,100122,100,100438,100,100089,200,100473,100,100045,100,100489,100,100007,100,100553,100,99952,100,100613,100,99948,100
2019-06-28 09:51:02.547789748,100181,289,100150,183,100182,289,100137,289,100207,100,100136,200,100319,100,100128,100,100431,100,100122,100,100438,100,100089,200,100473,100,100045,100,100489,100,100007,100,100553,100,99952,100,100613,100,99948,100
2019-06-28 09:51:10.000000000,100181,176,100137,176,100182,176,100136,276,100207,176,100128,176,100319,176,100122,176,100431,176,100089,276,100438,100,100045,100,100473,100,100007,100,100489,100,99952,100,100553,100,99948,100,100613,100,99904,100
2019-06-28 09:51:20.000000000,100181,194,100137,194,100182,194,100136,294,100207,194,100128,194,100319,194,100122,194,100431,100,100089,200,100438,100,100045,100,100473,100,100007,100,100489,100,99952,100,100553,100,99948,100,100613,100,99904,100
2019-06-28 09:51:23.558919179,100181,194,100137,194,100182,194,100136,294,100207,194,100128,194,100319,194,100122,194,100431,100,100089,200,100473,100,100045,100,100489,100,100007,100,100553,100,99952,100,100613,100,99948,100,100614,100,99904,100
2019-06-28 09:51:30.000000000,100181,289,100137,289,100182,289,100136,389,100207,100,100128,100,100319,100,100122,100,100431,100,100089,200,100473,100,100045,100,100489,100,100007,100,100553,100,99952,100,100613,100,99948,100,100614,100,99904,100
2019-06-28 09:51:40.000000000,100181,194,100137,194,100182,194,100136,294,100207,194,100128,194,100319,194,100122,194,100431,100,100089,200,100473,100,100045,100,100489,100,100007,100,100553,100,99952,100,100613,100,99948,100,100614,100,99904,100
2019-06-28 09:51:50.000000000,100181,229,100137,229,100182,225,100136,325,100207,225,100128,225,100319,100,100122,100,100431,100,100089,200,100473,100,100045,100,100489,100,100007,100,100553,100,99952,100,100613,100,99948,100,100614,100,99904,100
2019-06-28 09:51:52.036704232,100181,229,100137,129,100182,225,100136,325,100207,225,100128,225,100319,100,100122,100,100431,100,100089,200,100473,100,100045,100,100489,100,100007,100,100553,100,99952,100,100613,100,99948,100,100614,100,99904,100
2019-06-28 09:52:00.000000000,100181,194,100136,294,100182,194,100128,194,100207,194,100122,194,100319,194,100089,294,100431,100,100045,100,100473,100,100007,100,100489,100,99952,100,100553,100,99948,100,100613,100,99904,100,100614,100,99882,100
2019-06-28 09:52:02.030510038,100181,194,100136,194,100182,194,100128,194,100207,194,100122,194,100319,194,100089,294,100431,100,100045,100,100473,100,100007,100,100489,100,99952,100,100553,100,99948,100,100613,100,99904,100,100614,100,99882,100
2019-06-28 09:52:06.126683179,100181,194,100136,94,100182,194,100128,194,100207,194,100122,194,100319,194,100089,294,100431,100,100045,100,100473,100,100007,100,100489,100,99952,100,100613,100,99948,100,100614,100,99904,100,100634,100,99882,100
2019-06-28 09:52:10.000000000,100181,229,100128,229,100182,225,100122,225,100207,225,100089,325,100319,100,100045,100,100431,100,100007,100,100473,100,99952,100,100489,100,99948,100,100613,100,99904,100,100614,100,99882,100,100634,100,99847,100
2019-06-28 09:52:20.000000000,100181,289,100128,289,100182,289,100122,289,100207,100,100089,200,100319,100,100045,100,100431,100,100007,100,100473,100,99952,100,100489,100,99948,100,100613,100,99904,100,100614,100,99882,100,100634,100,99847,100
2019-06-28 09:52:28.464838112,100181,289,100128,289,100182,289,100122,289,100207,100,100089,200,100319,100,100045,100,100431,100,100007,100,100473,100,99952,100,100489,100,99948,100,100613,100,99916,100,100614,100,99904,100,100634,100,99882,100
2019-06-28 09:52:30.000000000,100181,229,100128,229,100182,225,100122,225,100207,225,100089,325,100319,100,100045,100,100431,100,100007,100,100473,100,99952,100,100489,100,99948,100,100613,100,99916,100,100614,100,99904,100,100634,100,99882,100
2019-06-28 09:52:31.063943659,100181,229,100128,229,100182,225,100122,225,100203,100,100089,325,100207,225,100045,100,100319,100,100007,100,100431,100,99952,100,100473,100,99948,100,100489,100,99916,100,100613,100,99904,100,100614,100,99882,100
2019-06-28 09:52:40.000000000,100181,229,100128,229,100182,225,100122,225,100203,225,100089,325,100207,100,100045,100,100319,100,100007,100,100431,100,99952,100,100473,100,99948,100,100489,100,99916,100,100613,100,99904,100,100614,100,99882,100
2019-06-28 09:52:49.782333751,100181,229,100128,229,100182,225,100122,225,100203,225,100089,325,100207,100,100045,100,100319,100,100007,100,100431,100,99952,100,100473,100,99948,100,100489,100,99916,100,100613,100,99904,100,100614,100,99882,100
2019-06-28 09:52:50.000000000,100181,176,100128,176,100182,176,100122,176,100203,176,100089,276,100207,176,100045,176,100319,176,100007,176,100431,100,99952,100,100473,100,99948,100,100489,100,99916,100,100613,100,99904,100,100614,100,99882,100
2019-06-28 09:52:56.533406054,100181,176,100128,76,100182,176,100122,176,100203,176,100089,276,100207,176,100045,176,100319,176,100007,176,100431,100,99952,100,100473,100,99948,100,100489,100,99916,100,100613,100,99904,100,100614,100,99882,100
2019-06-28 09:53:00.000000000,100181,478,100122,478,100182,100,100089,200,100203,100,100045,100,100207,100,100007,100,100319,100,99952,100,100431,100,99948,100,100473,100,99916,100,100489,100,99904,100,100613,100,99882,100,100614,100,99847,100
2019-06-28 09:53:04.395898316,100181,478,100122,478,100182,100,100089,200,100203,100,100045,100,100207,100,100007,100,100319,100,99952,100,100431,100,99948,100,100473,100,99916,100,100489,100,99882,100,100613,100,99847,100,100614,100,99790,100
2019-06-28 09:53:10.000000000,100181,176,100122,176,100182,176,100089,276,100203,176,100045,176,100207,176,100007,176,100319,176,99952,176,100431,100,99948,100,100473,100,99916,100,100489,100,99882,100,100613,100,99847,100,100614,100,99790,100
2019-06-28 09:53:10.521831399,100136,100,100122,176,100181,176,100089,276,100182,176,100045,176,100203,176,100007,176,100207,176,99952,176,100319,176,99948,100,100431,100,99916,100,100473,100,99882,100,100489,100,99847,100,100613,100,99790,100
2019-06-28 09:53:20.000000000,100136,289,100122,289,100181,289,100089,389,100182,100,100045,100,100203,100,100007,100,100207,100,99952,100,100319,100,99948,100,100431,100,99916,100,100473,100,99882,100,100489,100,99847,100,100613,100,99790,100
2019-06-28 09:53:25.706117347,100136,289,100122,289,100181,289,100089,389,100182,100,100045,100,100203,100,100007,100,100207,100,99952,100,100319,100,99948,100,100431,100,99882,100,100473,100,99847,100,100489,100,99790,100,100613,100,99574,100
2019-06-28 09:53:30.000000000,100136,194,100122,194,100181,194,100089,294,100182,194,100045,194,100203,194,100007,194,100207,100,99952,100,100319,100,99948,100,100431,100,99882,100,100473,100,99847,100,100489,100,99790,100,100613,100,99574,100
2019-06-28 09:53:40.000000000,100136,194,100122,194,100181,194,100089,294,100182,194,100045,194,100203,194,100007,194,100207,100,99952,100,100319,100,99948,100,100431,100,99882,100,100473,100,99847,100,100489,100,99790,100,100613,100,99574,100
2019-06-28 09:53:48.119374244,100136,194,100122,94,100181,194,100089,294,100182,194,100045,194,100203,194,100007,194,100207,100,99952,100,100319,100,99948,100,100431,100,99882,100,100473,100,99847,100,100489,100,99790,100,100613,100,99574,100
2019-06-28 09:53:50.000000000,100136,229,100089,329,100181,225,100045,225,100182,225,100007,225,100203,100,99952,100,100207,100,99948,100,100319,100,99882,100,100431,100,99847,100,100473,100,99790,100,100489,100,99574,100,100613,100,99367,100
2019-06-28 09:54:00.000000000,100136,229,100089,329,100181,225,100045,225,100182,225,100007,225,100203,100,99952,100,100207,100,99948,100,100319,100,99882,100,100431,100,99847,100,100473,100,99790,100,100489,100,99574,100,100613,100,99367,100
2019-06-28 09:54:10.000000000,100136,478,100089,578,100181,100,100045,100,100182,100,100007,100,100203,100,99952,100,100207,100,99948,100,100319,100,99882,100,100431,100,99847,100,100473,100,99790,100,100489,100,99574,100,100613,100,99367,100
2019-06-28 09:54:20.000000000,100136,289,100089,389,100181,289,100045,289,100182,100,100007,100,100203,100,99952,100,100207,100,99948,100,100319,100,99882,100,100431,100,99847,100,100473,100,99790,100,100489,100,99574,100,100613,100,99367,100
2019-06-28 09:54:22.948402556,100136,289,100129,100,100181,289,100089,389,100182,100,100045,289,100203,100,100007,100,100207,100,99952,100,100319,100,99948,100,100431,100,99882,100,100473,100,99847,100,100489,100,99790,100,100613,100,99574,100
2019-06-28 09:54:25.211375635,100136,189,100129,100,100181,289,100089,389,100182,100,100045,289,100203,100,100007,100,100207,100,99952,100,100319,100,99948,100,100431,100,99882,100,100473,100,99847,100,100489,100,99790,100,100613,100,99574,100
2019-06-28 09:54:30.000000000,100181,289,100129,289,100182,289,100089,389,100203,100,100045,100,100207,100,100007,100,100319,100,99952,100,100431,100,99948,100,100473,100,99882,100,100489,100,99847,100,100613,100,99790,100,100614,100,99574,100
2019-06-28 09:54:40.000000000,100181,478,100129,478,100182,100,100089,200,100203,100,100045,100,100207,100,100007,100,100319,100,99952,100,100431,100,99948,100,100473,100,99882,100,100489,100,99847,100,100613,100,99790,100,100614,100,99574,100
2019-06-28 09:54:50.000000000,100181,478,100129,478,100182,100,100089,200,100203,100,100045,100,100207,100,100007,100,100319,100,99952,100,100431,100,99948,100,100473,100,99882,100,100489,100,99847,100,100613,100,99790,100,100614,100,99574,100
2019-06-28 09:55:00.000000000,100181,289,100129,289,100182,289,100089,389,100203,100,100045,100,100207,100,100007,100,100319,100,99952,100,100431,100,99948,100,100473,100,99882,100,100489,100,99847,100,100613,100,99790,100,100614,100,99574,100
2019-06-28 09:55:10.000000000,100181,194,100129,194,100182,194,100089,294,100203,194,100045,194,100207,194,100007,194,100319,100,99952,100,100431,100,99948,100,100473,100,99882,100,100489,100,99847,100,100613,100,99790,100,100614,100,99574,100
2019-06-28 09:55:17.649758646,100181,194,100129,194,100182,194,100089,194,100203,194,100045,194,100207,194,100007,194,100319,100,99952,100,100431,100,99948,100,100473,100,99882,100,100489,100,99847,100,100613,100,99790,100,100614,100,99574,100
2019-06-28 09:55:20.000000000,100181,229,100129,229,100182,225,100089,225,100203,225,100045,225,100207,100,100007,100,100319,100,99952,100,100431,100,99948,100,100473,100,99882,100,100489,100,99847,100,100613,100,99790,100,100614,100,99574,100
2019-06-28 09:55:24.976839032,100181,229,100129,229,100182,225,100089,225,100203,225,100045,225,100207,100,100007,100,100319,100,99952,100,100431,100,99948,100,100473,100,99882,100,100489,100,99847,100,100613,100,99790,100,100614,100,99574,100
2019-06-28 09:55:30.000000000,100181,478,100129,478,100182,100,100089,100,100203,100,100045,100,100207,100,100007,100,100319,100,99952,100,100431,100,99948,100,100473,100,99882,100,100489,100,99847,100,100613,100,99790,100,100614,100,99574,100
2019-06-28 09:55:31.715419575,100181,478,100129,478,100182,100,100089,100,100203,100,100045,100,100207,100,100007,100,100319,100,99952,100,100431,100,99948,100,100473,100,99882,100,100489,100,99847,100,100613,100,99790,100,100614,100,99574,100
2019-06-28 09:55:34.262286477,100181,478,100129,478,100182,100,100089,100,100203,100,100045,100,100319,100,100007,100,100431,100,99952,100,100473,100,99948,100,100489,100,99882,100,100613,100,99847,100,100614,100,99790,100,100634,100,99574,100
2019-06-28 09:55:40.000000000,100181,478,100129,478,100182,100,100089,100,100203,100,100045,100,100319,100,100007,100,100431,100,99952,100,100473,100,99948,100,100489,100,99882,100,100613,100,99847,100,100614,100,99790,100,100634,100,99574,100
2019-06-28 09:55:44.038642496,100181,378,100129,478,100182,100,100089,100,100203,100,100045,100,100319,100,100007,100,100431,100,99952,100,100473,100,99948,100,100489,100,99882,100,100613,100,99847,100,100614,100,99790,100,100634,100,99574,100
2019-06-28 09:55:50.000000000,100182,289,100129,289,100203,289,100089,289,100319,100,100045,100,100431,100,100007,100,100473,100,99952,100,100489,100,99948,100,100613,100,99882,100,100614,100,99847,100,100634,100,99790,100,100721,100,99574,100
2019-06-28 09:56:00.000000000,100182,289,100129,289,100203,289,100089,289,100319,100,100045,100,100431,100,100007,100,100473,100,99952,100,100489,100,99948,100,100613,100,99882,100,100614,100,99847,100,100634,100,99790,100,100721,100,99574,100
2019-06-28 09:56:10.000000000,100182,194,100129,194,100203,194,100089,194,100319,194,100045,194,100431,194,100007,194,100473,100,99952,100,100489,100,99948,100,100613,100,99882,100,100614,100,99847,100,100634,100,99790,100,100721,100,99574,100
2019-06-28 09:56:11.947108881,100182,94,100129,194,100203,194,100089,194,100319,194,100045,194,100431,194,100007,194,100473,100,99952,100,100489,100,99948,100,100613,100,99882,100,100614,100,99847,100,100634,100,99790,100,100721,100,99574,100
2019-06-28 09:56:20.000000000,100203,229,100129,229,100319,225,100089,225,100431,225,100045,225,100473,100,100007,100,100489,100,99952,100,100613,100,99948,100,100614,100,99882,100,100634,100,99847,100,100721,100,99790,100,100929,100,99574,100
2019-06-28 09:56:30.000000000,100203,176,100129,176,100319,176,100089,176,100431,176,100045,176,100473,176,100007,176,100489,176,99952,176,100613,100,99948,100,100614,100,99882,100,100634,100,99847,100,100721,100,99790,100,100929,100,99574,100
2019-06-28 09:56:33.269881922,100203,176,100129,176,100319,176,100089,176,100431,176,100045,176,100473,176,100007,176,100489,176,99952,176,100614,100,99948,100,100634,100,99882,100,100721,100,99847,100,100929,100,99790,100,101160,100,99574,100
2019-06-28 09:56:40.000000000,100203,194,100129,194,100319,194,100089,194,100431,194,100045,194,100473,194,100007,194,100489,100,99952,100,100614,100,99948,100,100634,100,99882,100,100721,100,99847,100,100929,100,99790,100,101160,100,99574,100
2019-06-28 09:56:50.000000000,100203,229,100129,229,100319,225,100089,225,100431,225,100045,225,100473,100,100007,100,100489,100,99952,100,100614,100,99948,100,100634,100,99882,100,100721,100,99847,100,100929,100,99790,100,101160,100,99574,100
2019-06-28 09:56:54.403931227,100203,229,100129,229,100319,225,100089,225,100431,225,100045,225,100473,100,100007,100,100489,100,99952,100,100614,100,99948,100,100634,100,99882,100,100721,100,99847,100,100929,100,99790,100,101160,100,99574,100
2019-06-28 09:57:00.000000000,100203,229,100129,229,100319,225,100089,225,100431,225,100045,225,100473,100,100007,100,100489,100,99952,100,100614,100,99948,100,100634,100,99882,100,100721,100,99847,100,100929,100,99790,100,101160,100,99574,100
2019-06-28 09:57:06.842454180,100203,229,100129,229,100319,225,100089,225,100431,225,100045,225,100473,100,100007,100,100489,100,99952,100,100614,100,99948,100,100634,100,99882,100,100721,100,99847,100,100929,100,99790,100,101160,100,99574,100
2019-06-28 09:57:10.000000000,100203,478,100129,478,100319,100,100089,100,100431,100,100045,100,100473,100,100007,100,100489,100,99952,100,100614,100,99948,100,100634,100,99882,100,100721,100,99847,100,100929,100,99790,100,101160,100,99574,100
2019-06-28 09:57:20.000000000,100203,289,100129,289,100319,289,100089,289,100431,100,100045,100,100473,100,100007,100,100489,100,99952,100,100614,100,99948,100,100634,100,99882,100,100721,100,99847,100,100929,100,99790,100,101160,100,99574,100
2019-06-28 09:57:20.351936755,100203,189,100129,289,100319,289,100089,289,100431,100,100045,100,100473,100,100007,100,100489,100,99952,100,100614,100,99948,100,100634,100,99882,100,100721,100,99847,100,100929,100,99790,100,101160,100,99574,100
2019-06-28 09:57:30.000000000,100319,289,100129,289,100431,289,100089,289,100473,100,100045,100,100489,100,100007,100,100614,100,99952,100,100634,100,99948,100,100721,100,99882,100,100929,100,99847,100,101160,100,99790,100,101213,100,99574,100
2019-06-28 09:57:40.000000000,100319,289,100129,289,100431,289,100089,289,100473,100,100045,100,100489,100,100007,100,100614,100,99952,100,100634,100,99948,100,100721,100,99882,100,100929,100,99847,100,101160,100,99790,100,101213,100,99574,100
2019-06-28 09:57:50.000000000,100319,289,100129,289,100431,289,100089,289,100473,100,100045,100,100489,100,100007,100,100614,100,99952,100,100634,100,99948,100,100721,100,99882,100,100929,100,99847,100,101160,100,99790,100,101213,100,99574,100
2019-06-28 09:57:56.804663517,100319,189,100129,289,100431,289,100089,289,100473,100,100045,100,100489,100,100007,100,100614,100,99952,100,100634,100,99948,100,100721,100,99882,100,100929,100,99847,100,101160,100,99790,100,101213,100,99574,100
2019-06-28 09:58:00.000000000,100431,194,100129,194,100473,194,100089,194,100489,194,100045,194,100614,194,100007,194,100634,100,99952,100,100721,100,99948,100,100929,100,99882,100,101160,100,99847,100,101213,100,99790,100,101263,100,99574,100
2019-06-28 09:58:10.000000000,100431,229,100129,229,100473,225,100089,225,100489,225,100045,225,100614,100,100007,100,100634,100,99952,100,100721,100,99948,100,100929,100,99882,100,101160,100,99847,100,101213,100,99790,100,101263,100,99574,100
2019-06-28 09:58:16.169348072,100431,129,100129,229,100473,225,100089,225,100489,225,100045,225,100614,100,100007,100,100634,100,99952,100,100721,100,99948,100,100929,100,99882,100,101160,100,99847,100,101213,100,99790,100,101263,100,99574,100
2019-06-28 09:58:20.000000000,100473,478,100129,478,100489,100,100089,100,100614,100,100045,100,100634,100,100007,100,100721,100,99952,100,100929,100,99948,100,101160,100,99882,100,101213,100,99847,100,101263,100,99790,100,101588,100,99574,100
2019-06-28 09:58:22.989828475,100473,478,100129,478,100489,100,100089,100,100614,100,100045,100,100634,100,100007,100,100721,100,99952,100,100929,100,99948,100,101160,100,99882,100,101213,100,99847,100,101263,100,99790,100,101615,100,99574,100
2019-06-28 09:58:27.468257936,100473,478,100129,478,100489,100,100089,100,100614,100,100045,100,100634,100,100007,100,100721,100,99952,100,100929,100,99948,100,101160,100,99882,100,101213,100,99847,100,101615,100,99790,100,101654,100,99574,100
2019-06-28 09:58:30.000000000,100473,176,100129,176,100489,176,100089,176,100614,176,100045,176,100634,176,100007,176,100721,176,99952,176,100929,100,99948,100,101160,100,99882,100,101213,100,99847,100,101615,100,99790,100,101654,100,99574,100
2019-06-28 09:58:30.020945944,100473,176,100129,176,100489,176,100089,176,100614,176,100045,176,100634,176,100007,176,100721,176,99952,176,100929,100,99948,100,101160,100,99882,100,101213,100,99847,100,101615,100,99790,100,101654,100,99574,100
2019-06-28 09:58:40.000000000,100473,229,100129,229,100489,225,100089,225,100614,225,100045,225,100634,100,100007,100,100721,100,99952,100,100929,100,99948,100,101160,100,99882,100,101213,100,99847,100,101615,100,99790,100,101654,100,99574,100
2019-06-28 09:58:45.619987332,100473,229,100129,229,100489,225,100089,225,100614,225,100045,225,100634,100,100007,100,100721,100,99952,100,100929,100,99948,100,101160,100,99882,100,101213,100,99847,100,101615,100,99790,100,101654,100,99574,100
2019-06-28 09:58:50.000000000,100473,229,100129,229,100489,225,100089,225,100614,225,100045,225,100634,100,100007,100,100721,100,99952,100,100929,100,99948,100,101160,100,99882,100,101213,100,99847,100,101615,100,99790,100,101654,100,99574,100
2019-06-28 09:59:00.000000000,100473,478,100129,478,100489,100,100089,100,100614,100,100045,100,100634,100,100007,100,100721,100,99952,100,100929,100,99948,100,101160,100,99882,100,101213,100,99847,100,101615,100,99790,100,101654,100,99574,100
2019-06-28 09:59:00.346504375,100473,378,100129,478,100489,100,100089,100,100614,100,100045,100,100634,100,100007,100,100721,100,99952,100,100929,100,99948,100,101160,100,99882,100,101213,100,99847,100,101615,100,99790,100,101654,100,99574,100
2019-06-28 09:59:10.000000000,100489,289,100129,289,100614,289,100089,289,100634,100,100045,100,100721,100,100007,100,100929,100,99952,100,101160,100,99948,100,101213,100,99882,100,101615,100,99847,100,101654,100,99790,100,101878,100,99574,100
2019-06-28 09:59:15.397677124,100489,189,100129,289,100614,189,100089,289,100634,100,100045,100,100721,100,100007,100,100929,100,99952,100,101160,100,99948,100,101213,100,99882,100,101615,100,99847,100,101654,100,99790,100,101878,100,99574,100
2019-06-28 09:59:20.000000000,100634,289,100129,289,100721,289,100089,289,100929,100,100045,100,101160,100,100007,100,101213,100,99952,100,101615,100,99948,100,101654,100,99882,100,101878,100,99847,100,101917,100,99790,100,102059,100,99574,100
2019-06-28 09:59:29.095101613,100634,289,100129,289,100721,289,100089,289,100929,100,100045,100,101160,100,100007,100,101213,100,99952,100,101615,100,99948,100,101654,100,99882,100,101834,100,99847,100,101878,100,99790,100,101917,100,99574,100
2019-06-28 09:59:30.000000000,100634,229,100129,229,100721,225,100089,225,100929,225,100045,225,101160,100,100007,100,101213,100,99952,100,101615,100,99948,100,101654,100,99882,100,101834,100,99847,100,101878,100,99790,100,101917,100,99574,100
2019-06-28 09:59:34.028960917,100634,229,100129,229,100721,225,100089,225,100929,225,100045,225,101160,100,100007,100,101213,100,99952,100,101615,100,99948,100,101654,100,99882,100,101688,100,99847,100,101834,100,99790,100,101878,100,99574,100
2019-06-28 09:59:40.000000000,100634,289,100129,289,100721,289,100089,289,100929,100,100045,100,101160,100,100007,100,101213,100,99952,100,101615,100,99948,100,101654,100,99882,100,101688,100,99847,100,101834,100,99790,100,101878,100,99574,100
2019-06-28 09:59:50.000000000,100634,289,100129,289,100721,289,100089,289,100929,100,100045,100,101160,100,100007,100,101213,100,99952,100,101615,100,99948,100,101654,100,99882,100,101688,100,99847,100,101834,100,99790,100,101878,100,99574,100
2019-06-28 10:00:00.000000000,100634,289,100129,289,100721,289,100089,289,100929,100,100045,100,101160,100,100007,100,101213,100,99952,100,101615,100,99948,100,101654,100,99882,100,101688,100,99847,100,101834,100,99790,100,101878,100,99574,100
2019-06-28 10:00:01.484757354,100634,189,100129,289,100721,289,100089,289,101160,100,100045,100,101213,100,100007,100,101615,100,99952,100,101654,100,99948,100,101688,100,99882,100,101834,100,99847,100,101878,100,99790,100,101917,100,99574,100
2019-06-28 10:00:08.394240677,100634,89,100129,289,100721,289,100089,289,101160,100,100045,100,101213,100,100007,100,101615,100,99952,100,101654,100,99948,100,101688,100,99882,100,101834,100,99847,100,101878,100,99790,100,101917,100,99574,100
2019-06-28 10:00:10.000000000,100721,176,100129,176,101160,176,100089,176,101213,176,100045,176,101615,176,100007,176,101654,176,99952,176,101688,100,99948,100,101834,100,99882,100,101878,100,99847,100,101917,100,99790,100,102059,100,99574,100
2019-06-28 10:00:11.259747839,100721,176,100634,100,101160,176,100129,176,101213,176,100089,176,101615,176,100045,176,101654,176,100007,176,101688,100,99952,176,101834,100,99948,100,101878,100,99882,100,101917,100,99847,100,102059,100,99790,100
2019-06-28 10:00:20.000000000,100721,194,100634,194,101160,194,100129,194,101213,194,100089,194,101615,194,100045,194,101654,100,100007,100,101688,100,99952,100,101834,100,99948,100,101878,100,99882,100,101917,100,99847,100,102059,100,99790,100
2019-06-28 10:00:30.000000000,100721,176,100634,176,101160,176,100129,176,101213,176,100089,176,101615,176,100045,176,101654,176,100007,176,101688,100,99952,100,101834,100,99948,100,101878,100,99882,100,101917,100,99847,100,102059,100,99790,100
2019-06-28 10:00:35.823491182,100721,76,100634,176,101160,176,100129,176,101213,176,100089,176,101615,176,100045,176,101654,176,100007,176,101688,100,99952,100,101834,100,99948,100,101878,100,99882,100,101917,100,99847,100,102059,100,99790,100
2019-06-28 10:00:40.000000000,101160,289,100634,289,101213,289,100129,289,101615,100,100089,100,101654,100,100045,100,101688,100,100007,100,101834,100,99952,100,101878,100,99948,100,101917,100,99882,100,102059,100,99847,100,102104,100,99790,100
2019-06-28 10:00:50.000000000,101160,289,100634,289,101213,289,100129,289,101615,100,100089,100,101654,100,100045,100,101688,100,100007,100,101834,100,99952,100,101878,100,99948,100,101917,100,99882,100,102059,100,99847,100,102104,100,99790,100
2019-06-28 10:00:51.247362505,101160,189,100634,289,101213,289,100129,289,101615,100,100089,100,101654,100,100045,100,101688,100,100007,100,101834,100,99952,100,101878,100,99948,100,101917,100,99882,100,102059,100,99847,100,102104,100,99790,100
2019-06-28 10:00:53.008543684,101160,189,100634,289,101213,289,100129,289,101615,100,100089,100,101654,100,100045,100,101688,100,100007,100,101834,100,99952,100,101878,100,99948,100,101917,100,99882,100,101955,100,99847,100,102059,100,99790,100
2019-06-28 10:01:00.000000000,101213,229,100634,229,101615,225,100129,225,101654,225,100089,225,101688,100,100045,100,101834,100,100007,100,101878,100,99952,100,101917,100,99948,100,101955,100,99882,100,102059,100,99847,100,102104,100,99790,100
2019-06-28 10:01:10.000000000,101213,176,100634,176,101615,176,100129,176,101654,176,100089,176,101688,176,100045,176,101834,176,100007,176,101878,100,99952,100,101917,100,99948,100,101955,100,99882,100,102059,100,99847,100,102104,100,99790,100
2019-06-28 10:01:20.000000000,101213,229,100634,229,101615,225,100129,225,101654,225,100089,225,101688,100,100045,100,101834,100,100007,100,101878,100,99952,100,101917,100,99948,100,101955,100,99882,100,102059,100,99847,100,102104,100,99790,100
2019-06-28 10:01:30.000000000,101213,194,100634,194,101615,194,100129,194,101654,194,100089,194,101688,194,100045,194,101834,100,100007,100,101878,100,99952,100,101917,100,99948,100,101955,100,99882,100,102059,100,99847,100,102104,100,99790,100
2019-06-28 10:01:30.639171707,101213,194,100634,194,101615,194,100129,194,101654,194,100089,194,101688,194,100045,194,101834,100,100007,100,101878,100,99952,100,101917,100,99948,100,101955,100,99882,100,102104,100,99847,100,102375,100,99790,100
2019-06-28 10:01:40.000000000,101213,176,100634,176,101615,176,100129,176,101654,176,100089,176,101688,176,100045,176,101834,176,100007,176,101878,100,99952,100,101917,100,99948,100,101955,100,99882,100,102104,100,99847,100,102375,100,99790,100
2019-06-28 10:01:47.008011546,101213,76,100634,176,101615,176,100129,176,101654,176,100089,176,101688,176,100045,176,101834,176,100007,176,101878,100,99952,100,101917,100,99948,100,101955,100,99882,100,102104,100,99847,100,102375,100,99790,100
2019-06-28 10:01:50.000000000,101615,229,100634,229,101654,225,100129,225,101688,225,100089,225,101834,100,100045,100,101878,100,100007,100,101917,100,99952,100,101955,100,99948,100,102104,100,99882,100,102375,100,99847,100,,,99790,100
2019-06-28 10:02:00.000000000,101615,194,100634,194,101654,194,100129,194,101688,194,100089,194,101834,194,100045,194,101878,100,100007,100,101917,100,99952,100,101955,100,99948,100,102104,100,99882,100,102375,100,99847,100,,,99790,100
2019-06-28 10:02:10.000000000,101615,289,100634,289,101654,289,100129,289,101688,100,100089,100,101834,100,100045,100,101878,100,100007,100,101917,100,99952,100,101955,100,99948,100,102104,100,99882,100,102375,100,99847,100,,,99790,100
2019-06-28 10:02:20.000000000,101615,289,100634,289,101654,289,100129,289,101688,100,100089,100,101834,100,100045,100,101878,100,100007,100,101917,100,99952,100,101955,100,99948,100,102104,100,99882,100,102375,100,99847,100,,,99790,100
2019-06-28 10:02:30.000000000,101615,289,100634,289,101654,289,100129,289,101688,100,100089,100,101834,100,100045,100,101878,100,100007,100,101917,100,99952,100,101955,100,99948,100,102104,100,99882,100,102375,100,99847,100,,,99790,100
2019-06-28 10:02:40.000000000,101615,289,100634,289,101654,289,100129,289,101688,100,100089,100,101834,100,100045,100,101878,100,100007,100,101917,100,99952,100,101955,100,99948,100,102104,100,99882,100,102375,100,99847,100,,,99790,100
2019-06-28 10:02:43.662729183,101615,289,101160,100,101654,289,100634,289,101688,100,100129,289,101834,100,100089,100,101878,100,100045,100,101917,100,100007,100,101955,100,99952,100,102104,100,99948,100,102375,100,99882,100,,,99847,100
2019-06-28 10:02:50.000000000,101615,194,101160,194,101654,194,100634,194,101688,194,100129,194,101834,194,100089,194,101878,100,100045,100,101917,100,100007,100,101955,100,99952,100,102104,100,99948,100,102375,100,99882,100,,,99847,100
2019-06-28 10:03:00.000000000,101615,176,101160,176,101654,176,100634,176,101688,176,100129,176,101834,176,100089,176,101878,176,100045,176,101917,100,100007,100,101955,100,99952,100,102104,100,99948,100,102375,100,99882,100,,,99847,100
2019-06-28 10:03:07.641935070,101615,176,101160,176,101654,176,100634,176,101688,176,100129,176,101816,100,100089,176,101834,176,100045,176,101878,176,100007,100,101917,100,99952,100,101955,100,99948,100,102104,100,99882,100,102375,100,99847,100
2019-06-28 10:03:10.000000000,101615,229,101160,229,101654,225,100634,225,101688,225,100129,225,101816,100,100089,100,101834,100,100045,100,101878,100,100007,100,101917,100,99952,100,101955,100,99948,100,102104,100,99882,100,102375,100,99847,100
2019-06-28 10:03:20.000000000,101615,194,101160,194,101654,194,100634,194,101688,194,100129,194,101816,194,100089,194,101834,100,100045,100,101878,100,100007,100,101917,100,99952,100,101955,100,99948,100,102104,100,99882,100,102375,100,99847,100
2019-06-28 10:03:28.922359186,101615,194,101160,194,101647,100,100634,194,101654,194,100129,194,101688,194,100089,194,101816,194,100045,100,101834,100,100007,100,101878,100,99952,100,101917,100,99948,100,101955,100,99882,100,102104,100,99847,100
2019-06-28 10:03:30.000000000,101615,176,101160,176,101647,176,100634,176,101654,176,100129,176,101688,176,100089,176,101816,176,100045,176,101834,100,100007,100,101878,100,99952,100,101917,100,99948,100,101955,100,99882,100,102104,100,99847,100
2019-06-28 10:03:40.000000000,101615,229,101160,229,101647,225,100634,225,101654,225,100129,225,101688,100,100089,100,101816,100,100045,100,101834,100,100007,100,101878,100,99952,100,101917,100,99948,100,101955,100,99882,100,102104,100,99847,100
2019-06-28 10:03:50.000000000,101615,194,101160,194,101647,194,100634,194,101654,194,100129,194,101688,194,100089,194,101816,100,100045,100,101834,100,100007,100,101878,100,99952,100,101917,100,99948,100,101955,100,99882,100,102104,100,99847,100
2019-06-28 10:04:00.000000000,101615,478,101160,478,101647,100,100634,100,101654,100,100129,100,101688,100,100089,100,101816,100,100045,100,101834,100,100007,100,101878,100,99952,100,101917,100,99948,100,101955,100,99882,100,102104,100,99847,100
2019-06-28 10:04:10.000000000,101615,229,101160,229,101647,225,100634,225,101654,225,100129,225,101688,100,100089,100,101816,100,100045,100,101834,100,100007,100,101878,100,99952,100,101917,100,99948,100,101955,100,99882,100,102104,100,99847,100
2019-06-28 10:04:20.000000000,101615,289,101160,289,101647,289,100634,289,101654,100,100129,100,101688,100,100089,100,101816,100,100045,100,101834,100,100007,100,101878,100,99952,100,101917,100,99948,100,101955,100,99882,100,102104,100,99847,100
2019-06-28 10:04:30.000000000,101615,176,101160,176,101647,176,100634,176,101654,176,100129,176,101688,176,100089,176,101816,176,100045,176,101834,100,100007,100,101878,100,99952,100,101917,100,99948,100,101955,100,99882,100,102104,100,99847,100
2019-06-28 10:04:39.254216098,101615,176,101160,176,101647,176,100634,176,101654,176,100368,100,101688,176,100129,176,101816,76,100089,176,101834,100,100045,176,101878,100,100007,100,101917,100,99952,100,101955,100,99948,100,102104,100,99882,100
2019-06-28 10:04:40.000000000,101615,194,101160,194,101647,194,100634,194,101654,194,100368,194,101688,194,100129,194,101834,100,100089,100,101878,100,100045,100,101917,100,100007,100,101955,100,99952,100,102104,100,99948,100,102375,100,99882,100
2019-06-28 10:04:44.959903625,101615,194,101160,94,101647,194,100634,194,101654,194,100368,194,101688,194,100129,194,101834,100,100089,100,101878,100,100045,100,101917,100,100007,100,101955,100,99952,100,102104,100,99948,100,102375,100,99882,100
2019-06-28 10:04:50.000000000,101615,229,100634,229,101647,225,100368,225,101654,225,100129,225,101688,100,100089,100,101834,100,100045,100,101878,100,100007,100,101917,100,99952,100,101955,100,99948,100,102104,100,99882,100,102375,100,99847,100
2019-06-28 10:04:55.874210468,101212,100,100634,229,101615,229,100368,225,101647,225,100129,225,101654,225,100089,100,101688,100,100045,100,101834,100,100007,100,101878,100,99952,100,101917,100,99948,100,101955,100,99882,100,102104,100,99847,100
2019-06-28 10:05:00.000000000,101212,229,100634,229,101615,225,100368,225,101647,225,100129,225,101654,100,100089,100,101688,100,100045,100,101834,100,100007,100,101878,100,99952,100,101917,100,99948,100,101955,100,99882,100,102104,100,99847,100
2019-06-28 10:05:04.144534038,101212,329,100634,229,101615,225,100368,225,101647,225,100129,225,101654,100,100089,100,101688,100,100045,100,101834,100,100007,100,101878,100,99952,100,101917,100,99948,100,101955,100,99882,100,102104,100,99847,100
2019-06-28 10:05:10.000000000,101212,276,100634,176,101615,176,100368,176,101647,176,100129,176,101654,176,100089,176,101688,176,100045,176,101834,100,100007,100,101878,100,99952,100,101917,100,99948,100,101955,100,99882,100,102104,100,99847,100
2019-06-28 10:05:20.000000000,101212,294,100634,194,101615,194,100368,194,101647,194,100129,194,101654,194,100089,194,101688,100,100045,100,101834,100,100007,100,101878,100,99952,100,101917,100,99948,100,101955,100,99882,100,102104,100,99847,100
2019-06-28 10:05:29.206716416,101212,294,100634,194,101615,194,100368,194,101647,194,100129,194,101654,194,100089,194,101688,100,100045,100,101834,100,100007,100,101878,100,99952,100,101917,100,99948,100,101955,100,99882,100,102104,100,99790,100
2019-06-28 10:05:30.000000000,101212,329,100634,229,101615,225,100368,225,101647,225,100129,225,101654,100,100089,100,101688,100,100045,100,101834,100,100007,100,101878,100,99952,100,101917,100,99948,100,101955,100,99882,100,102104,100,99790,100
2019-06-28 10:05:40.000000000,101212,294,100634,194,101615,194,100368,194,101647,194,100129,194,101654,194,100089,194,101688,100,100045,100,101834,100,100007,100,101878,100,99952,100,101917,100,99948,100,101955,100,99882,100,102104,100,99790,100
2019-06-28 10:05:50.000000000,101212,329,100634,229,101615,225,100368,225,101647,225,100129,225,101654,100,100089,100,101688,100,100045,100,101834,100,100007,100,101878,100,99952,100,101917,100,99948,100,101955,100,99882,100,102104,100,99790,100
2019-06-28 10:05:58.802079336,101212,329,100634,229,101615,225,100368,225,101647,225,100129,225,101654,100,100089,100,101688,100,100045,100,101834,100,100007,100,101878,100,99952,100,101917,100,99948,100,101955,100,99882,100,102104,100,99790,100
2019-06-28 10:06:00.000000000,101212,329,100634,229,101615,225,100368,225,101647,225,100129,225,101654,100,100089,100,101688,100,100045,100,101834,100,100007,100,101878,100,99952,100,101917,100,99948,100,101955,100,99882,100,102104,100,99790,100
2019-06-28 10:06:10.000000000,101212,389,100634,289,101615,289,100368,289,101647,100,100129,100,101654,100,100089,100,101688,100,100045,100,101834,100,100007,100,101878,100,99952,100,101917,100,99948,100,101955,100,99882,100,102104,100,99790,100
2019-06-28 10:06:19.640048291,101212,489,100634,289,101615,289,100368,289,101647,100,100129,100,101654,100,100089,100,101688,100,100045,100,101834,100,100007,100,101878,100,99952,100,101917,100,99948,100,101955,100,99882,100,102104,100,99790,100
2019-06-28 10:06:20.000000000,101212,429,100634,229,101615,225,100368,225,101647,225,100129,225,101654,100,100089,100,101688,100,100045,100,101834,100,100007,100,101878,100,99952,100,101917,100,99948,100,101955,100,99882,100,102104,100,99790,100
2019-06-28 10:06:30.000000000,101212,678,100634,478,101615,100,100368,100,101647,100,100129,100,101654,100,100089,100,101688,100,100045,100,101834,100,100007,100,101878,100,99952,100,101917,100,99948,100,101955,100,99882,100,102104,100,99790,100
2019-06-28 10:06:38.618674312,101212,778,100634,478,101615,100,100368,100,101647,100,100129,100,101654,100,100089,100,101688,100,100045,100,101834,100,100007,100,101878,100,99952,100,101917,100,99948,100,101955,100,99882,100,102104,100,99790,100
2019-06-28 10:06:40.000000000,101212,529,100634,229,101615,225,100368,225,101647,225,100129,225,101654,100,100089,100,101688,100,100045,100,101834,100,100007,100,101878,100,99952,100,101917,100,99948,100,101955,100,99882,100,102104,100,99790,100
2019-06-28 10:06:41.911147667,101212,529,100634,229,101615,225,100368,125,101647,225,100129,225,101654,100,100089,100,101688,100,100045,100,101834,100,100007,100,101878,100,99952,100,101917,100,99948,100,101955,100,99882,100,102104,100,99790,100
