,ask_price_1,ask_size_1,bid_price_1,bid_size_1,ask_price_2,ask_size_2,bid_price_2,bid_size_2,ask_price_3,ask_size_3,bid_price_3,bid_size_3,ask_price_4,ask_size_4,bid_price_4,bid_size_4,ask_price_5,ask_size_5,bid_price_5,bid_size_5,ask_price_6,ask_size_6,bid_price_6,bid_size_6,ask_price_7,ask_size_7,bid_price_7,bid_size_7,ask_price_8,ask_size_8,bid_price_8,bid_size_8,ask_price_9,ask_size_9,bid_price_9,bid_size_9,ask_price_10,ask_size_10,bid_price_10,bid_size_10
2019-06-28 09:30:00.000000001,100090,100,,,,,,,,,,,,,,,,,,,,,,,,,,,,,,,,,,,,,,
2019-06-28 09:30:00.000000003,100090,100,99915,100,100130,100,,,,,,,,,,,,,,,,,,,,,,,,,,,,,,,,,,
2019-06-28 09:30:00.000000004,100090,100,99915,100,100130,100,99906,100,,,,,,,,,,,,,,,,,,,,,,,,,,,,,,,,
2019-06-28 09:30:00.000000005,100090,100,99983,100,100130,100,99915,100,,,99906,100,,,,,,,,,,,,,,,,,,,,,,,,,,,,
2019-06-28 09:30:00.000000008,100090,100,100023,100,100130,100,99983,100,,,99915,100,,,99906,100,,,,,,,,,,,,,,,,,,,,,,,,
2019-06-28 09:30:00.000000009,100034,100,100023,100,100042,100,99983,100,100090,100,99915,100,100130,100,99906,100,,,,,,,,,,,,,,,,,,,,,,,,
2019-06-28 09:30:00.000000010,100034,100,100023,100,100042,100,99983,100,100090,100,99952,100,100130,100,99915,100,,,99912,100,,,99906,100,,,,,,,,,,,,,,,,
2019-06-28 09:30:00.000000011,100034,100,100023,100,100042,100,99999,100,100090,100,99983,100,100130,100,99952,100,,,99915,100,,,99912,100,,,99906,100,,,99894,100,,,,,,,,
2019-06-28 09:30:00.000000012,100034,100,100023,100,100042,100,99999,100,100090,100,99983,100,100130,100,99952,100,,,99932,100,,,99915,100,,,99912,100,,,99906,100,,,99894,100,,,,
2019-06-28 09:30:00.000000016,100034,100,100023,100,100042,100,99999,100,100085,100,99983,100,100090,100,99952,100,100130,100,99932,100,,,99915,100,,,99912,100,,,99906,100,,,99894,100,,,99861,100
2019-06-28 09:30:00.000000017,100034,100,100023,100,100042,100,99999,100,100085,100,99983,100,100090,100,99952,100,100130,100,99932,100,,,99915,100,,,99912,100,,,99906,100,,,99894,100,,,99869,100
2019-06-28 09:30:00.000000018,100034,100,100023,100,100042,100,99999,100,100085,100,99983,100,100090,100,99967,100,100130,100,99952,100,,,99932,100,,,99915,100,,,99912,100,,,99906,100,,,99894,100
2019-06-28 09:30:00.000000020,100034,100,100023,100,100042,100,99999,100,100085,100,99983,100,100090,100,99967,100,100130,100,99952,100,100151,100,99932,100,,,99915,100,,,99912,100,,,99906,100,,,99894,100
2019-06-28 09:30:00.000000022,100034,100,100023,100,100042,100,99999,100,100078,100,99983,100,100085,100,99967,100,100090,100,99952,100,100130,100,99932,100,100151,100,99915,100,,,99912,100,,,99906,100,,,99894,100
2019-06-28 09:30:00.000000025,100034,100,100023,100,100042,100,99999,100,100078,100,99988,100,100085,100,99983,100,100090,100,99967,100,100130,100,99952,100,100151,100,99932,100,,,99915,100,,,99912,100,,,99906,100
2019-06-28 09:30:00.000000027,100034,100,99999,100,100042,100,99988,100,100078,100,99983,100,100085,100,99967,100,100090,100,99952,100,100130,100,99932,100,100151,100,99915,100,,,99912,100,,,99906,100,,,99894,100
2019-06-28 09:30:00.000000028,100034,100,99999,100,100042,100,99988,100,100072,100,99983,100,100078,100,99967,100,100085,100,99952,100,100090,100,99932,100,100130,100,99915,100,100151,100,99912,100,,,99906,100,,,99894,100
2019-06-28 09:30:00.000000030,100034,100,99999,100,100041,100,99988,100,100042,100,99983,100,100072,100,99967,100,100078,100,99952,100,100085,100,99932,100,100090,100,99925,100,100130,100,99915,100,100151,100,99912,100,,,99906,100
2019-06-28 09:30:00.000000032,100034,100,99999,100,100041,100,99988,100,100042,100,99983,100,100072,100,99975,100,100078,100,99967,100,100085,100,99952,100,100090,100,99932,100,100130,100,99925,100,100151,100,99915,100,,,99912,100
2019-06-28 09:30:00.000000033,100034,100,99999,100,100041,100,99988,100,100042,100,99983,100,100072,100,99975,100,100078,100,99967,100,100085,100,99952,100,100090,100,99932,100,100107,100,99925,100,100130,100,99915,100,100151,100,99912,100
2019-06-28 09:30:00.000000034,100034,100,99988,100,100041,100,99983,100,100042,100,99975,100,100072,100,99967,100,100078,100,99952,100,100085,100,99932,100,100090,100,99925,100,100107,100,99915,100,100130,100,99912,100,100151,100,99906,100
2019-06-28 09:30:00.000000035,100034,100,99988,100,100041,100,99983,100,100042,100,99975,100,100069,100,99967,100,100072,100,99952,100,100078,100,99932,100,100085,100,99925,100,100090,100,99915,100,100107,100,99912,100,100130,100,99906,100
2019-06-28 09:30:00.000000037,100034,100,99988,100,100041,100,99983,100,100042,100,99975,100,100069,100,99967,100,100072,100,99952,100,100078,100,99932,100,100085,100,99925,100,100090,100,99915,100,100107,100,99912,100,100130,100,99906,100
2019-06-28 09:30:00.000000039,100034,100,99991,100,100041,100,99988,100,100042,100,99983,100,100069,100,99975,100,100072,100,99967,100,100078,100,99952,100,100085,100,99932,100,100090,100,99925,100,100107,100,99915,100,100130,100,99912,100
2019-06-28 09:30:00.000000040,100032,100,99991,100,100034,100,99988,100,100041,100,99983,100,100042,100,99975,100,100069,100,99967,100,100072,100,99952,100,100078,100,99932,100,100085,100,99925,100,100090,100,99915,100,100107,100,99912,100
2019-06-28 09:30:00.000000041,100032,100,99991,100,100034,100,99988,100,100041,100,99983,100,100042,100,99975,100,100069,100,99971,100,100072,100,99967,100,100078,100,99952,100,100085,100,99932,100,100090,100,99925,100,100107,100,99915,100
2019-06-28 09:30:00.000000044,99998,100,99991,100,100032,100,99988,100,100034,100,99983,100,100041,100,99975,100,100042,100,99971,100,100069,100,99967,100,100072,100,99952,100,100078,100,99932,100,100085,100,99925,100,100090,100,99915,100
2019-06-28 09:30:00.000000045,99998,100,99991,100,100032,100,99988,100,100034,100,99983,100,100041,100,99975,100,100042,100,99971,100,100069,100,99967,100,100072,100,99952,100,100078,100,99932,100,100085,100,99925,100,100090,100,99915,100
2019-06-28 09:30:00.000000049,100032,100,99991,100,100034,100,99988,100,100041,100,99983,100,100042,100,99975,100,100069,100,99971,100,100072,100,99967,100,100078,100,99952,100,100085,100,99932,100,100090,100,99925,100,100094,100,99915,100
2019-06-28 09:30:00.000000050,99999,100,99991,100,100032,100,99988,100,100034,100,99983,100,100041,100,99975,100,100042,100,99971,100,100069,100,99967,100,100072,100,99952,100,100078,100,99932,100,100085,100,99925,100,100090,100,99915,100
2019-06-28 09:30:00.000000051,100032,100,99991,100,100034,100,99988,100,100041,100,99983,100,100042,100,99975,100,100069,100,99971,100,100072,100,99967,100,100078,100,99952,100,100085,100,99932,100,100090,100,99925,100,100094,100,99915,100
2019-06-28 09:30:00.000000054,100032,100,99991,100,100034,100,99988,100,100041,100,99983,100,100042,100,99975,100,100069,200,99971,100,100072,100,99967,100,100078,100,99952,100,100085,100,99932,100,100090,100,99925,100,100094,100,99915,100
2019-06-28 09:30:00.000000055,100032,100,99991,100,100034,100,99988,100,100041,100,99983,100,100042,100,99975,100,100069,200,99971,100,100072,100,99967,100,100078,100,99952,100,100085,100,99932,100,100090,100,99925,100,100094,100,99915,100
2019-06-28 09:30:00.000000056,100032,100,99991,100,100034,100,99988,100,100041,100,99983,100,100042,100,99975,100,100069,200,99971,100,100072,100,99967,100,100078,100,99952,100,100085,100,99946,100,100090,100,99932,100,100094,100,99925,100
2019-06-28 09:30:00.000000058,99999,100,99991,100,100032,100,99988,100,100034,100,99983,100,100041,100,99975,100,100042,100,99971,100,100069,200,99967,100,100072,100,99952,100,100078,100,99946,100,100085,100,99932,100,100090,100,99925,100
2019-06-28 09:30:00.000000060,100032,100,99991,100,100034,100,99988,100,100041,100,99983,100,100042,100,99975,100,100069,200,99971,100,100072,100,99967,100,100078,100,99952,100,100083,100,99946,100,100085,100,99932,100,100090,100,99925,100
2019-06-28 09:30:00.000000061,99999,100,99991,100,100032,100,99988,100,100034,100,99983,100,100041,100,99975,100,100042,100,99971,100,100069,200,99967,100,100072,100,99952,100,100078,100,99946,100,100083,100,99932,100,100085,100,99925,100
2019-06-28 09:30:00.000000063,99999,100,99991,100,100032,100,99988,100,100034,100,99983,100,100041,100,99975,100,100042,100,99971,100,100052,100,99967,100,100069,200,99952,100,100072,100,99946,100,100078,100,99932,100,100083,100,99925,100
2019-06-28 09:30:00.000000065,99999,100,99991,100,100032,100,99988,100,100034,100,99983,100,100041,100,99975,100,100042,100,99971,100,100052,100,99967,100,100069,200,99952,100,100072,100,99946,100,100078,100,99932,100,100083,100,99929,100
2019-06-28 09:30:00.000000067,99999,100,99991,100,100032,100,99988,100,100034,100,99983,100,100041,100,99975,100,100042,100,99971,100,100052,100,99967,100,100069,200,99952,100,100072,100,99946,100,100076,100,99932,100,100078,100,99929,100
2019-06-28 09:30:00.000000068,99999,100,99991,100,100032,100,99988,100,100034,100,99983,100,100041,100,99975,100,100042,100,99971,100,100052,100,99967,100,100069,200,99952,100,100072,100,99946,100,100076,100,99932,100,100078,100,99929,100
2019-06-28 09:30:00.000000071,99999,100,99991,100,100032,100,99988,100,100034,100,99983,100,100041,100,99975,100,100042,100,99971,100,100052,100,99967,100,100069,200,99952,100,100072,100,99946,100,100076,100,99932,100,100078,100,99929,100
2019-06-28 09:30:00.000000075,99999,100,99991,100,100032,100,99988,100,100034,100,99983,100,100041,100,99975,100,100042,100,99971,100,100052,100,99967,100,100069,200,99952,100,100072,100,99946,100,100076,100,99932,100,100078,100,99929,100
2019-06-28 09:30:00.000000076,99999,100,99991,100,100032,100,99988,100,100034,100,99983,100,100041,100,99979,100,100042,200,99975,100,100052,100,99971,100,100069,200,99967,100,100072,100,99952,100,100076,100,99946,100,100078,100,99932,100
2019-06-28 09:30:00.000000077,99999,200,99991,100,100032,100,99988,100,100034,100,99983,100,100041,100,99979,100,100042,200,99975,100,100052,100,99971,100,100069,200,99967,100,100072,100,99952,100,100076,100,99946,100,100078,100,99932,100
2019-06-28 09:30:00.000000078,99999,200,99991,100,100032,100,99988,100,100034,100,99983,100,100041,100,99979,100,100042,200,99975,100,100052,100,99971,100,100069,200,99967,100,100072,100,99952,100,100076,100,99946,100,100078,100,99932,100
2019-06-28 09:30:00.000000083,99999,200,99991,100,100032,100,99988,100,100034,100,99983,100,100041,100,99979,100,100042,200,99975,100,100052,100,99971,100,100069,200,99967,100,100072,100,99952,100,100076,100,99946,100,100078,100,99932,100
2019-06-28 09:30:00.000000084,99999,200,99991,100,100032,100,99988,100,100034,100,99983,100,100041,100,99979,100,100042,200,99975,100,100052,100,99971,100,100069,200,99967,100,100072,100,99963,100,100076,100,99952,100,100078,100,99946,100
2019-06-28 09:30:00.000000086,99999,200,99991,100,100032,100,99988,100,100034,100,99983,100,100041,100,99979,100,100042,200,99975,100,100049,100,99971,100,100052,100,99967,100,100069,200,99963,100,100072,100,99952,100,100076,100,99946,100
2019-06-28 09:30:00.000000087,99999,200,99991,100,100032,100,99988,100,100034,100,99983,100,100041,100,99980,100,100042,200,99979,100,100049,100,99975,100,100052,100,99971,100,100069,200,99967,100,100072,100,99963,100,100076,100,99952,100
2019-06-28 09:30:00.000000091,99999,200,99991,100,100031,100,99988,100,100032,100,99983,100,100034,100,99980,100,100041,100,99979,100,100042,200,99975,100,100049,100,99971,100,100052,100,99967,100,100069,200,99963,100,100072,100,99952,100
2019-06-28 09:30:00.000000093,99999,300,99991,100,100031,100,99988,100,100032,100,99983,100,100034,100,99982,100,100041,100,99980,100,100042,200,99979,100,100049,100,99975,100,100052,100,99971,100,100069,200,99967,100,100072,100,99963,100
2019-06-28 09:30:08.128311310,99999,300,99988,100,100031,100,99983,100,100032,100,99982,100,100034,100,99980,100,100041,100,99979,100,100042,200,99975,100,100049,100,99971,100,100052,100,99967,100,100069,200,99963,100,100072,100,99952,100
2019-06-28 09:30:10.000000000,99999,584,99988,384,100031,100,99983,100,100032,100,99982,100,100034,100,99980,100,100041,100,99979,100,100042,200,99975,100,100049,100,99971,100,100052,100,99967,100,100069,200,99963,100,100072,100,99952,100
2019-06-28 09:30:20.000000000,99999,442,99988,242,100031,242,99983,242,100032,100,99982,100,100034,100,99980,100,100041,100,99979,100,100042,200,99975,100,100049,100,99971,100,100052,100,99967,100,100069,200,99963,100,100072,100,99952,100
2019-06-28 09:30:30.000000000,99999,442,99988,242,100031,242,99983,242,100032,100,99982,100,100034,100,99980,100,100041,100,99979,100,100042,200,99975,100,100049,100,99971,100,100052,100,99967,100,100069,200,99963,100,100072,100,99952,100
2019-06-28 09:30:40.000000000,99999,442,99988,242,100031,242,99983,242,100032,100,99982,100,100034,100,99980,100,100041,100,99979,100,100042,200,99975,100,100049,100,99971,100,100052,100,99967,100,100069,200,99963,100,100072,100,99952,100
2019-06-28 09:30:41.474533793,99999,442,99988,242,100004,100,99983,242,100031,142,99982,100,100032,100,99980,100,100034,100,99979,100,100041,100,99975,100,100042,200,99971,100,100049,100,99967,100,100052,100,99963,100,100069,200,99952,100
2019-06-28 09:30:50.000000000,99999,442,99988,242,100004,242,99983,242,100032,100,99982,100,100034,100,99980,100,100041,100,99979,100,100042,200,99975,100,100049,100,99971,100,100052,100,99967,100,100069,200,99963,100,100072,100,99952,100
2019-06-28 09:30:59.884739046,99999,342,99988,242,100004,242,99983,242,100032,100,99982,100,100034,100,99980,100,100041,100,99979,100,100042,200,99975,100,100049,100,99971,100,100052,100,99967,100,100069,200,99963,100,100072,100,99952,100
2019-06-28 09:31:00.000000000,99999,484,99988,384,100004,100,99983,100,100032,100,99982,100,100034,100,99980,100,100041,100,99979,100,100042,200,99975,100,100049,100,99971,100,100052,100,99967,100,100069,200,99963,100,100072,100,99952,100
2019-06-28 09:31:00.095358697,99999,384,99988,384,100004,100,99982,100,100032,100,99980,100,100034,100,99979,100,100041,100,99975,100,100042,200,99971,100,100049,100,99967,100,100052,100,99963,100,100069,200,99952,100,100072,100,99946,100
2019-06-28 09:31:10.000000000,99999,384,99988,384,100004,100,99982,100,100032,100,99980,100,100034,100,99979,100,100041,100,99975,100,100042,200,99971,100,100049,100,99967,100,100052,100,99963,100,100069,200,99952,100,100072,100,99946,100
2019-06-28 09:31:20.000000000,99999,197,99988,197,100004,194,99982,194,100032,194,99980,194,100034,100,99979,100,100041,100,99975,100,100042,200,99971,100,100049,100,99967,100,100052,100,99963,100,100069,200,99952,100,100072,100,99946,100
2019-06-28 09:31:30.000000000,99999,384,99988,384,100004,100,99982,100,100032,100,99980,100,100034,100,99979,100,100041,100,99975,100,100042,200,99971,100,100049,100,99967,100,100052,100,99963,100,100069,200,99952,100,100072,100,99946,100
2019-06-28 09:31:36.347802185,99999,384,99988,384,100004,100,99982,100,100032,100,99980,100,100034,100,99979,100,100041,100,99975,100,100042,200,99971,100,100049,100,99967,100,100052,100,99963,100,100069,200,99952,100,100072,100,99946,100
2019-06-28 09:31:40.000000000,99999,242,99988,242,100004,242,99982,242,100032,100,99980,100,100034,100,99979,100,100041,100,99975,100,100042,200,99971,100,100049,100,99967,100,100052,100,99963,100,100069,200,99952,100,100072,100,99946,100
2019-06-28 09:31:50.000000000,99999,242,99988,242,100004,242,99982,242,100032,100,99980,100,100034,100,99979,100,100041,100,99975,100,100042,200,99971,100,100049,100,99967,100,100052,100,99963,100,100069,200,99952,100,100072,100,99946,100
2019-06-28 09:31:52.032316278,99999,242,99988,242,100004,242,99982,242,100032,100,99980,100,100034,100,99979,100,100041,100,99975,100,100042,100,99971,100,100049,100,99967,100,100052,100,99963,100,100069,200,99952,100,100072,100,99946,100
2019-06-28 09:31:55.276493049,99999,242,99988,242,100004,242,99982,242,100032,100,99980,100,100034,100,99979,100,100041,100,99975,100,100042,100,99971,100,100049,100,99967,100,100052,100,99963,100,100069,200,99952,100,100072,100,99946,100
2019-06-28 09:32:00.000000000,99999,197,99988,197,100004,194,99982,194,100032,194,99980,194,100034,100,99979,100,100041,100,99975,100,100042,100,99971,100,100049,100,99967,100,100052,100,99963,100,100069,200,99952,100,100072,100,99946,100
2019-06-28 09:32:10.000000000,99999,157,99988,157,100004,157,99982,157,100032,157,99980,157,100034,157,99979,157,100041,157,99975,157,100042,100,99971,100,100049,100,99967,100,100052,100,99963,100,100069,200,99952,100,100072,100,99946,100
2019-06-28 09:32:11.979864134,99999,157,99988,57,100004,157,99982,157,100032,157,99980,157,100034,157,99979,157,100041,157,99975,157,100042,100,99971,100,100049,100,99967,100,100052,100,99963,100,100069,200,99952,100,100072,100,99946,100
2019-06-28 09:32:20.000000000,99999,197,99982,197,100004,194,99980,194,100032,194,99979,194,100034,100,99975,100,100041,100,99971,100,100042,100,99967,100,100049,100,99963,100,100052,100,99952,100,100069,200,99946,100,100072,100,99932,100
2019-06-28 09:32:30.000000000,99999,157,99982,157,100004,157,99980,157,100032,157,99979,157,100034,157,99975,157,100041,157,99971,157,100042,100,99967,100,100049,100,99963,100,100052,100,99952,100,100069,200,99946,100,100072,100,99932,100
2019-06-28 09:32:33.953459274,99999,157,99982,157,100004,57,99980,157,100032,157,99979,157,100034,157,99975,157,100041,157,99971,157,100042,100,99967,100,100049,100,99963,100,100052,100,99952,100,100069,200,99946,100,100072,100,99932,100
2019-06-28 09:32:39.474430927,99999,157,99982,157,100004,57,99980,157,100026,100,99979,157,100032,157,99975,157,100034,157,99971,157,100041,157,99967,100,100042,100,99963,100,100049,100,99952,100,100052,100,99946,100,100069,200,99932,100
2019-06-28 09:32:40.000000000,99999,157,99982,157,100026,157,99980,157,100032,157,99979,157,100034,157,99975,157,100041,157,99971,157,100042,100,99967,100,100049,100,99963,100,100052,100,99952,100,100069,200,99946,100,100072,100,99932,100
2019-06-28 09:32:40.253612870,99999,57,99982,157,100026,157,99980,57,100032,157,99979,157,100034,157,99975,157,100041,157,99971,157,100042,100,99967,100,100049,100,99963,100,100052,100,99952,100,100069,200,99946,100,100072,100,99932,100
2019-06-28 09:32:41.769411060,99999,57,99982,57,100026,157,99980,57,100032,157,99979,157,100034,157,99975,157,100041,57,99971,157,100042,100,99967,100,100049,100,99963,100,100052,100,99952,100,100069,200,99946,100,100072,100,99932,100
2019-06-28 09:32:50.000000000,100026,157,99979,157,100032,157,99975,157,100034,157,99971,157,100042,157,99967,157,100049,157,99963,157,100052,100,99952,100,100069,200,99946,100,100072,100,99932,100,100078,100,99929,100,100083,100,99925,100
2019-06-28 09:32:53.787601505,100026,157,99979,157,100032,157,99975,157,100034,157,99971,157,100042,157,99967,157,100049,157,99963,157,100052,100,99952,100,100069,200,99946,100,100072,100,99932,100,100083,100,99929,100,100085,100,99925,100
2019-06-28 09:33:00.000000000,100026,384,99979,384,100032,100,99975,100,100034,100,99971,100,100042,100,99967,100,100049,100,99963,100,100052,100,99952,100,100069,200,99946,100,100072,100,99932,100,100083,100,99929,100,100085,100,99925,100
2019-06-28 09:33:10.000000000,100026,197,99979,197,100032,194,99975,194,100034,194,99971,194,100042,100,99967,100,100049,100,99963,100,100052,100,99952,100,100069,200,99946,100,100072,100,99932,100,100083,100,99929,100,100085,100,99925,100
2019-06-28 09:33:20.000000000,100026,157,99979,157,100032,157,99975,157,100034,157,99971,157,100042,157,99967,157,100049,157,99963,157,100052,100,99952,100,100069,200,99946,100,100072,100,99932,100,100083,100,99929,100,100085,100,99925,100
2019-06-28 09:33:30.000000000,100026,197,99979,197,100032,194,99975,194,100034,194,99971,194,100042,100,99967,100,100049,100,99963,100,100052,100,99952,100,100069,200,99946,100,100072,100,99932,100,100083,100,99929,100,100085,100,99925,100
2019-06-28 09:33:33.591405064,100026,197,99979,197,100032,194,99975,194,100034,194,99971,194,100042,100,99967,100,100049,100,99963,100,100052,100,99952,100,100069,200,99946,100,100072,100,99932,100,100083,100,99929,100,100085,100,99925,100
2019-06-28 09:33:36.382273381,100026,97,99979,197,100032,194,99975,194,100034,194,99971,194,100042,100,99967,100,100049,100,99963,100,100052,100,99952,100,100069,200,99946,100,100072,100,99932,100,100083,100,99929,100,100085,100,99925,100
2019-06-28 09:33:40.000000000,100032,242,99979,242,100034,242,99975,242,100042,100,99971,100,100049,100,99967,100,100052,100,99963,100,100069,200,99952,100,100072,100,99946,100,100083,100,99932,100,100085,100,99929,100,100090,100,99925,100
2019-06-28 09:33:50.000000000,100032,171,99979,171,100034,171,99975,171,100042,171,99971,171,100049,171,99967,171,100052,100,99963,100,100069,200,99952,100,100072,100,99946,100,100083,100,99932,100,100085,100,99929,100,100090,100,99925,100
2019-06-28 09:34:00.000000000,100032,242,99979,242,100034,242,99975,242,100042,100,99971,100,100049,100,99967,100,100052,100,99963,100,100069,200,99952,100,100072,100,99946,100,100083,100,99932,100,100085,100,99929,100,100090,100,99925,100
2019-06-28 09:34:06.811865106,100032,142,99979,242,100034,242,99975,242,100042,100,99971,100,100049,100,99967,100,100052,100,99963,100,100069,200,99952,100,100072,100,99946,100,100083,100,99932,100,100085,100,99929,100,100090,100,99925,100
2019-06-28 09:34:10.000000000,100034,197,99979,197,100042,194,99975,194,100049,194,99971,194,100052,100,99967,100,100069,200,99963,100,100072,100,99952,100,100083,100,99946,100,100085,100,99932,100,100090,100,99929,100,100094,100,99925,100
2019-06-28 09:34:15.031368708,100034,197,99979,197,100042,194,99975,194,100049,194,99971,194,100052,100,99967,100,100069,200,99963,100,100072,100,99952,100,100083,100,99946,100,100085,100,99932,100,100090,100,99929,100,100094,100,99925,100
2019-06-28 09:34:16.871027808,100034,197,99979,97,100042,194,99975,194,100049,194,99971,194,100052,100,99967,100,100069,200,99963,100,100072,100,99952,100,100083,100,99946,100,100085,100,99932,100,100090,100,99929,100,100094,100,99925,100
2019-06-28 09:34:20.000000000,100034,384,99975,384,100042,100,99971,100,100049,100,99967,100,100052,100,99963,100,100069,200,99952,100,100072,100,99946,100,100083,100,99932,100,100085,100,99929,100,100090,100,99925,100,100094,100,99915,100
2019-06-28 09:34:30.000000000,100034,242,99975,242,100042,242,99971,242,100049,100,99967,100,100052,100,99963,100,100069,200,99952,100,100072,100,99946,100,100083,100,99932,100,100085,100,99929,100,100090,100,99925,100,100094,100,99915,100
2019-06-28 09:34:31.557253017,100034,142,99975,242,100042,242,99971,242,100049,100,99967,100,100052,100,99963,100,100069,200,99952,100,100072,100,99946,100,100083,100,99929,100,100085,100,99925,100,100090,100,99915,100,100094,100,99906,100
2019-06-28 09:34:40.000000000,100042,171,99975,171,100049,171,99971,171,100052,171,99967,171,100069,271,99963,171,100072,100,99952,100,100083,100,99946,100,100085,100,99929,100,100090,100,99925,100,100094,100,99915,100,100107,100,99906,100
2019-06-28 09:34:43.898522579,100042,171,99975,171,100049,171,99971,171,100052,171,99967,171,100069,271,99963,171,100072,100,99952,100,100083,100,99946,100,100085,100,99929,100,100090,100,99915,100,100094,100,99906,100,100107,100,99894,100
2019-06-28 09:34:50.000000000,100042,171,99975,171,100049,171,99971,171,100052,171,99967,171,100069,271,99963,171,100072,100,99952,100,100083,100,99946,100,100085,100,99929,100,100090,100,99915,100,100094,100,99906,100,100107,100,99894,100
2019-06-28 09:34:55.983321899,100042,71,99975,171,100049,171,99971,171,100052,171,99967,171,100069,271,99963,171,100072,100,99946,100,100083,100,99929,100,100085,100,99915,100,100090,100,99906,100,100094,100,99894,100,100107,100,99886,100
2019-06-28 09:35:00.000000000,100049,384,99975,384,100052,100,99971,100,100069,200,99967,100,100072,100,99963,100,100083,100,99946,100,100085,100,99929,100,100090,100,99915,100,100094,100,99906,100,100107,100,99894,100,100113,100,99886,100
2019-06-28 09:35:07.684001238,100049,284,99975,384,100052,100,99971,100,100069,200,99967,100,100072,100,99946,100,100083,100,99929,100,100085,100,99915,100,100090,100,99906,100,100094,100,99894,100,100107,100,99886,100,100113,100,99881,100
2019-06-28 09:35:10.000000000,100052,197,99975,197,100069,294,99971,194,100072,194,99967,194,100083,100,99946,100,100085,100,99929,100,100090,100,99915,100,100094,100,99906,100,100107,100,99894,100,100113,100,99886,100,100130,100,99881,100
2019-06-28 09:35:11.923129443,100052,197,100042,100,100069,294,99975,197,100072,194,99971,194,100083,100,99967,194,100085,100,99946,100,100090,100,99929,100,100094,100,99915,100,100107,100,99906,100,100113,100,99894,100,100130,100,99886,100
2019-06-28 09:35:19.422678028,100052,97,100042,100,100069,294,99975,197,100072,194,99971,194,100083,100,99967,194,100085,100,99946,100,100090,100,99929,100,100094,100,99915,100,100107,100,99906,100,100113,100,99894,100,100130,100,99886,100
2019-06-28 09:35:20.000000000,100069,342,100042,242,100072,242,99975,242,100083,100,99971,100,100085,100,99967,100,100090,100,99946,100,100094,100,99929,100,100107,100,99915,100,100113,100,99906,100,100130,100,99894,100,100151,200,99886,100
2019-06-28 09:35:30.000000000,100069,342,100042,242,100072,242,99975,242,100083,100,99971,100,100085,100,99967,100,100090,100,99946,100,100094,100,99929,100,100107,100,99915,100,100113,100,99906,100,100130,100,99894,100,100151,200,99886,100
2019-06-28 09:35:40.000000000,100069,271,100042,171,100072,171,99975,171,100083,171,99971,171,100085,171,99967,171,100090,100,99946,100,100094,100,99929,100,100107,100,99915,100,100113,100,99906,100,100130,100,99894,100,100151,200,99886,100
2019-06-28 09:35:43.682557967,100069,271,100049,100,100072,171,100042,171,100083,171,99975,171,100085,171,99971,171,100090,100,99967,171,100094,100,99946,100,100107,100,99929,100,100113,100,99915,100,100130,100,99906,100,100151,200,99894,100
2019-06-28 09:35:48.366685558,100069,271,100049,100,100072,171,100042,171,100083,171,99999,100,100085,171,99975,171,100090,100,99971,171,100094,100,99967,171,100107,100,99946,100,100113,100,99929,100,100130,100,99915,100,100151,200,99906,100
2019-06-28 09:35:50.000000000,100069,342,100049,242,100072,242,100042,242,100083,100,99999,100,100085,100,99975,100,100090,100,99971,100,100094,100,99967,100,100107,100,99946,100,100113,100,99929,100,100130,100,99915,100,100151,200,99906,100
2019-06-28 09:36:00.000000000,100069,271,100049,171,100072,171,100042,171,100083,171,99999,171,100085,171,99975,171,100090,100,99971,100,100094,100,99967,100,100107,100,99946,100,100113,100,99929,100,100130,100,99915,100,100151,200,99906,100
2019-06-28 09:36:02.200862250,100069,271,100049,71,100072,171,100042,171,100083,171,99999,171,100085,171,99975,171,100090,100,99971,100,100094,100,99967,100,100107,100,99946,100,100113,100,99929,100,100130,100,99915,100,100151,200,99906,100
2019-06-28 09:36:03.693082494,100069,271,100049,71,100072,71,100042,171,100078,100,99999,171,100083,171,99975,171,100085,171,99971,100,100090,100,99967,100,100094,100,99946,100,100107,100,99929,100,100113,100,99915,100,100130,100,99906,100
2019-06-28 09:36:10.000000000,100069,484,100042,384,100078,100,99999,100,100083,100,99975,100,100085,100,99971,100,100090,100,99967,100,100094,100,99946,100,100107,100,99929,100,100113,100,99915,100,100130,100,99906,100,100151,200,99894,100
2019-06-28 09:36:16.705410351,100069,484,100042,284,100078,100,99999,100,100083,100,99975,100,100085,100,99971,100,100090,100,99967,100,100094,100,99946,100,100107,100,99929,100,100113,100,99915,100,100130,100,99906,100,100151,200,99894,100
2019-06-28 09:36:20.000000000,100069,271,99999,171,100078,171,99975,171,100083,171,99971,171,100085,171,99967,171,100090,100,99946,100,100094,100,99929,100,100107,100,99915,100,100113,100,99906,100,100130,100,99894,100,100151,200,99886,100
2019-06-28 09:36:30.000000000,100069,257,99999,157,100078,157,99975,157,100083,157,99971,157,100085,157,99967,157,100090,157,99946,157,100094,100,99929,100,100107,100,99915,100,100113,100,99906,100,100130,100,99894,100,100151,200,99886,100
2019-06-28 09:36:37.785777636,100069,257,99999,157,100078,157,99975,157,100083,157,99971,157,100085,157,99967,157,100090,157,99946,157,100094,100,99929,100,100107,100,99915,100,100113,100,99906,100,100130,100,99894,100,100151,200,99886,100
2019-06-28 09:36:40.000000000,100069,297,99999,197,100078,194,99975,194,100083,194,99971,194,100085,100,99967,100,100090,100,99946,100,100094,100,99929,100,100107,100,99915,100,100113,100,99906,100,100130,100,99894,100,100151,200,99886,100
2019-06-28 09:36:45.431463341,100069,297,99999,97,100078,194,99975,194,100083,194,99971,194,100085,100,99967,100,100090,100,99946,100,100094,100,99929,100,100107,100,99915,100,100113,100,99906,100,100130,100,99894,100,100151,200,99886,100
2019-06-28 09:36:50.000000000,100069,271,99975,171,100078,171,99971,171,100083,171,99967,171,100085,171,99946,171,100090,100,99929,100,100094,100,99915,100,100107,100,99906,100,100113,100,99894,100,100130,100,99886,100,100151,200,99881,100
2019-06-28 09:37:00.000000000,100069,484,99975,384,100078,100,99971,100,100083,100,99967,100,100085,100,99946,100,100090,100,99929,100,100094,100,99915,100,100107,100,99906,100,100113,100,99894,100,100130,100,99886,100,100151,200,99881,100
2019-06-28 09:37:04.687344492,100069,484,99975,384,100078,100,99971,100,100083,100,99967,100,100085,100,99946,100,100090,100,99929,100,100094,100,99915,100,100107,100,99906,100,100113,100,99894,100,100130,100,99886,100,100151,200,99881,100
2019-06-28 09:37:07.416683861,100069,484,99975,284,100078,100,99971,100,100083,100,99967,100,100085,100,99946,100,100090,100,99929,100,100094,100,99906,100,100107,100,99894,100,100113,100,99886,100,100130,100,99881,100,100151,200,99869,100
2019-06-28 09:37:10.000000000,100069,484,99971,384,100078,100,99967,100,100083,100,99946,100,100085,100,99929,100,100090,100,99906,100,100094,100,99894,100,100107,100,99886,100,100113,100,99881,100,100130,100,99869,100,100151,200,99866,100
2019-06-28 09:37:17.612128031,100069,484,99971,384,100078,100,99967,100,100083,100,99946,100,100085,100,99929,100,100090,100,99906,100,100094,100,99894,100,100107,100,99886,100,100113,100,99881,100,100130,100,99869,100,100151,200,99866,100
2019-06-28 09:37:20.000000000,100069,257,99971,157,100078,157,99967,157,100083,157,99946,157,100085,157,99929,157,100090,157,99906,157,100094,100,99894,100,100107,100,99886,100,100113,100,99881,100,100130,100,99869,100,100151,200,99866,100
2019-06-28 09:37:30.000000000,100069,257,99971,157,100078,157,99967,157,100083,157,99946,157,100085,157,99929,157,100090,157,99906,157,100094,100,99894,100,100107,100,99886,100,100113,100,99881,100,100130,100,99869,100,100151,200,99866,100
2019-06-28 09:37:33.033849466,100069,257,99971,157,100078,157,99967,157,100083,157,99946,157,100085,157,99929,157,100090,157,99906,157,100094,100,99894,100,100107,100,99889,100,100113,100,99886,100,100130,100,99881,100,100151,200,99869,100
2019-06-28 09:37:35.098740901,100069,257,99971,157,100078,157,99967,157,100083,157,99946,157,100085,157,99929,157,100090,157,99906,157,100094,100,99894,100,100107,100,99889,100,100113,100,99886,100,100130,100,99869,100,100151,200,99866,100
2019-06-28 09:37:36.256279653,100069,257,99971,157,100078,157,99967,157,100083,157,99946,157,100085,157,99929,157,100090,157,99906,157,100094,100,99894,100,100107,100,99889,100,100113,100,99886,100,100130,100,99869,100,100151,200,99866,100
2019-06-28 09:37:40.000000000,100069,484,99971,384,100078,100,99967,100,100083,100,99946,100,100085,100,99929,100,100090,100,99906,100,100094,100,99894,100,100107,100,99889,100,100113,100,99886,100,100130,100,99869,100,100151,200,99866,100
2019-06-28 09:37:50.000000000,100069,297,99971,197,100078,194,99967,194,100083,194,99946,194,100085,100,99929,100,100090,100,99906,100,100094,100,99894,100,100107,100,99889,100,100113,100,99886,100,100130,100,99869,100,100151,200,99866,100
2019-06-28 09:37:58.910537817,100069,297,99971,97,100078,194,99967,194,100083,194,99946,194,100085,100,99929,100,100090,100,99906,100,100094,100,99894,100,100107,100,99889,100,100113,100,99886,100,100130,100,99869,100,100151,200,99866,100
2019-06-28 09:37:59.147587049,99971,3,99967,194,100069,297,99946,194,100078,194,99929,100,100083,194,99906,100,100085,100,99894,100,100090,100,99889,100,100094,100,99886,100,100107,100,99869,100,100113,100,99788,100,100130,100,99690,100
2019-06-28 09:38:00.000000000,99971,74,99967,171,100069,271,99946,171,100078,171,99929,171,100083,171,99906,171,100085,100,99894,100,100090,100,99889,100,100094,100,99886,100,100107,100,99869,100,100113,100,99788,100,100130,100,99690,100
2019-06-28 09:38:05.845833372,99971,74,99967,71,100069,271,99946,171,100078,171,99929,171,100083,171,99906,171,100085,100,99894,100,100090,100,99889,100,100094,100,99886,100,100107,100,99869,100,100113,100,99788,100,100130,100,99690,100
2019-06-28 09:38:10.000000000,99971,287,99946,384,100069,200,99929,100,100078,100,99906,100,100083,100,99894,100,100085,100,99889,100,100090,100,99886,100,100094,100,99869,100,100107,100,99788,100,100113,100,99690,100,100130,100,99677,100
2019-06-28 09:38:20.000000000,99971,60,99946,157,100069,257,99929,157,100078,157,99906,157,100083,157,99894,157,100085,157,99889,157,100090,100,99886,100,100094,100,99869,100,100107,100,99788,100,100113,100,99690,100,100130,100,99677,100
2019-06-28 09:38:30.000000000,99971,145,99946,242,100069,342,99929,242,100078,100,99906,100,100083,100,99894,100,100085,100,99889,100,100090,100,99886,100,100094,100,99869,100,100107,100,99788,100,100113,100,99690,100,100130,100,99677,100
2019-06-28 09:38:40.000000000,99971,100,99946,197,100069,294,99929,194,100078,194,99906,194,100083,100,99894,100,100085,100,99889,100,100090,100,99886,100,100094,100,99869,100,100107,100,99788,100,100113,100,99690,100,100130,100,99677,100
2019-06-28 09:38:50.000000000,99971,60,99946,157,100069,257,99929,157,100078,157,99906,157,100083,157,99894,157,100085,157,99889,157,100090,100,99886,100,100094,100,99869,100,100107,100,99788,100,100113,100,99690,100,100130,100,99677,100
2019-06-28 09:39:00.000000000,99971,74,99946,171,100069,271,99929,171,100078,171,99906,171,100083,171,99894,171,100085,100,99889,100,100090,100,99886,100,100094,100,99869,100,100107,100,99788,100,100113,100,99690,100,100130,100,99677,100
2019-06-28 09:39:09.431704341,99971,74,99968,100,100069,271,99946,171,100078,171,99929,171,100083,171,99906,171,100085,100,99894,171,100090,100,99889,100,100094,100,99886,100,100107,100,99869,100,100113,100,99788,100,100130,100,99690,100
2019-06-28 09:39:09.469649506,99971,74,99968,100,100069,271,99946,171,100078,171,99929,171,100083,171,99906,171,100085,100,99894,171,100090,100,99889,100,100094,100,99886,100,100107,100,99869,100,100113,100,99788,100,100130,100,99690,100
2019-06-28 09:39:10.000000000,99971,287,99968,384,100069,200,99946,100,100078,100,99929,100,100083,100,99906,100,100085,100,99894,100,100090,100,99889,100,100094,100,99886,100,100107,100,99869,100,100113,100,99788,100,100130,100,99690,100
2019-06-28 09:39:20.000000000,99971,74,99968,171,100069,271,99946,171,100078,171,99929,171,100083,171,99906,171,100085,100,99894,100,100090,100,99889,100,100094,100,99886,100,100107,100,99869,100,100113,100,99788,100,100130,100,99690,100
2019-06-28 09:39:20.944493724,100069,271,99971,26,100078,171,99968,171,100083,171,99946,171,100085,100,99929,171,100090,100,99906,171,100094,100,99894,100,100107,100,99889,100,100113,100,99886,100,100130,100,99869,100,100151,200,99788,100
2019-06-28 09:39:30.000000000,100069,297,99971,123,100078,194,99968,194,100083,194,99946,194,100085,100,99929,100,100090,100,99906,100,100094,100,99894,100,100107,100,99889,100,100113,100,99886,100,100130,100,99869,100,100151,200,99788,100
2019-06-28 09:39:31.008837959,100069,297,99971,123,100078,194,99969,100,100083,194,99968,94,100085,100,99946,194,100090,100,99929,100,100094,100,99906,100,100107,100,99894,100,100113,100,99889,100,100130,100,99886,100,100151,200,99869,100
2019-06-28 09:39:40.000000000,100069,257,99971,83,100078,157,99969,157,100083,157,99946,157,100085,157,99929,157,100090,157,99906,157,100094,100,99894,100,100107,100,99889,100,100113,100,99886,100,100130,100,99869,100,100151,200,99788,100
2019-06-28 09:39:50.000000000,100069,342,99971,168,100078,242,99969,242,100083,100,99946,100,100085,100,99929,100,100090,100,99906,100,100094,100,99894,100,100107,100,99889,100,100113,100,99886,100,100130,100,99869,100,100151,200,99788,100
2019-06-28 09:39:54.118402636,100069,242,99971,168,100078,242,99969,242,100083,100,99946,100,100085,100,99929,100,100090,100,99906,100,100094,100,99894,100,100113,100,99889,100,100130,100,99886,100,100151,200,99869,100,100223,100,99788,100
2019-06-28 09:40:00.000000000,100069,171,99971,97,100078,171,99969,171,100083,171,99946,171,100085,171,99929,171,100090,100,99906,100,100094,100,99894,100,100113,100,99889,100,100130,100,99886,100,100151,200,99869,100,100223,100,99788,100
2019-06-28 09:40:06.354428556,100069,71,99971,97,100078,171,99969,171,100083,171,99946,171,100085,171,99929,171,100090,100,99906,100,100094,100,99894,100,100113,100,99889,100,100130,100,99886,100,100151,200,99869,100,100223,100,99788,100
2019-06-28 09:40:10.000000000,100078,197,99971,123,100083,194,99969,194,100085,194,99946,194,100090,100,99929,100,100094,100,99906,100,100113,100,99894,100,100130,100,99889,100,100151,200,99886,100,100223,100,99869,100,100366,100,99788,100
2019-06-28 09:40:10.157420580,100078,97,99971,123,100083,194,99969,194,100085,194,99946,194,100090,100,99929,100,100094,100,99906,100,100113,100,99894,100,100130,100,99889,100,100151,200,99886,100,100223,100,99869,100,100366,100,99788,100
2019-06-28 09:40:12.475651647,100083,194,100078,3,100085,194,99971,123,100090,100,99969,194,100094,100,99946,194,100113,100,99929,100,100130,100,99906,100,100151,200,99894,100,100223,100,99889,100,100366,100,99886,100,100679,100,99869,100
2019-06-28 09:40:20.000000000,100083,384,100078,287,100085,100,99971,26,100090,100,99969,100,100094,100,99946,100,100113,100,99929,100,100130,100,99906,100,100151,200,99894,100,100223,100,99889,100,100366,100,99886,100,100679,100,99869,100
2019-06-28 09:40:30.000000000,100083,171,100078,74,100085,171,99971,97,100090,171,99969,171,100094,171,99946,171,100113,100,99929,100,100130,100,99906,100,100151,200,99894,100,100223,100,99889,100,100366,100,99886,100,100679,100,99869,100
2019-06-28 09:40:38.904862362,100081,100,100078,74,100083,171,99971,97,100085,171,99969,171,100090,171,99946,171,100094,171,99929,100,100113,100,99906,100,100130,100,99894,100,100151,200,99889,100,100223,100,99886,100,100366,100,99869,100
2019-06-28 09:40:40.000000000,100081,171,100078,74,100083,171,99971,97,100085,171,99969,171,100090,171,99946,171,100094,100,99929,100,100113,100,99906,100,100130,100,99894,100,100151,200,99889,100,100223,100,99886,100,100366,100,99869,100
2019-06-28 09:40:42.455525155,100081,171,100078,74,100083,171,99971,97,100085,171,99969,171,100090,171,99946,171,100094,100,99929,100,100113,100,99906,100,100130,100,99894,100,100142,100,99889,100,100151,200,99886,100,100223,100,99869,100
2019-06-28 09:40:50.000000000,100081,197,100078,100,100083,194,99971,120,100085,194,99969,194,100090,100,99946,100,100094,100,99929,100,100113,100,99906,100,100130,100,99894,100,100142,100,99889,100,100151,200,99886,100,100223,100,99869,100
2019-06-28 09:41:00.000000000,100081,197,100078,100,100083,194,99971,120,100085,194,99969,194,100090,100,99946,100,100094,100,99929,100,100113,100,99906,100,100130,100,99894,100,100142,100,99889,100,100151,200,99886,100,100223,100,99869,100
2019-06-28 09:41:10.000000000,100081,171,100078,74,100083,171,99971,97,100085,171,99969,171,100090,171,99946,171,100094,100,99929,100,100113,100,99906,100,100130,100,99894,100,100142,100,99889,100,100151,200,99886,100,100223,100,99869,100
2019-06-28 09:41:12.254418713,100081,171,100078,74,100083,171,99971,97,100085,171,99969,171,100090,171,99946,171,100094,100,99929,100,100113,100,99906,100,100130,100,99894,100,100142,100,99889,100,100151,200,99886,100,100223,200,99869,100
2019-06-28 09:41:14.127164896,100081,171,100078,71,100083,171,99971,97,100085,171,99969,171,100090,171,99946,171,100094,100,99929,100,100113,100,99906,100,100130,100,99894,100,100142,100,99889,100,100151,200,99886,100,100191,100,99869,100
2019-06-28 09:41:20.000000000,100081,242,99971,168,100083,242,99969,242,100085,100,99946,100,100090,100,99929,100,100094,100,99906,100,100113,100,99894,100,100130,100,99889,100,100142,100,99886,100,100151,200,99869,100,100191,100,99788,100
2019-06-28 09:41:30.000000000,100081,157,99971,83,100083,157,99969,157,100085,157,99946,157,100090,157,99929,157,100094,157,99906,157,100113,100,99894,100,100130,100,99889,100,100142,100,99886,100,100151,200,99869,100,100191,100,99788,100
2019-06-28 09:41:31.713821706,100081,157,100019,100,100083,157,99971,57,100085,157,99969,157,100090,157,99946,157,100094,157,99929,157,100113,100,99906,157,100130,100,99894,100,100142,100,99889,100,100151,200,99886,100,100191,100,99869,100
2019-06-28 09:41:40.000000000,100081,171,100019,171,100083,171,99969,171,100085,171,99946,171,100090,171,99929,171,100094,100,99906,100,100113,100,99894,100,100130,100,99889,100,100142,100,99886,100,100151,200,99869,100,100191,100,99788,100
2019-06-28 09:41:50.000000000,100081,242,100019,242,100083,242,99969,242,100085,100,99946,100,100090,100,99929,100,100094,100,99906,100,100113,100,99894,100,100130,100,99889,100,100142,100,99886,100,100151,200,99869,100,100191,100,99788,100
2019-06-28 09:41:55.483017308,100081,242,100019,242,100083,242,99969,242,100085,100,99946,100,100090,100,99929,100,100094,100,99906,100,100130,100,99894,100,100142,100,99889,100,100151,200,99886,100,100191,100,99869,100,100223,200,99788,100
2019-06-28 09:42:00.000000000,100081,197,100019,197,100083,194,99969,194,100085,194,99946,194,100090,100,99929,100,100094,100,99906,100,100130,100,99894,100,100142,100,99889,100,100151,200,99886,100,100191,100,99869,100,100223,200,99788,100
2019-06-28 09:42:10.000000000,100081,171,100019,171,100083,171,99969,171,100085,171,99946,171,100090,171,99929,171,100094,100,99906,100,100130,100,99894,100,100142,100,99889,100,100151,200,99886,100,100191,100,99869,100,100223,200,99788,100
2019-06-28 09:42:20.000000000,100081,384,100019,384,100083,100,99969,100,100085,100,99946,100,100090,100,99929,100,100094,100,99906,100,100130,100,99894,100,100142,100,99889,100,100151,200,99886,100,100191,100,99869,100,100223,200,99788,100
2019-06-28 09:42:23.237011384,100081,284,100019,384,100083,100,99969,100,100085,100,99946,100,100090,100,99929,100,100094,100,99906,100,100130,100,99894,100,100142,100,99889,100,100151,200,99886,100,100191,100,99869,100,100223,200,99788,100
2019-06-28 09:42:27.627362780,100081,284,100019,384,100083,100,99969,100,100085,100,99946,100,100090,100,99929,100,100094,100,99906,100,100130,100,99894,100,100142,100,99889,100,100151,200,99886,100,100184,100,99869,100,100191,100,99788,100
2019-06-28 09:42:30.000000000,100083,197,100019,197,100085,194,99969,194,100090,194,99946,194,100094,100,99929,100,100130,100,99906,100,100142,100,99894,100,100151,200,99889,100,100184,100,99886,100,100191,100,99869,100,100223,200,99788,100
2019-06-28 09:42:40.000000000,100083,171,100019,171,100085,171,99969,171,100090,171,99946,171,100094,171,99929,171,100130,100,99906,100,100142,100,99894,100,100151,200,99889,100,100184,100,99886,100,100191,100,99869,100,100223,200,99788,100
2019-06-28 09:42:50.000000000,100083,384,100019,384,100085,100,99969,100,100090,100,99946,100,100094,100,99929,100,100130,100,99906,100,100142,100,99894,100,100151,200,99889,100,100184,100,99886,100,100191,100,99869,100,100223,200,99788,100
2019-06-28 09:43:00.000000000,100083,171,100019,171,100085,171,99969,171,100090,171,99946,171,100094,171,99929,171,100130,100,99906,100,100142,100,99894,100,100151,200,99889,100,100184,100,99886,100,100191,100,99869,100,100223,200,99788,100
2019-06-28 09:43:10.000000000,100083,384,100019,384,100085,100,99969,100,100090,100,99946,100,100094,100,99929,100,100130,100,99906,100,100142,100,99894,100,100151,200,99889,100,100184,100,99886,100,100191,100,99869,100,100223,200,99788,100
2019-06-28 09:43:20.000000000,100083,384,100019,384,100085,100,99969,100,100090,100,99946,100,100094,100,99929,100,100130,100,99906,100,100142,100,99894,100,100151,200,99889,100,100184,100,99886,100,100191,100,99869,100,100223,200,99788,100
2019-06-28 09:43:23.483145258,100083,384,100019,384,100085,100,99969,100,100090,100,99946,100,100094,100,99929,100,100130,100,99906,100,100142,100,99894,100,100151,200,99889,100,100184,100,99886,100,100191,100,99869,100,100223,200,99788,100
2019-06-28 09:43:30.000000000,100083,171,100019,171,100085,171,99969,171,100090,171,99946,171,100094,171,99929,171,100130,100,99906,100,100142,100,99894,100,100151,200,99889,100,100184,100,99886,100,100191,100,99869,100,100223,200,99788,100
2019-06-28 09:43:34.458040859,100083,171,100019,171,100085,171,99969,171,100090,171,99946,171,100094,171,99929,171,100130,100,99906,100,100142,100,99894,100,100151,200,99889,100,100184,100,99886,100,100191,100,99869,100,100223,200,99690,100
2019-06-28 09:43:40.000000000,100083,197,100019,197,100085,194,99969,194,100090,194,99946,194,100094,100,99929,100,100130,100,99906,100,100142,100,99894,100,100151,200,99889,100,100184,100,99886,100,100191,100,99869,100,100223,200,99690,100
2019-06-28 09:43:50.000000000,100083,242,100019,242,100085,242,99969,242,100090,100,99946,100,100094,100,99929,100,100130,100,99906,100,100142,100,99894,100,100151,200,99889,100,100184,100,99886,100,100191,100,99869,100,100223,200,99690,100
2019-06-28 09:43:59.948837686,100083,242,100019,242,100085,242,99969,242,100090,100,99946,100,100094,100,99929,100,100130,100,99906,100,100142,100,99894,100,100151,200,99889,100,100184,100,99886,100,100191,100,99869,100,100223,200,99690,100
2019-06-28 09:44:00.000000000,100083,157,100019,157,100085,157,99969,157,100090,157,99946,157,100094,157,99929,157,100130,157,99906,157,100142,100,99894,100,100151,200,99889,100,100184,100,99886,100,100191,100,99869,100,100223,200,99690,100
2019-06-28 09:44:10.000000000,100083,242,100019,242,100085,242,99969,242,100090,100,99946,100,100094,100,99929,100,100130,100,99906,100,100142,100,99894,100,100151,200,99889,100,100184,100,99886,100,100191,100,99869,100,100223,200,99690,100
2019-06-28 09:44:10.635243374,100083,142,100019,242,100085,242,99969,242,100090,100,99946,100,100094,100,99929,100,100130,100,99906,100,100142,100,99894,100,100151,200,99889,100,100184,100,99886,100,100191,100,99869,100,100223,100,99690,100
2019-06-28 09:44:20.000000000,100085,197,100019,197,100090,194,99969,194,100094,194,99946,194,100130,100,99929,100,100142,100,99906,100,100151,200,99894,100,100184,100,99889,100,100191,100,99886,100,100223,100,99869,100,100298,100,99690,100
2019-06-28 09:44:30.000000000,100085,197,100019,197,100090,194,99969,194,100094,194,99946,194,100130,100,99929,100,100142,100,99906,100,100151,200,99894,100,100184,100,99889,100,100191,100,99886,100,100223,100,99869,100,100298,100,99690,100
2019-06-28 09:44:40.000000000,100085,242,100019,242,100090,242,99969,242,100094,100,99946,100,100130,100,99929,100,100142,100,99906,100,100151,200,99894,100,100184,100,99889,100,100191,100,99886,100,100223,100,99869,100,100298,100,99690,100
2019-06-28 09:44:45.664789423,100085,242,100019,242,100090,242,99969,142,100094,100,99946,100,100130,100,99929,100,100142,100,99906,100,100151,200,99894,100,100184,100,99889,100,100191,100,99886,100,100223,100,99869,100,100298,100,99690,100
2019-06-28 09:44:50.000000000,100085,197,100019,197,100090,194,99946,194,100094,194,99929,194,100130,100,99906,100,100142,100,99894,100,100151,200,99889,100,100184,100,99886,100,100191,100,99869,100,100223,100,99690,100,100298,100,99677,100
2019-06-28 09:45:00.000000000,100085,197,100019,197,100090,194,99946,194,100094,194,99929,194,100130,100,99906,100,100142,100,99894,100,100151,200,99889,100,100184,100,99886,100,100191,100,99869,100,100223,100,99690,100,100298,100,99677,100
2019-06-28 09:45:10.000000000,100085,157,100019,157,100090,157,99946,157,100094,157,99929,157,100130,157,99906,157,100142,157,99894,157,100151,200,99889,100,100184,100,99886,100,100191,100,99869,100,100223,100,99690,100,100298,100,99677,100
2019-06-28 09:45:11.049562471,100085,157,100019,157,100090,157,99946,157,100094,157,99929,157,100130,157,99906,157,100142,157,99894,157,100151,200,99889,100,100184,100,99886,100,100191,100,99869,100,100223,100,99690,100,100298,100,99633,100
2019-06-28 09:45:20.000000000,100085,384,100019,384,100090,100,99946,100,100094,100,99929,100,100130,100,99906,100,100142,100,99894,100,100151,200,99889,100,100184,100,99886,100,100191,100,99869,100,100223,100,99690,100,100298,100,99633,100
2019-06-28 09:45:22.603232609,100085,284,100019,384,100090,100,99946,100,100094,100,99929,100,100130,100,99906,100,100142,100,99894,100,100151,200,99889,100,100184,100,99886,100,100191,100,99869,100,100223,100,99690,100,100298,100,99633,100
2019-06-28 09:45:30.000000000,100090,197,100019,197,100094,194,99946,194,100130,194,99929,194,100142,100,99906,100,100151,200,99894,100,100184,100,99889,100,100191,100,99886,100,100223,100,99869,100,100298,100,99690,100,100366,100,99633,100
2019-06-28 09:45:32.481611147,100090,197,100019,197,100094,194,99946,194,100130,194,99929,194,100142,100,99906,100,100151,200,99894,100,100184,100,99889,100,100191,100,99869,100,100223,100,99690,100,100298,100,99633,100,100366,100,,
2019-06-28 09:45:38.676700163,100090,97,100019,197,100094,194,99946,194,100130,194,99929,194,100142,100,99906,100,100151,200,99894,100,100184,100,99889,100,100191,100,99869,100,100223,100,99690,100,100298,100,99633,100,100366,100,,
2019-06-28 09:45:40.000000000,100094,157,100019,157,100130,157,99946,157,100142,157,99929,157,100151,257,99906,157,100184,157,99894,157,100191,100,99889,100,100223,100,99869,100,100298,100,99690,100,100366,100,99633,100,100610,100,,
2019-06-28 09:45:50.000000000,100094,171,100019,171,100130,171,99946,171,100142,171,99929,171,100151,271,99906,171,100184,100,99894,100,100191,100,99889,100,100223,100,99869,100,100298,100,99690,100,100366,100,99633,100,100610,100,,
2019-06-28 09:45:53.971894575,100094,71,100019,171,100130,171,99946,171,100142,171,99929,171,100151,271,99906,171,100184,100,99894,100,100191,100,99889,100,100223,100,99869,100,100298,100,99690,100,100366,100,99633,100,100610,100,,
2019-06-28 09:46:00.000000000,100130,242,100019,242,100142,242,99946,242,100151,200,99929,100,100184,100,99906,100,100191,100,99894,100,100223,100,99889,100,100298,100,99869,100,100366,100,99690,100,100610,100,99633,100,100713,100,,
2019-06-28 09:46:10.000000000,100130,384,100019,384,100142,100,99946,100,100151,200,99929,100,100184,100,99906,100,100191,100,99894,100,100223,100,99889,100,100298,100,99869,100,100366,100,99690,100,100610,100,99633,100,100713,100,,
2019-06-28 09:46:18.735283794,100130,384,100019,384,100142,100,99946,100,100151,200,99929,100,100184,100,99906,100,100191,100,99894,100,100223,100,99889,100,100298,100,99869,100,100366,100,99690,100,100610,100,99633,100,100713,100,,
2019-06-28 09:46:20.000000000,100130,242,100019,242,100142,242,99946,242,100151,200,99929,100,100184,100,99906,100,100191,100,99894,100,100223,100,99889,100,100298,100,99869,100,100366,100,99690,100,100610,100,99633,100,100713,100,,
2019-06-28 09:46:30.000000000,100130,197,100019,197,100142,194,99946,194,100151,294,99929,194,100184,100,99906,100,100191,100,99894,100,100223,100,99889,100,100298,100,99869,100,100366,100,99690,100,100610,100,99633,100,100713,100,,
2019-06-28 09:46:36.820414721,100130,197,100090,100,100142,194,100019,197,100151,294,99946,194,100184,100,99929,194,100191,100,99906,100,100223,100,99894,100,100298,100,99889,100,100366,100,99869,100,100610,100,99690,100,100713,100,99633,100
2019-06-28 09:46:40.000000000,100130,242,100090,242,100142,242,100019,242,100151,200,99946,100,100184,100,99929,100,100191,100,99906,100,100223,100,99894,100,100298,100,99889,100,100366,100,99869,100,100610,100,99690,100,100713,100,99633,100
2019-06-28 09:46:50.000000000,100130,384,100090,384,100142,100,100019,100,100151,200,99946,100,100184,100,99929,100,100191,100,99906,100,100223,100,99894,100,100298,100,99889,100,100366,100,99869,100,100610,100,99690,100,100713,100,99633,100
2019-06-28 09:47:00.000000000,100130,157,100090,157,100142,157,100019,157,100151,257,99946,157,100184,157,99929,157,100191,157,99906,157,100223,100,99894,100,100298,100,99889,100,100366,100,99869,100,100610,100,99690,100,100713,100,99633,100
2019-06-28 09:47:00.499879700,100130,57,100090,157,100142,157,100019,157,100151,257,99946,157,100184,157,99929,157,100191,157,99906,157,100223,100,99894,100,100298,100,99889,100,100366,100,99869,100,100610,100,99690,100,100713,100,99633,100
2019-06-28 09:47:10.000000000,100142,384,100090,384,100151,200,100019,100,100184,100,99946,100,100191,100,99929,100,100223,100,99906,100,100298,100,99894,100,100366,100,99889,100,100610,100,99869,100,100713,100,99690,100,100744,100,99633,100
2019-06-28 09:47:16.222026832,100142,384,100090,384,100151,200,100019,100,100184,100,99946,100,100191,100,99929,100,100223,100,99906,100,100298,100,99894,100,100366,100,99889,100,100610,100,99869,100,100713,100,99690,100,100744,100,99633,100
2019-06-28 09:47:20.000000000,100142,197,100090,197,100151,294,100019,194,100184,194,99946,194,100191,100,99929,100,100223,100,99906,100,100298,100,99894,100,100366,100,99889,100,100610,100,99869,100,100713,100,99690,100,100744,100,99633,100
2019-06-28 09:47:26.482687737,100142,197,100094,100,100151,294,100090,197,100184,194,100019,194,100191,100,99946,194,100223,100,99929,100,100298,100,99906,100,100366,100,99894,100,100610,100,99889,100,100713,100,99869,100,100744,100,99690,100
2019-06-28 09:47:29.671420220,100142,197,100094,100,100151,294,100090,197,100184,194,100019,194,100191,100,99946,194,100223,100,99929,100,100298,100,99906,100,100366,100,99894,100,100512,100,99889,100,100610,100,99869,100,100713,100,99690,100
2019-06-28 09:47:30.000000000,100142,384,100094,384,100151,200,100090,100,100184,100,100019,100,100191,100,99946,100,100223,100,99929,100,100298,100,99906,100,100366,100,99894,100,100512,100,99889,100,100610,100,99869,100,100713,100,99690,100
2019-06-28 09:47:31.525750856,100142,384,100094,384,100151,200,100090,100,100184,100,100019,100,100191,100,99946,100,100223,100,99929,100,100298,100,99906,100,100366,100,99894,100,100512,100,99889,100,100610,100,99869,100,100660,100,99690,100
2019-06-28 09:47:36.409594985,100142,284,100094,384,100151,200,100090,100,100184,100,100019,100,100191,100,99946,100,100223,100,99929,100,100298,100,99906,100,100366,100,99894,100,100512,100,99889,100,100610,100,99869,100,100660,100,99690,100
2019-06-28 09:47:40.000000000,100151,342,100094,242,100184,242,100090,242,100191,100,100019,100,100223,100,99946,100,100298,100,99929,100,100366,100,99906,100,100512,100,99894,100,100610,100,99889,100,100660,100,99869,100,100713,100,99690,100
2019-06-28 09:47:45.370454403,100151,342,100094,242,100184,242,100090,242,100191,100,100019,100,100223,100,99946,100,100298,100,99929,100,100366,100,99906,100,100512,100,99894,100,100610,100,99889,100,100660,100,99690,100,100713,100,99633,100
2019-06-28 09:47:50.000000000,100151,342,100094,242,100184,242,100090,242,100191,100,100019,100,100223,100,99946,100,100298,100,99929,100,100366,100,99906,100,100512,100,99894,100,100610,100,99889,100,100660,100,99690,100,100713,100,99633,100
2019-06-28 09:48:00.000000000,100151,297,100094,197,100184,194,100090,194,100191,194,100019,194,100223,100,99946,100,100298,100,99929,100,100366,100,99906,100,100512,100,99894,100,100610,100,99889,100,100660,100,99690,100,100713,100,99633,100
2019-06-28 09:48:10.000000000,100151,297,100094,197,100184,194,100090,194,100191,194,100019,194,100223,100,99946,100,100298,100,99929,100,100366,100,99906,100,100512,100,99894,100,100610,100,99889,100,100660,100,99690,100,100713,100,99633,100
2019-06-28 09:48:20.000000000,100151,484,100094,384,100184,100,100090,100,100191,100,100019,100,100223,100,99946,100,100298,100,99929,100,100366,100,99906,100,100512,100,99894,100,100610,100,99889,100,100660,100,99690,100,100713,100,99633,100
2019-06-28 09:48:30.000000000,100151,484,100094,384,100184,100,100090,100,100191,100,100019,100,100223,100,99946,100,100298,100,99929,100,100366,100,99906,100,100512,100,99894,100,100610,100,99889,100,100660,100,99690,100,100713,100,99633,100
2019-06-28 09:48:40.000000000,100151,342,100094,242,100184,242,100090,242,100191,100,100019,100,100223,100,99946,100,100298,100,99929,100,100366,100,99906,100,100512,100,99894,100,100610,100,99889,100,100660,100,99690,100,100713,100,99633,100
2019-06-28 09:48:50.000000000,100151,297,100094,197,100184,194,100090,194,100191,194,100019,194,100223,100,99946,100,100298,100,99929,100,100366,100,99906,100,100512,100,99894,100,100610,100,99889,100,100660,100,99690,100,100713,100,99633,100
2019-06-28 09:48:51.874596132,100151,297,100094,197,100184,194,100090,194,100191,194,100019,94,100223,100,99946,100,100298,100,99929,100,100366,100,99906,100,100512,100,99894,200,100610,100,99889,100,100660,100,99690,100,100713,100,99633,100
2019-06-28 09:48:52.976432737,100151,197,100094,197,100184,194,100090,194,100191,194,100019,94,100223,100,99946,100,100298,100,99929,100,100366,100,99906,100,100512,100,99894,200,100610,100,99889,100,100660,100,99690,100,100713,100,99633,100
2019-06-28 09:49:00.000000000,100151,242,100094,242,100184,242,100090,242,100191,100,99946,100,100223,100,99929,100,100298,100,99906,100,100366,100,99894,200,100512,100,99889,100,100610,100,99690,100,100660,100,99633,100,100713,100,,
2019-06-28 09:49:02.544506828,100141,100,100094,242,100151,242,100090,242,100184,242,99946,100,100191,100,99929,100,100223,100,99906,100,100298,100,99894,200,100366,100,99889,100,100512,100,99690,100,100610,100,99633,100,100660,100,,
2019-06-28 09:49:10.000000000,100141,242,100094,242,100151,242,100090,242,100184,100,99946,100,100191,100,99929,100,100223,100,99906,100,100298,100,99894,200,100366,100,99889,100,100512,100,99690,100,100610,100,99633,100,100660,100,,
2019-06-28 09:49:20.000000000,100141,171,100094,171,100151,171,100090,171,100184,171,99946,171,100191,171,99929,171,100223,100,99906,100,100298,100,99894,200,100366,100,99889,100,100512,100,99690,100,100610,100,99633,100,100660,100,,
2019-06-28 09:49:20.998701352,100141,171,100094,171,100151,171,100090,171,100184,71,99946,171,100191,171,99929,171,100223,100,99906,100,100298,100,99894,200,100315,100,99889,100,100366,100,99690,100,100512,100,99633,100,100610,100,,
2019-06-28 09:49:30.000000000,100141,157,100094,157,100151,157,100090,157,100191,157,99946,157,100223,157,99929,157,100298,157,99906,157,100315,100,99894,200,100366,100,99889,100,100512,100,99690,100,100610,100,99633,100,100660,100,,
2019-06-28 09:49:32.730965351,100141,57,100094,157,100151,157,100090,157,100191,157,99946,157,100223,157,99929,157,100298,157,99906,157,100315,100,99894,200,100366,100,99889,100,100512,100,99690,100,100610,100,99633,100,100660,100,,
2019-06-28 09:49:36.463621019,100151,157,100141,43,100191,157,100094,157,100223,157,100090,157,100298,157,99946,157,100315,100,99929,157,100366,100,99906,157,100512,100,99894,200,100610,100,99889,100,100660,100,99690,100,100713,100,99633,100
2019-06-28 09:49:40.000000000,100151,384,100141,327,100191,100,100094,100,100223,100,100090,100,100298,100,99946,100,100315,100,99929,100,100366,100,99906,100,100512,100,99894,200,100610,100,99889,100,100660,100,99690,100,100713,100,99633,100
2019-06-28 09:49:50.000000000,100151,171,100141,114,100191,171,100094,171,100223,171,100090,171,100298,171,99946,171,100315,100,99929,100,100366,100,99906,100,100512,100,99894,200,100610,100,99889,100,100660,100,99690,100,100713,100,99633,100
2019-06-28 09:50:00.000000000,100151,157,100141,100,100191,157,100094,157,100223,157,100090,157,100298,157,99946,157,100315,157,99929,157,100366,100,99906,100,100512,100,99894,200,100610,100,99889,100,100660,100,99690,100,100713,100,99633,100
2019-06-28 09:50:10.000000000,100151,384,100141,327,100191,100,100094,100,100223,100,100090,100,100298,100,99946,100,100315,100,99929,100,100366,100,99906,100,100512,100,99894,200,100610,100,99889,100,100660,100,99690,100,100713,100,99633,100
2019-06-28 09:50:15.344194254,100151,384,100141,427,100191,100,100094,100,100223,100,100090,100,100298,100,99946,100,100315,100,99929,100,100366,100,99906,100,100512,100,99894,200,100610,100,99889,100,100660,100,99690,100,100713,100,99633,100
2019-06-28 09:50:19.263204733,100151,284,100141,427,100191,100,100094,100,100223,100,100090,100,100298,100,99946,100,100315,100,99929,100,100366,100,99906,100,100512,100,99894,200,100610,100,99889,100,100660,100,99690,100,100713,100,99633,100
2019-06-28 09:50:20.000000000,100191,242,100141,285,100223,242,100094,242,100298,100,100090,100,100315,100,99946,100,100366,100,99929,100,100512,100,99906,100,100610,100,99894,200,100660,100,99889,100,100713,100,99690,100,100744,100,99633,100
2019-06-28 09:50:24.382857127,100191,142,100141,285,100223,242,100094,242,100298,100,100090,100,100315,100,99946,100,100366,100,99929,100,100512,100,99906,100,100610,100,99894,100,100660,100,99889,100,100713,100,99690,100,100744,100,99633,100
2019-06-28 09:50:30.000000000,100223,384,100141,427,100298,100,100094,100,100315,100,100090,100,100366,100,99946,100,100512,100,99929,100,100610,100,99906,100,100660,100,99894,100,100713,100,99889,100,100744,100,99690,100,100761,100,99633,100
2019-06-28 09:50:40.000000000,100223,242,100141,285,100298,242,100094,242,100315,100,100090,100,100366,100,99946,100,100512,100,99929,100,100610,100,99906,100,100660,100,99894,100,100713,100,99889,100,100744,100,99690,100,100761,100,99633,100
2019-06-28 09:50:50.000000000,100223,171,100141,214,100298,171,100094,171,100315,171,100090,171,100366,171,99946,171,100512,100,99929,100,100610,100,99906,100,100660,100,99894,100,100713,100,99889,100,100744,100,99690,100,100761,100,99633,100
2019-06-28 09:50:57.993433723,100223,71,100141,214,100298,171,100094,171,100315,171,100090,171,100366,171,99946,171,100512,100,99929,100,100610,100,99906,100,100660,100,99894,100,100713,100,99690,100,100744,100,99633,100,100761,100,,
2019-06-28 09:51:00.000000000,100298,242,100141,285,100315,242,100094,242,100366,100,100090,100,100512,100,99946,100,100610,100,99929,100,100660,100,99906,100,100713,100,99894,100,100744,100,99690,100,100761,100,99633,100,100963,100,,
2019-06-28 09:51:02.792722228,100298,242,100141,285,100315,242,100094,242,100366,100,100090,100,100458,100,99946,100,100512,100,99929,100,100610,100,99906,100,100660,100,99894,100,100713,100,99690,100,100744,100,99633,100,100761,100,,
2019-06-28 09:51:10.000000000,100298,384,100141,427,100315,100,100094,100,100366,100,100090,100,100458,100,99946,100,100512,100,99929,100,100610,100,99906,100,100660,100,99894,100,100713,100,99690,100,100744,100,99633,100,100761,100,,
2019-06-28 09:51:17.297498057,100298,284,100141,427,100315,100,100094,100,100366,100,100090,100,100458,100,99946,100,100512,100,99929,100,100610,100,99906,100,100660,100,99894,100,100713,100,99690,100,100744,100,99633,100,100761,100,,
2019-06-28 09:51:20.000000000,100315,242,100141,285,100366,242,100094,242,100458,100,100090,100,100512,100,99946,100,100610,100,99929,100,100660,100,99906,100,100713,100,99894,100,100744,100,99690,100,100761,100,99633,100,100963,100,,
2019-06-28 09:51:20.629378935,100315,242,100141,285,100366,242,100094,242,100458,100,100090,100,100512,100,99946,100,100610,100,99929,100,100660,100,99906,100,100662,100,99894,100,100713,100,99690,100,100744,100,99633,100,100761,100,,
2019-06-28 09:51:30.000000000,100315,197,100141,240,100366,194,100094,194,100458,194,100090,194,100512,100,99946,100,100610,100,99929,100,100660,100,99906,100,100662,100,99894,100,100713,100,99690,100,100744,100,99633,100,100761,100,,
2019-06-28 09:51:37.690090192,100315,197,100141,240,100361,100,100094,194,100366,194,100090,194,100458,194,99946,100,100512,100,99906,100,100610,100,99894,100,100660,100,99690,100,100662,100,99633,100,100713,100,,,100744,100,,
2019-06-28 09:51:40.000000000,100315,197,100141,240,100361,194,100094,194,100366,194,100090,194,100458,100,99946,100,100512,100,99906,100,100610,100,99894,100,100660,100,99690,100,100662,100,99633,100,100713,100,,,100744,100,,
2019-06-28 09:51:45.651315257,100315,197,100141,240,100361,194,100094,194,100366,194,100090,194,100458,100,99946,100,100480,100,99906,100,100512,100,99894,100,100610,100,99690,100,100660,100,99633,100,100662,100,,,100713,100,,
2019-06-28 09:51:50.000000000,100315,171,100141,214,100361,171,100094,171,100366,171,100090,171,100458,171,99946,171,100480,100,99906,100,100512,100,99894,100,100610,100,99690,100,100660,100,99633,100,100662,100,,,100713,100,,
2019-06-28 09:52:00.000000000,100315,197,100141,240,100361,194,100094,194,100366,194,100090,194,100458,100,99946,100,100480,100,99906,100,100512,100,99894,100,100610,100,99690,100,100660,100,99633,100,100662,100,,,100713,100,,
2019-06-28 09:52:10.000000000,100315,242,100141,285,100361,242,100094,242,100366,100,100090,100,100458,100,99946,100,100480,100,99906,100,100512,100,99894,100,100610,100,99690,100,100660,100,99633,100,100662,100,,,100713,100,,
2019-06-28 09:52:15.743184641,100315,242,100141,285,100361,242,100094,242,100366,100,100090,100,100458,100,99946,100,100480,100,99906,100,100512,100,99894,100,100610,100,99690,100,100660,100,99673,100,100662,100,99633,100,100713,100,,
2019-06-28 09:52:20.000000000,100315,242,100141,285,100361,242,100094,242,100366,100,100090,100,100458,100,99946,100,100480,100,99906,100,100512,100,99894,100,100610,100,99690,100,100660,100,99673,100,100662,100,99633,100,100713,100,,
2019-06-28 09:52:27.389142721,100222,100,100141,285,100315,242,100094,242,100361,242,100090,100,100366,100,99946,100,100458,100,99906,100,100480,100,99894,100,100512,100,99690,100,100610,100,99673,100,100660,100,99633,100,100662,100,,
2019-06-28 09:52:30.000000000,100222,384,100141,427,100315,100,100094,100,100361,100,100090,100,100366,100,99946,100,100458,100,99906,100,100480,100,99894,100,100512,100,99690,100,100610,100,99673,100,100660,100,99633,100,100662,100,,
2019-06-28 09:52:40.000000000,100222,171,100141,214,100315,171,100094,171,100361,171,100090,171,100366,171,99946,171,100458,100,99906,100,100480,100,99894,100,100512,100,99690,100,100610,100,99673,100,100660,100,99633,100,100662,100,,
2019-06-28 09:52:46.192707155,100222,171,100141,214,100315,171,100094,171,100361,171,100090,171,100366,171,99946,171,100458,100,99933,100,100480,100,99906,100,100512,100,99894,100,100610,100,99690,100,100660,100,99673,100,100662,100,99633,100
2019-06-28 09:52:50.000000000,100222,384,100141,427,100315,100,100094,100,100361,100,100090,100,100366,100,99946,100,100458,100,99933,100,100480,100,99906,100,100512,100,99894,100,100610,100,99690,100,100660,100,99673,100,100662,100,99633,100
2019-06-28 09:53:00.000000000,100222,384,100141,427,100315,100,100094,100,100361,100,100090,100,100366,100,99946,100,100458,100,99933,100,100480,100,99906,100,100512,100,99894,100,100610,100,99690,100,100660,100,99673,100,100662,100,99633,100
2019-06-28 09:53:10.000000000,100222,384,100141,427,100315,100,100094,100,100361,100,100090,100,100366,100,99946,100,100458,100,99933,100,100480,100,99906,100,100512,100,99894,100,100610,100,99690,100,100660,100,99673,100,100662,100,99633,100
2019-06-28 09:53:20.000000000,100222,242,100141,285,100315,242,100094,242,100361,100,100090,100,100366,100,99946,100,100458,100,99933,100,100480,100,99906,100,100512,100,99894,100,100610,100,99690,100,100660,100,99673,100,100662,100,99633,100
2019-06-28 09:53:30.000000000,100222,157,100141,200,100315,157,100094,157,100361,157,100090,157,100366,157,99946,157,100458,157,99933,157,100480,100,99906,100,100512,100,99894,100,100610,100,99690,100,100660,100,99673,100,100662,100,99633,100
2019-06-28 09:53:32.502198650,100222,157,100141,200,100254,100,100094,157,100315,157,100090,157,100361,157,99946,157,100366,157,99933,157,100458,157,99906,100,100480,100,99894,100,100512,100,99690,100,100610,100,99673,100,100660,100,99633,100
2019-06-28 09:53:33.367219938,100222,157,100141,200,100254,100,100094,157,100315,157,100090,157,100361,157,99946,157,100366,157,99933,157,100458,157,99906,100,100480,100,99894,100,100481,100,99690,100,100512,100,99673,100,100610,100,99633,100
2019-06-28 09:53:36.325355628,100222,57,100141,200,100254,100,100094,157,100315,157,100090,157,100361,157,99946,157,100366,157,99933,157,100458,157,99906,100,100480,100,99894,100,100481,100,99690,100,100512,100,99673,100,100610,100,99633,100
2019-06-28 09:53:40.000000000,100254,384,100141,427,100315,100,100094,100,100361,100,100090,100,100366,100,99946,100,100458,100,99933,100,100480,100,99906,100,100481,100,99894,100,100512,100,99690,100,100610,100,99673,100,100660,100,99633,100
2019-06-28 09:53:50.000000000,100254,242,100141,285,100315,242,100094,242,100361,100,100090,100,100366,100,99946,100,100458,100,99933,100,100480,100,99906,100,100481,100,99894,100,100512,100,99690,100,100610,100,99673,100,100660,100,99633,100
2019-06-28 09:54:00.000000000,100254,242,100141,285,100315,242,100094,242,100361,100,100090,100,100366,100,99946,100,100458,100,99933,100,100480,100,99906,100,100481,100,99894,100,100512,100,99690,100,100610,100,99673,100,100660,100,99633,100
2019-06-28 09:54:10.000000000,100254,384,100141,427,100315,100,100094,100,100361,100,100090,100,100366,100,99946,100,100458,100,99933,100,100480,100,99906,100,100481,100,99894,100,100512,100,99690,100,100610,100,99673,100,100660,100,99633,100
2019-06-28 09:54:20.000000000,100254,242,100141,285,100315,242,100094,242,100361,100,100090,100,100366,100,99946,100,100458,100,99933,100,100480,100,99906,100,100481,100,99894,100,100512,100,99690,100,100610,100,99673,100,100660,100,99633,100
2019-06-28 09:54:29.358881354,100254,242,100141,285,100315,242,100094,242,100361,100,100090,100,100458,100,99951,100,100480,100,99946,100,100481,100,99933,100,100512,100,99906,100,100610,100,99894,100,100660,100,99690,100,100662,100,99673,100
2019-06-28 09:54:30.000000000,100254,197,100141,240,100315,194,100094,194,100361,194,100090,194,100458,100,99951,100,100480,100,99946,100,100481,100,99933,100,100512,100,99906,100,100610,100,99894,100,100660,100,99690,100,100662,100,99673,100
2019-06-28 09:54:36.575691604,100254,197,100141,140,100315,194,100094,194,100361,194,100090,194,100458,100,99946,100,100480,100,99933,100,100481,100,99906,100,100512,100,99894,100,100610,100,99690,100,100660,100,99673,100,100662,100,99633,100
2019-06-28 09:54:40.000000000,100254,157,100141,100,100315,157,100094,157,100361,157,100090,157,100458,157,99946,157,100480,157,99933,157,100481,100,99906,100,100512,100,99894,100,100610,100,99690,100,100660,100,99673,100,100662,100,99633,100
2019-06-28 09:54:50.000000000,100254,197,100141,140,100315,194,100094,194,100361,194,100090,194,100458,100,99946,100,100480,100,99933,100,100481,100,99906,100,100512,100,99894,100,100610,100,99690,100,100660,100,99673,100,100662,100,99633,100
2019-06-28 09:54:51.190293399,100254,197,100141,40,100315,194,100094,194,100361,194,100090,194,100458,100,99946,100,100480,100,99933,100,100481,100,99906,100,100512,100,99894,100,100610,100,99690,100,100660,100,99673,100,100662,100,99633,100
2019-06-28 09:55:00.000000000,100254,171,100094,171,100315,171,100090,171,100361,171,99946,171,100458,171,99933,171,100480,100,99906,100,100481,100,99894,100,100512,100,99690,100,100610,100,99673,100,100660,100,99633,100,100662,100,,
2019-06-28 09:55:10.000000000,100254,384,100094,384,100315,100,100090,100,100361,100,99946,100,100458,100,99933,100,100480,100,99906,100,100481,100,99894,100,100512,100,99690,100,100610,100,99673,100,100660,100,99633,100,100662,100,,
2019-06-28 09:55:16.003445409,100254,384,100131,100,100315,100,100094,384,100361,100,100090,100,100458,100,99946,100,100480,100,99933,100,100481,100,99906,100,100512,100,99894,100,100610,100,99690,100,100660,100,99673,100,100662,100,99633,100
2019-06-28 09:55:20.000000000,100254,157,100131,157,100315,157,100094,157,100361,157,100090,157,100458,157,99946,157,100480,157,99933,157,100481,100,99906,100,100512,100,99894,100,100610,100,99690,100,100660,100,99673,100,100662,100,99633,100
2019-06-28 09:55:24.320384067,100254,157,100131,157,100315,157,100094,157,100361,157,100090,157,100458,157,100009,100,100480,157,99946,157,100481,100,99933,157,100512,100,99906,100,100610,100,99894,100,100660,100,99690,100,100662,100,99673,100
2019-06-28 09:55:30.000000000,100254,242,100131,242,100315,242,100094,242,100361,100,100090,100,100458,100,100009,100,100480,100,99946,100,100481,100,99933,100,100512,100,99906,100,100610,100,99894,100,100660,100,99690,100,100662,100,99673,100
2019-06-28 09:55:32.029515798,100254,242,100131,242,100315,242,100094,142,100361,100,100090,100,100458,100,100009,100,100480,100,99946,100,100481,100,99933,100,100512,100,99906,100,100610,100,99894,100,100660,100,99690,100,100662,100,99673,100
2019-06-28 09:55:40.000000000,100254,197,100131,197,100315,194,100090,194,100361,194,100009,194,100458,100,99946,100,100480,100,99933,100,100481,100,99906,100,100512,100,99894,100,100610,100,99690,100,100660,100,99673,100,100662,100,99633,100
2019-06-28 09:55:50.000000000,100254,157,100131,157,100315,157,100090,157,100361,157,100009,157,100458,157,99946,157,100480,157,99933,157,100481,100,99906,100,100512,100,99894,100,100610,100,99690,100,100660,100,99673,100,100662,100,99633,100
2019-06-28 09:55:54.785720329,100254,157,100131,157,100315,157,100090,157,100361,157,100009,157,100458,157,99946,157,100480,157,99933,157,100481,100,99907,100,100512,100,99906,100,100610,100,99894,100,100660,100,99690,100,100713,100,99673,100
2019-06-28 09:55:56.340633651,100254,157,100131,157,100315,157,100090,157,100361,157,100009,157,100458,157,99946,157,100480,157,99933,157,100481,100,99907,100,100512,100,99906,100,100610,100,99690,100,100660,100,99673,100,100713,100,99633,100
2019-06-28 09:56:00.000000000,100254,384,100131,384,100315,100,100090,100,100361,100,100009,100,100458,100,99946,100,100480,100,99933,100,100481,100,99907,100,100512,100,99906,100,100610,100,99690,100,100660,100,99673,100,100713,100,99633,100
2019-06-28 09:56:01.040473106,100141,100,100131,384,100254,384,100090,100,100315,100,100009,100,100361,100,99946,100,100458,100,99933,100,100480,100,99907,100,100481,100,99906,100,100512,100,99690,100,100610,100,99673,100,100660,100,99633,100
2019-06-28 09:56:10.000000000,100141,171,100131,171,100254,171,100090,171,100315,171,100009,171,100361,171,99946,171,100458,100,99933,100,100480,100,99907,100,100481,100,99906,100,100512,100,99690,100,100610,100,99673,100,100660,100,99633,100
2019-06-28 09:56:20.000000000,100141,157,100131,157,100254,157,100090,157,100315,157,100009,157,100361,157,99946,157,100458,157,99933,157,100480,100,99907,100,100481,100,99906,100,100512,100,99690,100,100610,100,99673,100,100660,100,99633,100
2019-06-28 09:56:30.000000000,100141,197,100131,197,100254,194,100090,194,100315,194,100009,194,100361,100,99946,100,100458,100,99933,100,100480,100,99907,100,100481,100,99906,100,100512,100,99690,100,100610,100,99673,100,100660,100,99633,100
2019-06-28 09:56:32.266505603,100141,197,100131,197,100254,94,100090,194,100315,194,100009,194,100361,100,99946,100,100458,100,99933,100,100480,100,99907,100,100481,100,99906,100,100512,100,99690,100,100610,100,99673,100,100660,100,99633,100
2019-06-28 09:56:40.000000000,100141,157,100131,157,100315,157,100090,157,100361,157,100009,157,100458,157,99946,157,100480,157,99933,157,100481,100,99907,100,100512,100,99906,100,100610,100,99690,100,100660,100,99673,100,100713,100,99633,100
2019-06-28 09:56:50.000000000,100141,171,100131,171,100315,171,100090,171,100361,171,100009,171,100458,171,99946,171,100480,100,99933,100,100481,100,99907,100,100512,100,99906,100,100610,100,99690,100,100660,100,99673,100,100713,100,99633,100
2019-06-28 09:57:00.000000000,100141,242,100131,242,100315,242,100090,242,100361,100,100009,100,100458,100,99946,100,100480,100,99933,100,100481,100,99907,100,100512,100,99906,100,100610,100,99690,100,100660,100,99673,100,100713,100,99633,100
2019-06-28 09:57:10.000000000,100141,242,100131,242,100315,242,100090,242,100361,100,100009,100,100458,100,99946,100,100480,100,99933,100,100481,100,99907,100,100512,100,99906,100,100610,100,99690,100,100660,100,99673,100,100713,100,99633,100
2019-06-28 09:57:13.919921233,100141,342,100131,242,100315,242,100090,242,100361,100,100009,100,100458,100,99946,100,100480,100,99933,100,100481,100,99907,100,100512,100,99906,100,100610,100,99690,100,100660,100,99673,100,100713,100,99633,100
2019-06-28 09:57:17.552363278,100141,342,100131,142,100315,242,100090,242,100361,100,100009,100,100458,100,99946,100,100480,100,99933,100,100481,100,99907,100,100512,100,99906,100,100610,100,99690,100,100660,100,99673,100,100713,100,99633,100
2019-06-28 09:57:20.000000000,100141,342,100090,242,100315,242,100009,242,100361,100,99946,100,100458,100,99933,100,100480,100,99907,100,100481,100,99906,100,100512,100,99690,100,100610,100,99673,100,100660,100,99633,100,100713,100,99616,100
2019-06-28 09:57:23.345973753,100140,100,100090,242,100141,342,100009,242,100315,242,99946,100,100361,100,99933,100,100458,100,99907,100,100480,100,99906,100,100481,100,99690,100,100512,100,99673,100,100610,100,99633,100,100660,100,99616,100
2019-06-28 09:57:30.000000000,100140,171,100090,171,100141,271,100009,171,100315,171,99946,171,100361,171,99933,171,100458,100,99907,100,100480,100,99906,100,100481,100,99690,100,100512,100,99673,100,100610,100,99633,100,100660,100,99616,100
2019-06-28 09:57:34.040144700,100140,171,100090,71,100141,271,100009,171,100315,171,99946,171,100361,171,99933,171,100458,100,99907,100,100480,100,99906,100,100481,100,99690,100,100512,100,99633,100,100610,100,99616,100,100660,100,,
2019-06-28 09:57:34.199895444,100140,171,100090,71,100141,271,100009,171,100315,171,99946,171,100361,171,99933,171,100458,100,99907,100,100480,100,99906,100,100481,100,99690,100,100512,100,99633,100,100610,100,99616,100,100660,100,99255,100
2019-06-28 09:57:40.000000000,100140,384,100009,384,100141,200,99946,100,100315,100,99933,100,100361,100,99907,100,100458,100,99906,100,100480,100,99690,100,100481,100,99633,100,100512,100,99616,100,100610,100,99255,100,100660,100,,
2019-06-28 09:57:50.000000000,100140,157,100009,157,100141,257,99946,157,100315,157,99933,157,100361,157,99907,157,100458,157,99906,157,100480,100,99690,100,100481,100,99633,100,100512,100,99616,100,100610,100,99255,100,100660,100,,
2019-06-28 09:57:51.864780739,100140,157,100009,57,100141,257,99946,157,100315,157,99933,157,100361,157,99907,157,100458,157,99906,157,100480,100,99690,100,100481,100,99633,100,100512,100,99616,100,100610,100,99255,100,100660,100,,
2019-06-28 09:57:57.033988008,100090,100,100009,57,100140,157,99946,157,100141,257,99933,157,100315,157,99907,157,100361,157,99906,157,100458,157,99690,100,100480,100,99633,100,100481,100,99616,100,100512,100,99255,100,100610,100,,
2019-06-28 09:58:00.000000000,100090,157,99946,157,100140,157,99933,157,100141,257,99907,157,100315,157,99906,157,100361,157,99690,157,100458,100,99633,100,100480,100,99616,100,100481,100,99255,100,100512,100,,,100610,100,,
2019-06-28 09:58:05.268387502,100090,157,99946,57,100140,157,99933,157,100141,257,99907,157,100315,157,99906,157,100361,157,99690,157,100458,100,99633,100,100480,100,99616,100,100481,100,99255,100,100512,100,,,100660,100,,
2019-06-28 09:58:06.097720751,100090,157,99946,57,100140,157,99933,157,100141,257,99907,157,100315,57,99906,157,100361,157,99690,157,100458,100,99633,100,100480,100,99616,100,100481,100,99255,100,100512,100,99137,100,100660,100,,
2019-06-28 09:58:10.000000000,100090,384,99933,384,100140,100,99907,100,100141,200,99906,100,100361,100,99690,100,100458,100,99633,100,100480,100,99616,100,100481,100,99255,100,100512,100,99137,100,100660,100,,,100713,100,,
2019-06-28 09:58:20.000000000,100090,197,99933,197,100140,194,99907,194,100141,294,99906,194,100361,100,99690,100,100458,100,99633,100,100480,100,99616,100,100481,100,99255,100,100512,100,99137,100,100660,100,,,100713,100,,
2019-06-28 09:58:30.000000000,100090,171,99933,171,100140,171,99907,171,100141,271,99906,171,100361,171,99690,171,100458,100,99633,100,100480,100,99616,100,100481,100,99255,100,100512,100,99137,100,100660,100,,,100713,100,,
2019-06-28 09:58:30.057662053,100090,171,99933,171,100140,171,99907,171,100141,271,99906,171,100361,171,99690,171,100458,100,99633,100,100480,100,99616,100,100481,100,99453,100,100512,100,99255,100,100660,100,99137,100,100713,100,,
2019-06-28 09:58:40.000000000,100090,171,99933,171,100140,171,99907,171,100141,271,99906,171,100361,171,99690,171,100458,100,99633,100,100480,100,99616,100,100481,100,99453,100,100512,100,99255,100,100660,100,99137,100,100713,100,,
2019-06-28 09:58:50.000000000,100090,242,99933,242,100140,242,99907,242,100141,200,99906,100,100361,100,99690,100,100458,100,99633,100,100480,100,99616,100,100481,100,99453,100,100512,100,99255,100,100660,100,99137,100,100713,100,,
2019-06-28 09:58:53.900719063,100090,242,99933,242,100140,242,99907,242,100141,100,99906,100,100361,100,99690,100,100458,100,99633,100,100480,100,99616,100,100481,100,99453,100,100512,100,99255,100,100660,100,99137,100,100713,100,,
2019-06-28 09:58:55.100562988,100009,100,99933,242,100090,242,99907,242,100140,242,99906,100,100141,100,99690,100,100361,100,99633,100,100458,100,99616,100,100480,100,99453,100,100481,100,99255,100,100512,100,99137,100,100660,100,,
2019-06-28 09:59:00.000000000,100009,197,99933,197,100090,194,99907,194,100140,194,99906,194,100141,100,99690,100,100361,100,99633,100,100458,100,99616,100,100480,100,99453,100,100481,100,99255,100,100512,100,99137,100,100660,100,,
2019-06-28 09:59:00.096301169,100009,197,99933,197,100090,194,99907,194,100140,194,99906,194,100141,100,99690,100,100361,100,99633,100,100458,100,99616,100,100480,100,99453,100,100512,100,99255,100,100660,100,99137,100,100713,100,98649,100
2019-06-28 09:59:09.438079053,100009,197,99933,97,100090,194,99907,194,100140,194,99906,194,100141,100,99690,100,100361,100,99633,100,100458,100,99616,100,100480,100,99453,100,100512,100,99255,100,100660,100,99137,100,100713,100,98649,100
2019-06-28 09:59:10.000000000,100009,197,99907,197,100090,194,99906,194,100140,194,99690,194,100141,100,99633,100,100361,100,99616,100,100458,100,99453,100,100480,100,99255,100,100512,100,99137,100,100660,100,98649,100,100713,100,,
2019-06-28 09:59:10.947313677,100009,197,99907,97,100090,194,99906,194,100140,194,99690,194,100141,100,99633,100,100361,100,99616,100,100458,100,99453,100,100480,100,99255,100,100512,100,99137,100,100660,100,98649,100,100713,100,,
2019-06-28 09:59:15.986713756,99907,3,99906,194,100009,197,99690,194,100090,194,99633,100,100140,194,99616,100,100141,100,99453,100,100361,100,99255,100,100458,100,99137,100,100480,100,98649,100,100512,100,,,100660,100,,
2019-06-28 09:59:20.000000000,99907,60,99906,157,100009,157,99690,157,100090,157,99633,157,100140,157,99616,157,100141,157,99453,157,100361,100,99255,100,100458,100,99137,100,100480,100,98649,100,100512,100,,,100660,100,,
2019-06-28 09:59:30.000000000,99907,60,99906,157,100009,157,99690,157,100090,157,99633,157,100140,157,99616,157,100141,157,99453,157,100361,100,99255,100,100458,100,99137,100,100480,100,98649,100,100512,100,,,100660,100,,
2019-06-28 09:59:40.000000000,99907,287,99906,384,100009,100,99690,100,100090,100,99633,100,100140,100,99616,100,100141,100,99453,100,100361,100,99255,100,100458,100,99137,100,100480,100,98649,100,100512,100,,,100660,100,,
2019-06-28 09:59:50.000000000,99907,145,99906,242,100009,242,99690,242,100090,100,99633,100,100140,100,99616,100,100141,100,99453,100,100361,100,99255,100,100458,100,99137,100,100480,100,98649,100,100512,100,,,100660,100,,
2019-06-28 09:59:56.891093278,99907,145,99906,142,100009,242,99690,242,100090,100,99633,100,100140,100,99616,100,100141,100,99453,100,100361,100,99255,100,100458,100,99137,100,100480,100,98649,100,100512,100,,,100660,100,,
2019-06-28 10:00:00.000000000,99907,145,99690,242,100009,242,99633,242,100090,100,99616,100,100140,100,99453,100,100141,100,99255,100,100361,100,99137,100,100458,100,98649,100,100480,100,,,100512,100,,,100660,100,,
2019-06-28 10:00:10.000000000,99907,287,99690,384,100009,100,99633,100,100090,100,99616,100,100140,100,99453,100,100141,100,99255,100,100361,100,99137,100,100458,100,98649,100,100480,100,,,100512,100,,,100660,100,,
2019-06-28 10:00:20.000000000,99907,74,99690,171,100009,171,99633,171,100090,171,99616,171,100140,171,99453,171,100141,100,99255,100,100361,100,99137,100,100458,100,98649,100,100480,100,,,100512,100,,,100660,100,,
2019-06-28 10:00:23.119624667,99907,74,99690,171,100009,171,99633,171,100090,171,99616,171,100140,171,99453,171,100141,100,99255,100,100361,100,99137,100,100458,100,98649,100,100480,100,98197,100,100512,100,,,100660,100,,
2019-06-28 10:00:28.931877953,99906,100,99690,171,99907,74,99633,171,100009,171,99616,171,100090,171,99453,171,100140,171,99255,100,100141,100,99137,100,100361,100,98649,100,100458,100,98197,100,100480,100,,,100512,100,,
2019-06-28 10:00:30.000000000,99906,242,99690,242,99907,145,99633,242,100009,100,99616,100,100090,100,99453,100,100140,100,99255,100,100141,100,99137,100,100361,100,98649,100,100458,100,98197,100,100480,100,,,100512,100,,
2019-06-28 10:00:40.000000000,99906,384,99690,384,99907,3,99633,100,100009,100,99616,100,100090,100,99453,100,100140,100,99255,100,100141,100,99137,100,100361,100,98649,100,100458,100,98197,100,100480,100,,,100512,100,,
2019-06-28 10:00:45.115624446,99906,384,99690,384,99907,3,99633,100,100009,100,99616,100,100090,100,99453,100,100140,100,99255,100,100141,100,99137,100,100361,100,98649,100,100458,100,98466,100,100480,100,98197,100,100512,100,,
2019-06-28 10:00:50.000000000,99906,157,99690,157,99907,60,99633,157,100009,157,99616,157,100090,157,99453,157,100140,157,99255,157,100141,100,99137,100,100361,100,98649,100,100458,100,98466,100,100480,100,98197,100,100512,100,,
2019-06-28 10:01:00.000000000,99906,171,99690,171,99907,74,99633,171,100009,171,99616,171,100090,171,99453,171,100140,100,99255,100,100141,100,99137,100,100361,100,98649,100,100458,100,98466,100,100480,100,98197,100,100512,100,,
2019-06-28 10:01:10.000000000,99906,197,99690,197,99907,97,99633,194,100009,194,99616,194,100090,100,99453,100,100140,100,99255,100,100141,100,99137,100,100361,100,98649,100,100458,100,98466,100,100480,100,98197,100,100512,100,,
2019-06-28 10:01:11.858150402,99906,197,99690,97,99907,97,99633,194,100009,194,99616,194,100090,100,99453,100,100140,100,99255,100,100141,100,99137,100,100361,100,98649,100,100458,100,98466,100,100480,100,98197,100,100512,100,,
2019-06-28 10:01:20.000000000,99906,171,99633,171,99907,74,99616,171,100009,171,99453,171,100090,171,99255,171,100140,100,99137,100,100141,100,98649,100,100361,100,98466,100,100458,100,98197,100,100480,100,,,100512,100,,
2019-06-28 10:01:20.225217568,99906,171,99633,171,99907,74,99616,171,100009,171,99453,171,100090,171,99255,171,100140,100,99232,100,100141,100,99137,100,100361,100,98649,100,100458,100,98466,100,100480,100,98197,100,100512,100,,
2019-06-28 10:01:30.000000000,99906,384,99633,384,99907,3,99616,100,100009,100,99453,100,100090,100,99255,100,100140,100,99232,100,100141,100,99137,100,100361,100,98649,100,100458,100,98466,100,100480,100,98197,100,100512,100,,
2019-06-28 10:01:40.000000000,99906,242,99633,242,99907,145,99616,242,100009,100,99453,100,100090,100,99255,100,100140,100,99232,100,100141,100,99137,100,100361,100,98649,100,100458,100,98466,100,100480,100,98197,100,100512,100,,
2019-06-28 10:01:49.136968918,99906,242,99633,242,99907,145,99616,242,100009,100,99453,100,100090,100,99255,100,100114,100,99232,100,100140,100,99137,100,100141,100,98649,100,100458,100,98466,100,100480,100,98197,100,100512,100,,
2019-06-28 10:01:50.000000000,99906,242,99633,242,99907,145,99616,242,100009,100,99453,100,100090,100,99255,100,100114,100,99232,100,100140,100,99137,100,100141,100,98649,100,100458,100,98466,100,100480,100,98197,100,100512,100,,
2019-06-28 10:02:00.000000000,99906,171,99633,171,99907,74,99616,171,100009,171,99453,171,100090,171,99255,171,100114,100,99232,100,100140,100,99137,100,100141,100,98649,100,100458,100,98466,100,100480,100,98197,100,100512,100,,
2019-06-28 10:02:01.129875271,99906,71,99633,171,99907,74,99616,171,100009,171,99453,171,100090,171,99255,171,100114,100,99232,100,100140,100,99137,100,100141,100,98649,100,100458,100,98466,100,100480,100,98197,100,100512,100,,
2019-06-28 10:02:02.085376236,99903,100,99633,171,99906,71,99616,171,99907,74,99453,171,100009,171,99255,171,100090,171,99232,100,100114,100,99137,100,100140,100,98649,100,100141,100,98466,100,100458,100,98197,100,100480,100,,
2019-06-28 10:02:10.000000000,99903,197,99633,197,99907,97,99616,194,100009,194,99453,194,100090,100,99255,100,100114,100,99232,100,100140,100,99137,100,100141,100,98649,100,100458,100,98466,100,100480,100,98197,100,100512,100,,
2019-06-28 10:02:12.414676801,99903,97,99633,197,99907,97,99616,194,100009,194,99453,94,100090,100,99255,100,100114,100,99232,100,100140,100,99137,100,100141,100,98649,100,100458,100,98466,100,100480,100,98197,100,100512,100,,
2019-06-28 10:02:16.053590487,99903,97,99890,100,99907,97,99633,197,100009,194,99616,194,100090,100,99453,94,100114,100,99255,100,100140,100,99232,100,100141,100,99137,100,100458,100,98649,100,100480,100,98466,100,100512,100,98197,100
2019-06-28 10:02:20.000000000,99907,145,99890,242,100009,242,99633,242,100090,100,99616,100,100114,100,99255,100,100140,100,99232,100,100141,100,99137,100,100458,100,98649,100,100480,100,98466,100,100512,100,98197,100,100660,100,,
2019-06-28 10:02:30.000000000,99907,287,99890,384,100009,100,99633,100,100090,100,99616,100,100114,100,99255,100,100140,100,99232,100,100141,100,99137,100,100458,100,98649,100,100480,100,98466,100,100512,100,98197,100,100660,100,,
2019-06-28 10:02:40.000000000,99907,100,99890,197,100009,194,99633,194,100090,194,99616,194,100114,100,99255,100,100140,100,99232,100,100141,100,99137,100,100458,100,98649,100,100480,100,98466,100,100512,100,98197,100,100660,100,,
2019-06-28 10:02:40.338979836,99907,100,99890,97,100009,194,99633,194,100090,194,99616,194,100114,100,99255,100,100140,100,99232,100,100141,100,99137,100,100458,100,98649,100,100480,100,98466,100,100512,100,98197,100,100660,100,,
2019-06-28 10:02:50.000000000,99907,145,99633,242,100009,242,99616,242,100090,100,99255,100,100114,100,99232,100,100140,100,99137,100,100141,100,98649,100,100458,100,98466,100,100480,100,98197,100,100512,100,,,100660,100,,
2019-06-28 10:02:57.516811296,99907,145,99633,242,100009,242,99616,242,100090,100,99360,100,100114,100,99255,100,100140,100,99232,100,100141,100,99137,100,100458,100,98649,100,100480,100,98466,100,100660,100,98197,100,100713,100,,
2019-06-28 10:03:00.000000000,99907,74,99633,171,100009,171,99616,171,100090,171,99360,171,100114,171,99255,171,100140,100,99232,100,100141,100,99137,100,100458,100,98649,100,100480,100,98466,100,100660,100,98197,100,100713,100,,
2019-06-28 10:03:10.000000000,99907,145,99633,242,100009,242,99616,242,100090,100,99360,100,100114,100,99255,100,100140,100,99232,100,100141,100,99137,100,100458,100,98649,100,100480,100,98466,100,100660,100,98197,100,100713,100,,
2019-06-28 10:03:20.000000000,99907,74,99633,171,100009,171,99616,171,100090,171,99360,171,100114,171,99255,171,100140,100,99232,100,100141,100,99137,100,100458,100,98649,100,100480,100,98466,100,100660,100,98197,100,100713,100,,
2019-06-28 10:03:25.029345242,99902,100,99633,171,99907,74,99616,171,100009,171,99360,171,100090,171,99255,171,100114,171,99232,100,100140,100,99137,100,100141,100,98649,100,100458,100,98466,100,100480,100,98197,100,100660,100,,
2019-06-28 10:03:30.000000000,99902,384,99633,384,99907,3,99616,100,100009,100,99360,100,100090,100,99255,100,100114,100,99232,100,100140,100,99137,100,100141,100,98649,100,100458,100,98466,100,100480,100,98197,100,100660,100,,
2019-06-28 10:03:35.862042183,99902,384,99633,384,99907,3,99616,100,100009,100,99544,100,100090,100,99360,100,100114,100,99255,100,100140,100,99232,100,100141,100,99137,100,100458,100,98649,100,100480,100,98466,100,100660,100,98197,100
2019-06-28 10:03:40.000000000,99902,384,99633,384,99907,3,99616,100,100009,100,99544,100,100090,100,99360,100,100114,100,99255,100,100140,100,99232,100,100141,100,99137,100,100458,100,98649,100,100480,100,98466,100,100660,100,98197,100
2019-06-28 10:03:50.000000000,99902,157,99633,157,99907,60,99616,157,100009,157,99544,157,100090,157,99360,157,100114,157,99255,157,100140,100,99232,100,100141,100,99137,100,100458,100,98649,100,100480,100,98466,100,100660,100,98197,100
2019-06-28 10:04:00.000000000,99902,384,99633,384,99907,3,99616,100,100009,100,99544,100,100090,100,99360,100,100114,100,99255,100,100140,100,99232,100,100141,100,99137,100,100458,100,98649,100,100480,100,98466,100,100660,100,98197,100
2019-06-28 10:04:10.000000000,99902,242,99633,242,99907,145,99616,242,100009,100,99544,100,100090,100,99360,100,100114,100,99255,100,100140,100,99232,100,100141,100,99137,100,100458,100,98649,100,100480,100,98466,100,100660,100,98197,100
2019-06-28 10:04:20.000000000,99902,157,99633,157,99907,60,99616,157,100009,157,99544,157,100090,157,99360,157,100114,157,99255,157,100140,100,99232,100,100141,100,99137,100,100458,100,98649,100,100480,100,98466,100,100660,100,98197,100
2019-06-28 10:04:24.344909187,99902,157,99633,57,99907,60,99616,157,100009,157,99544,157,100090,157,99360,157,100114,157,99255,157,100140,100,99232,100,100141,100,99137,100,100458,100,98649,100,100480,100,98197,100,100660,100,,
2019-06-28 10:04:30.000000000,99902,242,99616,242,99907,145,99544,242,100009,100,99360,100,100090,100,99255,100,100114,100,99232,100,100140,100,99137,100,100141,100,98649,100,100458,100,98197,100,100480,100,,,100660,100,,
2019-06-28 10:04:40.000000000,99902,242,99616,242,99907,145,99544,242,100009,100,99360,100,100090,100,99255,100,100114,100,99232,100,100140,100,99137,100,100141,100,98649,100,100458,100,98197,100,100480,100,,,100660,100,,
2019-06-28 10:04:41.452856346,99902,142,99616,242,99907,145,99544,242,100009,100,99360,100,100090,100,99255,100,100114,100,99232,100,100140,100,99137,100,100141,100,98649,100,100458,100,98197,100,100480,100,,,100660,100,,
2019-06-28 10:04:50.000000000,99907,74,99616,171,100009,171,99544,171,100090,171,99360,171,100114,171,99255,171,100140,100,99232,100,100141,100,99137,100,100458,100,98649,100,100480,100,98197,100,100660,100,,,100713,100,,
2019-06-28 10:04:52.840329963,100009,171,99907,26,100090,171,99616,171,100114,71,99544,171,100140,100,99360,171,100141,100,99255,171,100458,100,99232,100,100480,100,99137,100,100660,100,98649,100,100713,100,98197,100,100761,100,,
2019-06-28 10:04:58.717259874,100009,171,99907,26,100090,171,99616,171,100114,71,99544,171,100140,100,99360,171,100141,100,99255,171,100458,100,99232,100,100460,100,99137,100,100480,100,98649,100,100660,100,98197,100,100713,100,,
2019-06-28 10:05:00.000000000,100009,197,99907,123,100090,194,99616,194,100140,194,99544,194,100141,100,99360,100,100458,100,99255,100,100460,100,99232,100,100480,100,99137,100,100660,100,98649,100,100713,100,98197,100,100761,100,,
2019-06-28 10:05:10.000000000,100009,171,99907,97,100090,171,99616,171,100140,171,99544,171,100141,171,99360,171,100458,100,99255,100,100460,100,99232,100,100480,100,99137,100,100660,100,98649,100,100713,100,98197,100,100761,100,,
2019-06-28 10:05:10.377602866,100009,171,99907,97,100090,171,99616,171,100140,171,99544,171,100141,171,99360,171,100201,100,99255,100,100458,100,99232,100,100460,100,99137,100,100480,100,98649,100,100660,100,98197,100,100713,100,,
2019-06-28 10:05:20.000000000,100009,197,99907,123,100090,194,99616,194,100140,194,99544,194,100141,100,99360,100,100201,100,99255,100,100458,100,99232,100,100460,100,99137,100,100480,100,98649,100,100660,100,98197,100,100713,100,,
2019-06-28 10:05:22.996070169,100009,97,99907,123,100090,194,99616,194,100140,194,99544,194,100141,100,99360,100,100201,100,99255,100,100458,100,99232,100,100460,100,99137,100,100480,100,98649,100,100660,100,98197,100,100713,100,,
2019-06-28 10:05:30.000000000,100090,242,99907,168,100140,242,99616,242,100141,100,99544,100,100201,100,99360,100,100458,100,99255,100,100460,100,99232,100,100480,100,99137,100,100660,100,98649,100,100713,100,98197,100,100761,100,,
2019-06-28 10:05:40.000000000,100090,197,99907,123,100140,194,99616,194,100141,194,99544,194,100201,100,99360,100,100458,100,99255,100,100460,100,99232,100,100480,100,99137,100,100660,100,98649,100,100713,100,98197,100,100761,100,,
2019-06-28 10:05:43.650860582,100090,197,99907,123,100140,194,99616,194,100141,194,99544,194,100201,100,99360,100,100457,100,99255,100,100458,100,99232,100,100460,100,99137,100,100480,100,98649,100,100660,100,98197,100,100713,100,,
2019-06-28 10:05:50.000000000,100090,171,99907,97,100140,171,99616,171,100141,171,99544,171,100201,171,99360,171,100457,100,99255,100,100458,100,99232,100,100460,100,99137,100,100480,100,98649,100,100660,100,98197,100,100713,100,,
2019-06-28 10:06:00.000000000,100090,157,99907,83,100140,157,99616,157,100141,157,99544,157,100201,157,99360,157,100457,157,99255,157,100458,100,99232,100,100460,100,99137,100,100480,100,98649,100,100660,100,98197,100,100713,100,,
2019-06-28 10:06:07.121327010,100090,157,99907,83,100140,157,99616,157,100141,157,99544,57,100201,157,99360,157,100457,157,99255,157,100458,100,99232,100,100460,100,99137,100,100480,100,98649,100,100660,100,98197,100,100713,100,,
2019-06-28 10:06:10.000000000,100090,171,99907,97,100140,171,99616,171,100141,171,99360,171,100201,171,99255,171,100457,100,99232,100,100458,100,99137,100,100460,100,98649,100,100480,100,98197,100,100660,100,,,100713,100,,
2019-06-28 10:06:20.000000000,100090,171,99907,97,100140,171,99616,171,100141,171,99360,171,100201,171,99255,171,100457,100,99232,100,100458,100,99137,100,100460,100,98649,100,100480,100,98197,100,100660,100,,,100713,100,,
2019-06-28 10:06:25.468298218,100090,71,99907,97,100140,171,99616,171,100141,171,99360,171,100201,171,99255,171,100457,100,99232,100,100458,100,99137,100,100460,100,98649,100,100480,100,98197,100,100660,100,,,100713,100,,
2019-06-28 10:06:30.000000000,100140,157,99907,83,100141,157,99616,157,100201,157,99360,157,100457,157,99255,157,100458,157,99232,157,100460,100,99137,100,100480,100,98649,100,100660,100,98197,100,100713,100,,,100761,100,,
2019-06-28 10:06:40.000000000,100140,157,99907,83,100141,157,99616,157,100201,157,99360,157,100457,157,99255,157,100458,157,99232,157,100460,100,99137,100,100480,100,98649,100,100660,100,98197,100,100713,100,,,100761,100,,
2019-06-28 10:06:42.285243449,100140,157,99907,83,100141,157,99616,157,100201,157,99360,157,100457,157,99255,157,100458,157,99232,157,100460,100,99137,100,100480,100,98649,100,100494,100,98197,100,100660,100,,,100713,100,,
2019-06-28 10:06:50.000000000,100140,242,99907,168,100141,242,99616,242,100201,100,99360,100,100457,100,99255,100,100458,100,99232,100,100460,100,99137,100,100480,100,98649,100,100494,100,98197,100,100660,100,,,100713,100,,
2019-06-28 10:06:51.682732244,100140,142,99907,168,100141,242,99616,242,100201,100,99360,100,100457,100,99255,100,100458,100,99232,100,100460,100,99137,100,100480,100,98649,100,100494,100,98197,100,100660,100,,,100713,100,,
2019-06-28 10:07:00.000000000,100141,171,99907,97,100201,171,99616,171,100457,171,99360,171,100458,171,99255,171,100460,100,99232,100,100480,100,99137,100,100494,100,98649,100,100660,100,98197,100,100713,100,,,100761,100,,
2019-06-28 10:07:01.203471140,100141,171,99907,97,100201,171,99616,171,100457,171,99360,171,100458,171,99255,171,100460,100,99232,100,100480,100,99137,100,100494,100,98649,100,100554,100,98197,100,100660,100,,,100713,100,,
2019-06-28 10:07:10.000000000,100141,157,99907,83,100201,157,99616,157,100457,157,99360,157,100458,157,99255,157,100460,157,99232,157,100480,100,99137,100,100494,100,98649,100,100554,100,98197,100,100660,100,,,100713,100,,
2019-06-28 10:07:20.000000000,100141,157,99907,83,100201,157,99616,157,100457,157,99360,157,100458,157,99255,157,100460,157,99232,157,100480,100,99137,100,100494,100,98649,100,100554,100,98197,100,100660,100,,,100713,100,,
