,ask_price_1,ask_size_1,bid_price_1,bid_size_1,ask_price_2,ask_size_2,bid_price_2,bid_size_2,ask_price_3,ask_size_3,bid_price_3,bid_size_3,ask_price_4,ask_size_4,bid_price_4,bid_size_4,ask_price_5,ask_size_5,bid_price_5,bid_size_5,ask_price_6,ask_size_6,bid_price_6,bid_size_6,ask_price_7,ask_size_7,bid_price_7,bid_size_7,ask_price_8,ask_size_8,bid_price_8,bid_size_8,ask_price_9,ask_size_9,bid_price_9,bid_size_9,ask_price_10,ask_size_10,bid_price_10,bid_size_10
2019-06-28 09:30:00.000000000,,,99900,100,,,,,,,,,,,,,,,,,,,,,,,,,,,,,,,,,,,,
2019-06-28 09:30:00.000000004,,,99984,100,,,99900,100,,,,,,,,,,,,,,,,,,,,,,,,,,,,,,,,
2019-06-28 09:30:00.000000005,,,99984,100,,,99970,100,,,99905,100,,,99900,100,,,,,,,,,,,,,,,,,,,,,,,,
2019-06-28 09:30:00.000000008,,,99990,100,,,99984,100,,,99970,100,,,99905,100,,,99900,100,,,,,,,,,,,,,,,,,,,,
2019-06-28 09:30:00.000000010,100163,100,99990,100,,,99984,100,,,99970,100,,,99905,100,,,99900,100,,,,,,,,,,,,,,,,,,,,
2019-06-28 09:30:00.000000011,100163,100,99990,100,,,99984,100,,,99970,100,,,99906,100,,,99905,100,,,99900,100,,,99864,100,,,,,,,,,,,,
2019-06-28 09:30:00.000000014,100163,100,99990,100,100199,100,99984,100,,,99970,100,,,99906,100,,,99905,100,,,99900,100,,,99864,100,,,,,,,,,,,,
2019-06-28 09:30:00.000000015,100163,100,99984,100,100199,100,99970,100,,,99906,100,,,99905,100,,,99900,100,,,99864,100,,,,,,,,,,,,,,,,
2019-06-28 09:30:00.000000019,100005,100,99984,100,100162,100,99983,100,100163,100,99977,100,100199,100,99970,100,,,99906,100,,,99905,100,,,99900,100,,,99864,100,,,,,,,,
2019-06-28 09:30:00.000000020,100005,100,99984,100,100054,100,99983,100,100162,100,99977,100,100163,100,99970,100,100199,100,99944,100,,,99906,100,,,99905,100,,,99900,100,,,99864,100,,,,
2019-06-28 09:30:00.000000021,100005,100,99984,100,100054,100,99983,100,100080,100,99977,100,100162,100,99970,100,100163,100,99944,100,100199,100,99906,100,,,99905,100,,,99900,100,,,99864,100,,,,
2019-06-28 09:30:00.000000022,100005,100,99984,100,100046,100,99983,100,100054,100,99977,100,100080,100,99970,100,100162,100,99944,100,100163,100,99906,100,100199,100,99905,100,,,99900,100,,,99864,100,,,,
2019-06-28 09:30:00.000000024,100005,100,99984,100,100046,100,99983,100,100054,100,99977,100,100080,100,99970,100,100162,100,99944,100,100163,100,99906,100,100199,100,99905,100,,,99900,100,,,99878,100,,,99864,100
2019-06-28 09:30:00.000000025,100005,100,99984,100,100046,100,99983,100,100054,100,99977,100,100080,100,99970,100,100100,100,99944,100,100162,100,99912,100,100163,100,99910,100,100199,100,99906,100,,,99905,100,,,99900,100
2019-06-28 09:30:00.000000027,100005,100,99984,100,100046,100,99983,100,100054,100,99977,100,100080,100,99970,100,100100,100,99944,100,100162,100,99912,100,100163,100,99910,100,100199,100,99906,100,,,99905,100,,,99900,100
2019-06-28 09:30:00.000000028,100005,100,99983,100,100046,100,99977,100,100054,100,99970,100,100080,100,99944,100,100100,100,99912,100,100162,100,99910,100,100163,100,99906,100,100199,100,99905,100,,,99900,100,,,99878,200
2019-06-28 09:30:00.000000032,99990,100,99983,100,100005,100,99981,100,100046,100,99977,100,100054,100,99970,100,100080,100,99944,100,100100,100,99912,100,100162,100,99910,100,100163,100,99906,100,100199,100,99905,100,,,99900,100
2019-06-28 09:30:00.000000034,99990,100,99983,100,100005,100,99981,100,100046,100,99977,100,100054,100,99970,100,100080,100,99944,100,100083,100,99912,100,100100,100,99910,100,100162,100,99906,100,100163,100,99905,100,100199,100,99900,100
2019-06-28 09:30:00.000000035,99990,100,99983,100,100005,100,99981,100,100046,100,99977,100,100054,100,99970,100,100080,100,99944,100,100083,100,99912,100,100100,100,99910,100,100139,100,99906,100,100162,100,99905,100,100163,100,99900,100
2019-06-28 09:30:00.000000042,99990,100,99981,100,100005,100,99977,100,100046,100,99970,100,100054,100,99944,100,100080,100,99912,100,100083,100,99910,100,100100,100,99906,100,100139,100,99905,100,100162,100,99900,100,100163,100,99878,200
2019-06-28 09:30:00.000000043,99990,100,99981,100,100005,100,99977,100,100010,100,99970,100,100046,100,99944,100,100054,100,99912,100,100080,100,99910,100,100083,100,99906,100,100100,100,99905,100,100139,100,99900,100,100162,100,99878,200
2019-06-28 09:30:00.000000044,99990,100,99981,100,100005,100,99977,100,100010,100,99970,100,100046,100,99944,100,100053,100,99912,100,100054,100,99910,100,100080,100,99906,100,100083,100,99905,100,100100,100,99900,100,100139,100,99878,200
2019-06-28 09:30:00.000000047,99990,100,99983,100,100005,100,99981,100,100010,100,99977,100,100046,100,99970,100,100053,100,99944,100,100054,100,99912,100,100080,100,99910,100,100083,100,99906,100,100100,100,99905,100,100139,100,99900,100
2019-06-28 09:30:00.000000048,99990,100,99983,100,100005,100,99981,100,100010,100,99977,100,100046,100,99970,100,100053,100,99947,100,100054,100,99944,100,100080,100,99912,100,100083,100,99910,100,100100,100,99906,100,100139,100,99905,100
2019-06-28 09:30:00.000000050,99990,100,99983,100,100005,100,99981,100,100010,100,99977,100,100046,100,99970,100,100053,100,99947,100,100054,100,99944,100,100080,100,99912,100,100083,100,99910,100,100100,100,99906,100,100139,100,99905,100
2019-06-28 09:30:00.000000054,99984,100,99983,100,99990,100,99981,100,100005,100,99977,100,100010,100,99970,100,100021,100,99947,100,100046,100,99944,100,100053,100,99912,100,100054,100,99910,100,100080,100,99906,100,100083,100,99905,100
2019-06-28 09:30:00.000000055,99990,100,99983,100,100005,100,99981,100,100010,100,99977,100,100021,100,99970,100,100046,100,99947,100,100053,100,99944,100,100054,100,99912,100,100080,100,99910,100,100083,100,99906,100,100100,100,99905,100
2019-06-28 09:30:00.000000057,99990,100,99981,100,100005,100,99977,100,100010,100,99970,100,100021,100,99947,100,100046,100,99944,100,100053,100,99912,100,100054,100,99910,100,100080,100,99906,100,100083,100,99905,100,100100,100,99900,100
2019-06-28 09:30:00.000000063,99990,100,99981,100,100005,100,99977,100,100010,100,99970,100,100021,100,99947,100,100046,100,99944,100,100053,100,99912,100,100054,100,99910,100,100080,100,99906,100,100083,100,99905,100,100089,100,99900,100
2019-06-28 09:30:00.000000064,99990,100,99981,100,100005,100,99977,100,100010,100,99970,100,100021,100,99947,100,100039,100,99944,100,100046,100,99912,100,100053,100,99910,100,100054,100,99906,100,100080,100,99905,100,100083,100,99900,100
2019-06-28 09:30:00.000000065,99990,100,99981,100,100005,100,99977,100,100010,100,99970,100,100021,100,99947,100,100039,100,99944,100,100046,100,99925,100,100053,100,99912,100,100054,100,99910,100,100080,100,99906,100,100083,100,99905,100
2019-06-28 09:30:00.000000067,99990,100,99981,100,100005,100,99977,100,100010,100,99970,100,100021,100,99947,100,100039,100,99944,100,100046,100,99932,100,100053,100,99925,100,100054,100,99912,100,100080,100,99910,100,100083,100,99906,100
2019-06-28 09:30:00.000000071,99990,100,99977,100,100005,100,99970,100,100010,100,99947,100,100021,100,99944,100,100039,100,99932,100,100046,100,99925,100,100053,100,99912,100,100054,100,99910,100,100080,100,99906,100,100083,100,99905,100
2019-06-28 09:30:00.000000074,99990,100,99981,100,100005,100,99977,100,100010,100,99970,100,100021,100,99947,100,100039,100,99944,100,100046,100,99932,100,100053,100,99925,100,100054,100,99912,100,100080,100,99910,100,100083,100,99906,100
2019-06-28 09:30:00.000000075,99990,100,99981,100,100005,100,99977,100,100010,100,99970,100,100021,100,99947,100,100039,100,99944,100,100046,100,99932,100,100053,100,99925,100,100054,100,99912,100,100080,100,99910,100,100083,100,99906,100
2019-06-28 09:30:00.000000076,99990,100,99977,100,100005,100,99970,100,100010,100,99947,100,100021,100,99944,100,100039,100,99932,100,100046,100,99925,100,100053,100,99912,100,100054,100,99910,100,100080,100,99906,100,100083,100,99905,100
2019-06-28 09:30:00.000000077,99981,100,99977,100,99990,100,99970,100,100005,100,99947,100,100010,100,99944,100,100021,100,99932,100,100039,100,99925,100,100046,100,99912,100,100053,100,99910,100,100054,100,99906,100,100080,100,99905,100
2019-06-28 09:30:00.000000079,99981,100,99977,100,99990,100,99970,100,100005,100,99947,100,100010,100,99944,100,100021,100,99932,100,100031,100,99925,100,100039,100,99912,100,100046,100,99910,100,100053,100,99906,100,100054,100,99905,100
2019-06-28 09:30:00.000000086,99981,100,99977,100,99990,100,99970,100,100005,100,99947,100,100010,100,99944,100,100021,100,99934,100,100031,100,99932,100,100039,100,99925,100,100046,100,99912,100,100053,100,99910,100,100054,100,99906,100
2019-06-28 09:30:00.000000087,99981,100,99977,100,99990,100,99970,100,100002,100,99947,100,100005,100,99944,100,100010,100,99934,100,100021,100,99932,100,100031,100,99925,100,100039,100,99912,100,100046,100,99910,100,100053,100,99906,100
2019-06-28 09:30:00.000000089,99981,100,99977,100,99990,100,99970,100,100002,100,99947,100,100005,100,99944,100,100010,100,99934,100,100021,100,99932,100,100031,100,99925,100,100039,100,99912,100,100040,100,99910,100,100046,100,99906,100
2019-06-28 09:30:00.000000092,99981,100,99977,100,99990,200,99970,100,100002,100,99947,100,100005,100,99944,100,100010,100,99934,100,100021,100,99932,100,100031,100,99925,100,100039,100,99912,100,100040,100,99910,100,100046,100,99906,100
2019-06-28 09:30:00.000000094,99981,100,99970,100,99990,200,99947,100,100002,100,99944,100,100005,100,99934,100,100010,100,99932,100,100021,100,99925,100,100031,100,99912,100,100039,100,99910,100,100040,100,99906,100,100046,100,99905,200
2019-06-28 09:30:00.000000095,99981,100,99970,100,99983,100,99947,100,99990,200,99944,100,100002,100,99934,100,100005,100,99932,100,100010,100,99925,100,100021,100,99912,100,100031,100,99910,100,100039,100,99906,100,100040,100,99905,200
2019-06-28 09:30:00.000000096,99981,100,99970,100,99983,100,99947,100,99990,200,99944,100,100002,100,99934,100,100003,100,99932,100,100005,100,99925,100,100010,100,99912,100,100021,100,99910,100,100031,100,99906,100,100039,100,99905,200
2019-06-28 09:30:00.000000097,99981,100,99970,100,99983,100,99947,100,99990,200,99944,100,100002,100,99934,100,100003,100,99932,100,100005,100,99925,100,100010,100,99923,100,100021,100,99912,100,100031,100,99910,100,100039,100,99906,100
2019-06-28 09:30:03.041773530,99981,100,99970,100,99983,100,99947,100,99990,200,99944,100,100002,100,99934,100,100003,100,99932,100,100005,100,99925,100,100010,100,99923,100,100021,100,99912,100,100031,100,99910,100,100039,100,99906,100
2019-06-28 09:30:10.000000000,99981,216,99970,216,99983,212,99947,212,99990,312,99944,212,100002,100,99934,100,100003,100,99932,100,100005,100,99925,100,100010,100,99923,100,100021,100,99912,100,100031,100,99910,100,100039,100,99906,100
2019-06-28 09:30:20.000000000,99981,440,99970,440,99983,100,99947,100,99990,200,99944,100,100002,100,99934,100,100003,100,99932,100,100005,100,99925,100,100010,100,99923,100,100021,100,99912,100,100031,100,99910,100,100039,100,99906,100
2019-06-28 09:30:30.000000000,99981,440,99970,440,99983,100,99947,100,99990,200,99944,100,100002,100,99934,100,100003,100,99932,100,100005,100,99925,100,100010,100,99923,100,100021,100,99912,100,100031,100,99910,100,100039,100,99906,100
2019-06-28 09:30:35.529509690,99981,440,99970,440,99983,100,99947,100,99990,200,99944,100,100003,100,99934,100,100005,100,99932,100,100010,100,99925,100,100021,100,99923,100,100031,100,99912,100,100039,100,99910,100,100040,100,99906,100
2019-06-28 09:30:40.000000000,99981,185,99970,185,99983,185,99947,185,99990,285,99944,185,100003,185,99934,185,100005,100,99932,100,100010,100,99925,100,100021,100,99923,100,100031,100,99912,100,100039,100,99910,100,100040,100,99906,100
2019-06-28 09:30:50.000000000,99981,185,99970,185,99983,185,99947,185,99990,285,99944,185,100003,185,99934,185,100005,100,99932,100,100010,100,99925,100,100021,100,99923,100,100031,100,99912,100,100039,100,99910,100,100040,100,99906,100
2019-06-28 09:31:00.000000000,99981,168,99970,168,99983,168,99947,168,99990,268,99944,168,100003,168,99934,168,100005,168,99932,168,100010,100,99925,100,100021,100,99923,100,100031,100,99912,100,100039,100,99910,100,100040,100,99906,100
2019-06-28 09:31:05.090742679,99981,68,99970,168,99983,168,99947,168,99990,268,99944,168,100003,168,99934,168,100005,168,99932,168,100010,100,99923,100,100021,100,99912,100,100031,100,99910,100,100039,100,99906,100,100040,100,99905,200
2019-06-28 09:31:10.000000000,99983,270,99970,270,99990,370,99947,270,100003,100,99944,100,100005,100,99934,100,100010,100,99932,100,100021,100,99923,100,100031,100,99912,100,100039,100,99910,100,100040,100,99906,100,100046,100,99905,200
2019-06-28 09:31:20.000000000,99983,440,99970,440,99990,200,99947,100,100003,100,99944,100,100005,100,99934,100,100010,100,99932,100,100021,100,99923,100,100031,100,99912,100,100039,100,99910,100,100040,100,99906,100,100046,100,99905,200
2019-06-28 09:31:24.747393609,99983,440,99970,440,99990,200,99947,100,100003,100,99944,100,100005,100,99934,100,100010,100,99932,100,100021,100,99923,100,100031,100,99912,100,100039,100,99910,100,100040,100,99906,100,100046,100,99905,200
2019-06-28 09:31:30.000000000,99983,216,99970,216,99990,312,99947,212,100003,212,99944,212,100005,100,99934,100,100010,100,99932,100,100021,100,99923,100,100031,100,99912,100,100039,100,99910,100,100040,100,99906,100,100046,100,99905,200
2019-06-28 09:31:40.000000000,99983,185,99970,185,99990,285,99947,185,100003,185,99944,185,100005,185,99934,185,100010,100,99932,100,100021,100,99923,100,100031,100,99912,100,100039,100,99910,100,100040,100,99906,100,100046,100,99905,200
2019-06-28 09:31:48.246652515,99983,185,99970,185,99990,285,99947,185,100003,185,99944,185,100005,185,99934,185,100010,100,99932,100,100021,100,99923,100,100031,100,99912,100,100039,100,99910,100,100046,100,99906,100,100053,100,99905,200
2019-06-28 09:31:48.247821600,99983,185,99977,100,99990,285,99970,185,100003,185,99947,185,100005,185,99944,185,100010,100,99934,185,100021,100,99932,100,100031,100,99923,100,100039,100,99912,100,100046,100,99910,100,100053,100,99906,100
2019-06-28 09:31:50.000000000,99983,168,99977,168,99990,268,99970,168,100003,168,99947,168,100005,168,99944,168,100010,168,99934,168,100021,100,99932,100,100031,100,99923,100,100039,100,99912,100,100046,100,99910,100,100053,100,99906,100
2019-06-28 09:31:53.108991909,99983,168,99977,268,99990,268,99970,168,100003,168,99947,168,100005,168,99944,168,100010,168,99934,168,100021,100,99932,100,100031,100,99923,100,100039,100,99912,100,100046,100,99910,100,100053,100,99906,100
2019-06-28 09:32:00.000000000,99983,185,99977,285,99990,285,99970,185,100003,185,99947,185,100005,185,99944,185,100010,100,99934,100,100021,100,99932,100,100031,100,99923,100,100039,100,99912,100,100046,100,99910,100,100053,100,99906,100
2019-06-28 09:32:10.000000000,99983,185,99977,285,99990,285,99970,185,100003,185,99947,185,100005,185,99944,185,100010,100,99934,100,100021,100,99932,100,100031,100,99923,100,100039,100,99912,100,100046,100,99910,100,100053,100,99906,100
2019-06-28 09:32:20.000000000,99983,185,99977,285,99990,285,99970,185,100003,185,99947,185,100005,185,99944,185,100010,100,99934,100,100021,100,99932,100,100031,100,99923,100,100039,100,99912,100,100046,100,99910,100,100053,100,99906,100
2019-06-28 09:32:30.000000000,99983,185,99977,285,99990,285,99970,185,100003,185,99947,185,100005,185,99944,185,100010,100,99934,100,100021,100,99932,100,100031,100,99923,100,100039,100,99912,100,100046,100,99910,100,100053,100,99906,100
2019-06-28 09:32:40.000000000,99983,270,99977,370,99990,370,99970,270,100003,100,99947,100,100005,100,99944,100,100010,100,99934,100,100021,100,99932,100,100031,100,99923,100,100039,100,99912,100,100046,100,99910,100,100053,100,99906,100
2019-06-28 09:32:50.000000000,99983,270,99977,370,99990,370,99970,270,100003,100,99947,100,100005,100,99944,100,100010,100,99934,100,100021,100,99932,100,100031,100,99923,100,100039,100,99912,100,100046,100,99910,100,100053,100,99906,100
2019-06-28 09:32:52.081619768,99983,270,99977,270,99990,370,99970,270,100003,100,99947,100,100005,100,99944,100,100010,100,99934,100,100021,100,99932,100,100031,100,99923,100,100039,100,99912,100,100046,100,99910,100,100053,100,99906,100
2019-06-28 09:32:52.362075198,99983,170,99977,270,99990,370,99970,270,100003,100,99947,100,100005,100,99944,100,100010,100,99934,100,100021,100,99932,100,100031,100,99923,100,100039,100,99912,100,100046,100,99910,100,100053,100,99906,100
2019-06-28 09:32:58.867277775,99983,170,99977,270,99990,270,99970,270,100003,100,99947,100,100005,100,99944,100,100010,100,99934,100,100021,100,99932,100,100031,100,99923,100,100039,100,99912,100,100046,100,99910,100,100053,100,99906,100
2019-06-28 09:32:59.960867944,99983,170,99977,270,99990,270,99970,270,100005,100,99947,100,100010,100,99944,100,100021,100,99934,100,100031,100,99932,100,100039,100,99923,100,100046,100,99912,100,100053,100,99910,100,100054,100,99906,100
2019-06-28 09:33:00.000000000,99990,168,99977,168,100005,168,99970,168,100010,168,99947,168,100021,168,99944,168,100031,168,99934,168,100039,100,99932,100,100046,100,99923,100,100053,100,99912,100,100054,100,99910,100,100058,100,99906,100
2019-06-28 09:33:07.765568862,99990,168,99977,268,100005,168,99970,168,100010,168,99947,168,100021,168,99944,168,100031,168,99934,168,100039,100,99932,100,100046,100,99923,100,100053,100,99912,100,100054,100,99910,100,100058,100,99906,100
2019-06-28 09:33:09.659865859,99990,168,99977,368,100005,168,99970,168,100010,168,99947,168,100021,168,99944,168,100031,168,99934,168,100039,100,99932,100,100046,100,99923,100,100053,100,99912,100,100054,100,99910,100,100058,100,99906,100
2019-06-28 09:33:10.000000000,99990,185,99977,385,100005,185,99970,185,100010,185,99947,185,100021,185,99944,185,100031,100,99934,100,100039,100,99932,100,100046,100,99923,100,100053,100,99912,100,100054,100,99910,100,100058,100,99906,100
2019-06-28 09:33:20.000000000,99990,185,99977,385,100005,185,99970,185,100010,185,99947,185,100021,185,99944,185,100031,100,99934,100,100039,100,99932,100,100046,100,99923,100,100053,100,99912,100,100054,100,99910,100,100058,100,99906,100
2019-06-28 09:33:30.000000000,99990,216,99977,416,100005,212,99970,212,100010,212,99947,212,100021,100,99944,100,100031,100,99934,100,100039,100,99932,100,100046,100,99923,100,100053,100,99912,100,100054,100,99910,100,100058,100,99906,100
2019-06-28 09:33:40.000000000,99990,270,99977,470,100005,270,99970,270,100010,100,99947,100,100021,100,99944,100,100031,100,99934,100,100039,100,99932,100,100046,100,99923,100,100053,100,99912,100,100054,100,99910,100,100058,100,99906,100
2019-06-28 09:33:50.000000000,99990,216,99977,416,100005,212,99970,212,100010,212,99947,212,100021,100,99944,100,100031,100,99934,100,100039,100,99932,100,100046,100,99923,100,100053,100,99912,100,100054,100,99910,100,100058,100,99906,100
2019-06-28 09:34:00.000000000,99990,440,99977,640,100005,100,99970,100,100010,100,99947,100,100021,100,99944,100,100031,100,99934,100,100039,100,99932,100,100046,100,99923,100,100053,100,99912,100,100054,100,99910,100,100058,100,99906,100
2019-06-28 09:34:10.000000000,99990,185,99977,385,100005,185,99970,185,100010,185,99947,185,100021,185,99944,185,100031,100,99934,100,100039,100,99932,100,100046,100,99923,100,100053,100,99912,100,100054,100,99910,100,100058,100,99906,100
2019-06-28 09:34:11.853801732,99990,85,99977,385,100005,185,99970,185,100010,185,99947,185,100021,185,99944,185,100031,100,99934,100,100039,100,99932,100,100046,100,99923,100,100053,100,99912,100,100054,100,99910,100,100058,100,99906,100
2019-06-28 09:34:19.449156241,99990,85,99977,385,100005,185,99970,185,100010,185,99947,185,100021,185,99944,185,100031,100,99934,100,100039,100,99932,100,100046,100,99923,100,100053,100,99912,100,100054,100,99910,100,100058,100,99906,100
2019-06-28 09:34:20.000000000,100005,270,99977,470,100010,270,99970,270,100021,100,99947,100,100031,100,99944,100,100039,100,99934,100,100046,100,99932,100,100053,100,99923,100,100054,100,99912,100,100058,100,99910,100,100080,100,99906,100
2019-06-28 09:34:21.683321527,100005,170,99977,470,100010,270,99970,270,100021,100,99947,100,100039,100,99944,100,100046,100,99934,100,100053,100,99932,100,100054,100,99923,100,100058,100,99912,100,100080,100,99910,100,100083,100,99906,100
2019-06-28 09:34:24.653250026,100005,70,99977,470,100010,270,99970,270,100021,100,99947,100,100039,100,99944,100,100046,100,99934,100,100053,100,99932,100,100054,100,99923,100,100058,100,99912,100,100080,100,99910,100,100083,100,99906,100
2019-06-28 09:34:30.000000000,100010,216,99977,416,100021,212,99970,212,100039,212,99947,212,100046,100,99944,100,100053,100,99934,100,100054,100,99932,100,100058,100,99923,100,100080,100,99912,100,100083,100,99910,100,100087,100,99906,100
2019-06-28 09:34:31.868932386,100010,216,99977,416,100021,212,99970,212,100039,212,99947,212,100046,100,99944,100,100053,100,99934,100,100054,100,99932,100,100058,100,99912,100,100080,100,99910,100,100083,100,99906,100,100087,100,99905,200
2019-06-28 09:34:36.392437722,100010,216,99977,416,100021,212,99970,212,100039,212,99947,212,100046,100,99944,100,100053,100,99934,100,100054,100,99932,100,100058,100,99912,100,100080,100,99910,100,100083,100,99906,100,100087,100,99905,200
2019-06-28 09:34:40.000000000,100010,216,99977,416,100021,212,99970,212,100039,212,99947,212,100046,100,99944,100,100053,100,99934,100,100054,100,99932,100,100058,100,99912,100,100080,100,99910,100,100083,100,99906,100,100087,100,99905,200
2019-06-28 09:34:50.000000000,100010,185,99977,385,100021,185,99970,185,100039,185,99947,185,100046,185,99944,185,100053,100,99934,100,100054,100,99932,100,100058,100,99912,100,100080,100,99910,100,100083,100,99906,100,100087,100,99905,200
2019-06-28 09:34:59.523496931,100010,185,99977,385,100021,185,99970,185,100039,185,99947,185,100046,185,99944,185,100053,100,99934,100,100054,100,99932,100,100058,100,99912,100,100080,100,99910,100,100083,100,99906,100,100087,100,99905,200
2019-06-28 09:35:00.000000000,100010,440,99977,640,100021,100,99970,100,100039,100,99947,100,100046,100,99944,100,100053,100,99934,100,100054,100,99932,100,100058,100,99912,100,100080,100,99910,100,100083,100,99906,100,100087,100,99905,200
2019-06-28 09:35:10.000000000,100010,216,99977,416,100021,212,99970,212,100039,212,99947,212,100046,100,99944,100,100053,100,99934,100,100054,100,99932,100,100058,100,99912,100,100080,100,99910,100,100083,100,99906,100,100087,100,99905,200
2019-06-28 09:35:13.111786422,100010,216,99977,316,100021,212,99970,212,100039,212,99947,212,100046,100,99944,100,100053,100,99934,100,100054,100,99932,100,100058,100,99912,100,100080,100,99910,100,100083,100,99906,100,100087,100,99905,200
2019-06-28 09:35:20.000000000,100010,185,99977,285,100021,185,99970,185,100039,185,99947,185,100046,185,99944,185,100053,100,99934,100,100054,100,99932,100,100058,100,99912,100,100080,100,99910,100,100083,100,99906,100,100087,100,99905,200
2019-06-28 09:35:21.853412964,100010,185,100005,100,100021,185,99977,185,100039,185,99970,185,100046,185,99947,185,100053,100,99944,185,100054,100,99934,100,100058,100,99932,100,100080,100,99912,100,100083,100,99910,100,100087,100,99906,100
2019-06-28 09:35:30.000000000,100010,185,100005,185,100021,185,99977,185,100039,185,99970,185,100046,185,99947,185,100053,100,99944,100,100054,100,99934,100,100058,100,99932,100,100080,100,99912,100,100083,100,99910,100,100087,100,99906,100
2019-06-28 09:35:40.000000000,100010,270,100005,270,100021,270,99977,270,100039,100,99970,100,100046,100,99947,100,100053,100,99944,100,100054,100,99934,100,100058,100,99932,100,100080,100,99912,100,100083,100,99910,100,100087,100,99906,100
2019-06-28 09:35:42.994537148,100010,170,100005,270,100021,270,99977,270,100039,100,99970,100,100046,100,99947,100,100053,100,99944,100,100054,100,99934,100,100058,100,99932,100,100080,100,99912,100,100083,100,99910,100,100087,100,99906,100
2019-06-28 09:35:50.000000000,100021,168,100005,168,100039,168,99977,168,100046,168,99970,168,100053,168,99947,168,100054,168,99944,168,100058,100,99934,100,100080,100,99932,100,100083,100,99912,100,100087,100,99910,100,100100,100,99906,100
2019-06-28 09:35:57.966267082,100021,168,100006,100,100039,168,100005,168,100046,168,99977,168,100053,168,99970,68,100054,168,99947,168,100058,100,99944,168,100080,100,99934,100,100083,100,99932,100,100087,100,99912,100,100100,100,99910,100
2019-06-28 09:36:00.000000000,100021,440,100006,440,100039,100,100005,100,100046,100,99977,100,100053,100,99947,100,100054,100,99944,100,100058,100,99934,100,100080,100,99932,100,100083,100,99912,100,100087,100,99910,100,100100,100,99906,100
2019-06-28 09:36:10.000000000,100021,270,100006,270,100039,270,100005,270,100046,100,99977,100,100053,100,99947,100,100054,100,99944,100,100058,100,99934,100,100080,100,99932,100,100083,100,99912,100,100087,100,99910,100,100100,100,99906,100
2019-06-28 09:36:16.966195798,100021,270,100006,270,100039,270,100005,270,100046,100,99977,100,100053,100,99944,100,100054,100,99934,100,100058,100,99932,100,100080,100,99912,100,100083,100,99910,100,100087,100,99906,100,100100,100,99905,200
2019-06-28 09:36:19.901558702,100021,270,100006,270,100039,270,100005,270,100046,100,99977,100,100053,100,99944,100,100054,100,99934,100,100058,100,99932,100,100080,100,99912,100,100083,100,99910,100,100087,100,99906,100,100100,100,99905,200
2019-06-28 09:36:20.000000000,100021,168,100006,168,100039,168,100005,168,100046,168,99977,168,100053,168,99944,168,100054,168,99934,168,100058,100,99932,100,100080,100,99912,100,100083,100,99910,100,100087,100,99906,100,100100,100,99905,200
2019-06-28 09:36:30.000000000,100021,168,100006,168,100039,168,100005,168,100046,168,99977,168,100053,168,99944,168,100054,168,99934,168,100058,100,99932,100,100080,100,99912,100,100083,100,99910,100,100087,100,99906,100,100100,100,99905,200
2019-06-28 09:36:31.024107265,100021,68,100006,168,100039,168,100005,168,100046,168,99977,168,100053,168,99944,168,100054,168,99934,168,100058,100,99912,100,100080,100,99910,100,100083,100,99906,100,100087,100,99905,200,100100,100,99899,100
2019-06-28 09:36:40.000000000,100039,440,100006,440,100046,100,100005,100,100053,100,99977,100,100054,100,99944,100,100058,100,99934,100,100080,100,99912,100,100083,100,99910,100,100087,100,99906,100,100100,100,99905,200,100118,100,99899,100
2019-06-28 09:36:44.006510940,100039,440,100006,440,100046,100,100005,100,100053,100,99944,100,100054,100,99934,100,100058,100,99912,100,100080,100,99910,100,100083,100,99906,100,100087,100,99905,200,100100,100,99899,100,100118,100,99878,100
2019-06-28 09:36:48.963578038,100039,440,100010,100,100046,100,100006,440,100053,100,100005,100,100054,100,99944,100,100058,100,99934,100,100080,100,99912,100,100083,100,99910,100,100087,100,99906,100,100100,100,99905,200,100118,100,99899,100
2019-06-28 09:36:50.000000000,100039,168,100010,168,100046,168,100006,168,100053,168,100005,168,100054,168,99944,168,100058,168,99934,168,100080,100,99912,100,100083,100,99910,100,100087,100,99906,100,100100,100,99905,200,100118,100,99899,100
2019-06-28 09:36:54.437334326,100039,168,100010,168,100046,168,100006,168,100053,168,100005,168,100054,168,99944,168,100058,168,99934,168,100080,100,99912,100,100083,100,99910,100,100087,100,99906,100,100100,100,99905,200,100118,100,99899,100
2019-06-28 09:37:00.000000000,100039,168,100010,168,100046,168,100006,168,100053,168,100005,168,100054,168,99944,168,100058,168,99934,168,100080,100,99912,100,100083,100,99910,100,100087,100,99906,100,100100,100,99905,200,100118,100,99899,100
2019-06-28 09:37:10.000000000,100039,440,100010,440,100046,100,100006,100,100053,100,100005,100,100054,100,99944,100,100058,100,99934,100,100080,100,99912,100,100083,100,99910,100,100087,100,99906,100,100100,100,99905,200,100118,100,99899,100
2019-06-28 09:37:20.000000000,100039,216,100010,216,100046,212,100006,212,100053,212,100005,212,100054,100,99944,100,100058,100,99934,100,100080,100,99912,100,100083,100,99910,100,100087,100,99906,100,100100,100,99905,200,100118,100,99899,100
2019-06-28 09:37:30.000000000,100039,168,100010,168,100046,168,100006,168,100053,168,100005,168,100054,168,99944,168,100058,168,99934,168,100080,100,99912,100,100083,100,99910,100,100087,100,99906,100,100100,100,99905,200,100118,100,99899,100
2019-06-28 09:37:30.957584096,100039,168,100010,168,100046,168,100006,168,100053,168,100005,168,100054,168,99944,168,100058,168,99934,168,100080,100,99912,100,100083,100,99910,100,100087,100,99906,100,100100,100,99905,200,100118,100,99899,100
2019-06-28 09:37:40.000000000,100039,185,100010,185,100046,185,100006,185,100053,185,100005,185,100054,185,99944,185,100058,100,99934,100,100080,100,99912,100,100083,100,99910,100,100087,100,99906,100,100100,100,99905,200,100118,100,99899,100
2019-06-28 09:37:50.000000000,100039,185,100010,185,100046,185,100006,185,100053,185,100005,185,100054,185,99944,185,100058,100,99934,100,100080,100,99912,100,100083,100,99910,100,100087,100,99906,100,100100,100,99905,200,100118,100,99899,100
2019-06-28 09:38:00.000000000,100039,185,100010,185,100046,185,100006,185,100053,185,100005,185,100054,185,99944,185,100058,100,99934,100,100080,100,99912,100,100083,100,99910,100,100087,100,99906,100,100100,100,99905,200,100118,100,99899,100
2019-06-28 09:38:10.000000000,100039,168,100010,168,100046,168,100006,168,100053,168,100005,168,100054,168,99944,168,100058,168,99934,168,100080,100,99912,100,100083,100,99910,100,100087,100,99906,100,100100,100,99905,200,100118,100,99899,100
2019-06-28 09:38:11.331927051,100039,68,100010,168,100046,168,100006,168,100053,168,100005,168,100054,168,99944,168,100058,168,99934,168,100080,100,99912,100,100083,100,99910,100,100087,100,99906,100,100100,100,99905,200,100118,100,99899,100
2019-06-28 09:38:20.000000000,100046,168,100010,168,100053,168,100006,168,100054,168,100005,168,100058,168,99944,168,100080,168,99934,168,100083,100,99912,100,100087,100,99910,100,100100,100,99906,100,100118,100,99905,200,100124,100,99899,100
2019-06-28 09:38:24.108064657,100046,68,100010,168,100053,168,100006,168,100054,168,100005,168,100058,168,99944,168,100080,168,99934,168,100083,100,99912,100,100087,100,99910,100,100100,100,99906,100,100118,100,99905,200,100124,100,99899,100
2019-06-28 09:38:30.000000000,100053,440,100010,440,100054,100,100006,100,100058,100,100005,100,100080,100,99944,100,100083,100,99934,100,100087,100,99912,100,100100,100,99910,100,100118,100,99906,100,100124,100,99905,200,100139,100,99899,100
2019-06-28 09:38:40.000000000,100053,216,100010,216,100054,212,100006,212,100058,212,100005,212,100080,100,99944,100,100083,100,99934,100,100087,100,99912,100,100100,100,99910,100,100118,100,99906,100,100124,100,99905,200,100139,100,99899,100
2019-06-28 09:38:50.000000000,100053,270,100010,270,100054,270,100006,270,100058,100,100005,100,100080,100,99944,100,100083,100,99934,100,100087,100,99912,100,100100,100,99910,100,100118,100,99906,100,100124,100,99905,200,100139,100,99899,100
2019-06-28 09:38:57.954619616,100053,270,100010,270,100054,270,100006,270,100058,100,100005,100,100080,100,99944,100,100087,100,99934,100,100100,100,99912,100,100118,100,99910,100,100124,100,99906,100,100139,100,99905,200,100162,100,99899,100
2019-06-28 09:39:00.000000000,100053,185,100010,185,100054,185,100006,185,100058,185,100005,185,100080,185,99944,185,100087,100,99934,100,100100,100,99912,100,100118,100,99910,100,100124,100,99906,100,100139,100,99905,200,100162,100,99899,100
2019-06-28 09:39:10.000000000,100053,216,100010,216,100054,212,100006,212,100058,212,100005,212,100080,100,99944,100,100087,100,99934,100,100100,100,99912,100,100118,100,99910,100,100124,100,99906,100,100139,100,99905,200,100162,100,99899,100
2019-06-28 09:39:20.000000000,100053,168,100010,168,100054,168,100006,168,100058,168,100005,168,100080,168,99944,168,100087,168,99934,168,100100,100,99912,100,100118,100,99910,100,100124,100,99906,100,100139,100,99905,200,100162,100,99899,100
2019-06-28 09:39:24.381944353,100053,168,100010,168,100054,168,100006,168,100058,168,100005,168,100080,168,99944,168,100087,168,99934,168,100100,100,99912,100,100118,100,99910,100,100124,100,99906,100,100139,100,99905,200,100162,100,99899,100
2019-06-28 09:39:30.000000000,100053,185,100010,185,100054,185,100006,185,100058,185,100005,185,100080,185,99944,185,100087,100,99934,100,100100,100,99912,100,100118,100,99910,100,100124,100,99906,100,100139,100,99905,200,100162,100,99899,100
2019-06-28 09:39:33.385353868,100053,85,100010,185,100054,185,100006,185,100058,185,100005,185,100080,185,99944,185,100087,100,99934,100,100100,100,99912,100,100118,100,99910,100,100124,100,99905,200,100139,100,99899,100,100162,100,99878,100
2019-06-28 09:39:37.634696437,100053,85,100010,185,100054,85,100006,185,100058,185,100005,185,100080,185,99944,185,100087,100,99934,100,100100,100,99912,100,100118,100,99910,100,100124,100,99905,200,100139,100,99899,100,100162,100,99878,100
2019-06-28 09:39:40.000000000,100058,270,100010,270,100080,270,100006,270,100087,100,100005,100,100100,100,99944,100,100118,100,99934,100,100124,100,99912,100,100139,100,99910,100,100162,100,99905,200,100163,100,99899,100,100171,100,99878,100
2019-06-28 09:39:40.122616291,100058,270,100046,100,100080,270,100010,270,100087,100,100006,270,100100,100,100005,100,100118,100,99944,100,100124,100,99934,100,100139,100,99912,100,100162,100,99910,100,100163,100,99905,200,100171,100,99899,100
2019-06-28 09:39:50.000000000,100058,216,100046,216,100080,212,100010,212,100087,212,100006,212,100100,100,100005,100,100118,100,99944,100,100124,100,99934,100,100139,100,99912,100,100162,100,99910,100,100163,100,99905,200,100171,100,99899,100
2019-06-28 09:40:00.000000000,100058,216,100046,216,100080,212,100010,212,100087,212,100006,212,100100,100,100005,100,100118,100,99944,100,100124,100,99934,100,100139,100,99912,100,100162,100,99910,100,100163,100,99905,200,100171,100,99899,100
2019-06-28 09:40:10.000000000,100058,270,100046,270,100080,270,100010,270,100087,100,100006,100,100100,100,100005,100,100118,100,99944,100,100124,100,99934,100,100139,100,99912,100,100162,100,99910,100,100163,100,99905,200,100171,100,99899,100
2019-06-28 09:40:20.000000000,100058,440,100046,440,100080,100,100010,100,100087,100,100006,100,100100,100,100005,100,100118,100,99944,100,100124,100,99934,100,100139,100,99912,100,100162,100,99910,100,100163,100,99905,200,100171,100,99899,100
2019-06-28 09:40:30.000000000,100058,185,100046,185,100080,185,100010,185,100087,185,100006,185,100100,185,100005,185,100118,100,99944,100,100124,100,99934,100,100139,100,99912,100,100162,100,99910,100,100163,100,99905,200,100171,100,99899,100
2019-06-28 09:40:33.962317402,100058,85,100046,185,100080,185,100010,185,100087,185,100006,185,100100,185,100005,185,100118,100,99944,100,100124,100,99934,100,100139,100,99912,100,100162,100,99910,100,100163,100,99905,200,100171,100,99899,100
2019-06-28 09:40:40.000000000,100080,440,100046,440,100087,100,100010,100,100100,100,100006,100,100118,100,100005,100,100124,100,99944,100,100139,100,99934,100,100162,100,99912,100,100163,100,99910,100,100171,100,99905,200,100184,100,99899,100
2019-06-28 09:40:50.000000000,100080,168,100046,168,100087,168,100010,168,100100,168,100006,168,100118,168,100005,168,100124,168,99944,168,100139,100,99934,100,100162,100,99912,100,100163,100,99910,100,100171,100,99905,200,100184,100,99899,100
2019-06-28 09:40:50.604910431,100080,68,100046,168,100087,168,100010,168,100100,168,100006,168,100118,168,100005,168,100124,168,99944,168,100139,100,99934,100,100162,100,99912,100,100163,100,99910,100,100171,100,99905,200,100184,100,99899,100
2019-06-28 09:41:00.000000000,100087,440,100046,440,100100,100,100010,100,100118,100,100006,100,100124,100,100005,100,100139,100,99944,100,100162,100,99934,100,100163,100,99912,100,100171,100,99910,100,100184,100,99905,200,100191,100,99899,100
2019-06-28 09:41:01.374358735,100087,440,100046,440,100100,100,100010,100,100118,100,100006,100,100124,100,100005,100,100139,100,99944,100,100162,100,99934,100,100163,100,99912,100,100171,100,99910,100,100184,100,99905,200,100191,100,99899,100
2019-06-28 09:41:10.000000000,100087,440,100046,440,100100,100,100010,100,100118,100,100006,100,100124,100,100005,100,100139,100,99944,100,100162,100,99934,100,100163,100,99912,100,100171,100,99910,100,100184,100,99905,200,100191,100,99899,100
2019-06-28 09:41:20.000000000,100087,168,100046,168,100100,168,100010,168,100118,168,100006,168,100124,168,100005,168,100139,168,99944,168,100162,100,99934,100,100163,100,99912,100,100171,100,99910,100,100184,100,99905,200,100191,100,99899,100
2019-06-28 09:41:30.000000000,100087,168,100046,168,100100,168,100010,168,100118,168,100006,168,100124,168,100005,168,100139,168,99944,168,100162,100,99934,100,100163,100,99912,100,100171,100,99910,100,100184,100,99905,200,100191,100,99899,100
2019-06-28 09:41:40.000000000,100087,216,100046,216,100100,212,100010,212,100118,212,100006,212,100124,100,100005,100,100139,100,99944,100,100162,100,99934,100,100163,100,99912,100,100171,100,99910,100,100184,100,99905,200,100191,100,99899,100
2019-06-28 09:41:50.000000000,100087,168,100046,168,100100,168,100010,168,100118,168,100006,168,100124,168,100005,168,100139,168,99944,168,100162,100,99934,100,100163,100,99912,100,100171,100,99910,100,100184,100,99905,200,100191,100,99899,100
2019-06-28 09:42:00.000000000,100087,168,100046,168,100100,168,100010,168,100118,168,100006,168,100124,168,100005,168,100139,168,99944,168,100162,100,99934,100,100163,100,99912,100,100171,100,99910,100,100184,100,99905,200,100191,100,99899,100
2019-06-28 09:42:10.000000000,100087,270,100046,270,100100,270,100010,270,100118,100,100006,100,100124,100,100005,100,100139,100,99944,100,100162,100,99934,100,100163,100,99912,100,100171,100,99910,100,100184,100,99905,200,100191,100,99899,100
2019-06-28 09:42:13.440112306,100087,270,100046,270,100100,270,100010,270,100118,100,100006,100,100124,100,100005,100,100139,100,99944,100,100162,100,99934,100,100163,100,99912,100,100171,100,99910,100,100184,100,99905,200,100191,100,99899,100
2019-06-28 09:42:20.000000000,100087,216,100046,216,100100,212,100010,212,100118,212,100006,212,100124,100,100005,100,100139,100,99944,100,100162,100,99934,100,100163,100,99912,100,100171,100,99910,100,100184,100,99905,200,100191,100,99899,100
2019-06-28 09:42:24.167470131,100087,116,100046,216,100100,212,100010,212,100118,212,100006,212,100124,100,100005,100,100139,100,99944,100,100162,100,99934,100,100163,100,99912,100,100171,100,99910,100,100184,100,99905,100,100191,100,99899,100
2019-06-28 09:42:30.000000000,100100,185,100046,185,100118,185,100010,185,100124,185,100006,185,100139,185,100005,185,100162,100,99944,100,100163,100,99934,100,100171,100,99912,100,100184,100,99910,100,100191,100,99905,100,100199,100,99899,100
2019-06-28 09:42:34.634265028,100071,100,100046,185,100100,185,100010,185,100118,185,100006,185,100124,185,100005,185,100139,185,99944,100,100162,100,99934,100,100163,100,99912,100,100171,100,99910,100,100184,100,99905,100,100191,100,99899,100
2019-06-28 09:42:39.925429908,100071,100,100046,185,100100,185,100010,185,100118,185,100006,185,100124,85,100005,185,100139,185,99944,100,100162,100,99934,100,100163,100,99912,100,100171,100,99910,100,100184,100,99905,100,100191,100,99899,100
2019-06-28 09:42:40.000000000,100071,440,100046,440,100100,100,100010,100,100118,100,100006,100,100139,100,100005,100,100162,100,99944,100,100163,100,99934,100,100171,100,99912,100,100184,100,99910,100,100191,100,99905,100,100199,100,99899,100
2019-06-28 09:42:47.408176721,100071,440,100046,440,100100,100,100010,100,100118,100,100006,100,100139,100,100005,100,100162,100,99944,100,100163,100,99934,100,100171,100,99912,100,100184,100,99910,100,100191,100,99905,100,100199,100,99899,100
2019-06-28 09:42:50.000000000,100071,168,100046,168,100100,168,100010,168,100118,168,100006,168,100139,168,100005,168,100162,168,99944,168,100163,100,99934,100,100171,100,99912,100,100184,100,99910,100,100191,100,99905,100,100199,100,99899,100
2019-06-28 09:42:54.431921092,100071,168,100046,168,100100,168,100010,168,100118,168,100006,168,100139,168,100005,168,100162,168,99944,168,100163,100,99934,100,100171,100,99912,100,100184,100,99910,100,100191,100,99905,100,100199,100,99899,100
2019-06-28 09:42:57.153508108,100071,68,100046,168,100100,168,100010,168,100118,168,100006,168,100139,168,100005,168,100162,168,99944,168,100163,100,99934,100,100171,100,99912,100,100184,100,99910,100,100191,100,99905,100,100199,100,99899,100
2019-06-28 09:43:00.000000000,100100,270,100046,270,100118,270,100010,270,100139,100,100006,100,100162,100,100005,100,100163,100,99944,100,100171,100,99934,100,100184,100,99912,100,100191,100,99910,100,100199,100,99905,100,100205,100,99899,100
2019-06-28 09:43:03.660685424,100100,270,100071,100,100118,270,100046,270,100139,100,100010,270,100162,100,100006,100,100163,100,100005,100,100171,100,99944,100,100184,100,99934,100,100191,100,99912,100,100199,100,99910,100,100205,100,99905,100
2019-06-28 09:43:10.000000000,100100,270,100071,270,100118,270,100046,270,100139,100,100010,100,100162,100,100006,100,100163,100,100005,100,100171,100,99944,100,100184,100,99934,100,100191,100,99912,100,100199,100,99910,100,100205,100,99905,100
2019-06-28 09:43:20.000000000,100100,216,100071,216,100118,212,100046,212,100139,212,100010,212,100162,100,100006,100,100163,100,100005,100,100171,100,99944,100,100184,100,99934,100,100191,100,99912,100,100199,100,99910,100,100205,100,99905,100
2019-06-28 09:43:25.790908046,100100,216,100071,216,100118,212,100046,212,100139,212,100010,212,100162,100,100005,100,100163,100,99944,100,100171,100,99934,100,100184,100,99912,100,100191,100,99910,100,100199,100,99905,100,100205,100,99899,100
2019-06-28 09:43:30.000000000,100100,216,100071,216,100118,212,100046,212,100139,212,100010,212,100162,100,100005,100,100163,100,99944,100,100171,100,99934,100,100184,100,99912,100,100191,100,99910,100,100199,100,99905,100,100205,100,99899,100
2019-06-28 09:43:40.000000000,100100,216,100071,216,100118,212,100046,212,100139,212,100010,212,100162,100,100005,100,100163,100,99944,100,100171,100,99934,100,100184,100,99912,100,100191,100,99910,100,100199,100,99905,100,100205,100,99899,100
2019-06-28 09:43:50.000000000,100100,168,100071,168,100118,168,100046,168,100139,168,100010,168,100162,168,100005,168,100163,168,99944,168,100171,100,99934,100,100184,100,99912,100,100191,100,99910,100,100199,100,99905,100,100205,100,99899,100
2019-06-28 09:44:00.000000000,100100,440,100071,440,100118,100,100046,100,100139,100,100010,100,100162,100,100005,100,100163,100,99944,100,100171,100,99934,100,100184,100,99912,100,100191,100,99910,100,100199,100,99905,100,100205,100,99899,100
2019-06-28 09:44:04.561767174,100100,440,100071,540,100118,100,100046,100,100139,100,100010,100,100162,100,100005,100,100163,100,99944,100,100171,100,99934,100,100184,100,99912,100,100191,100,99910,100,100199,100,99905,100,100205,100,99899,100
2019-06-28 09:44:10.000000000,100100,185,100071,285,100118,185,100046,185,100139,185,100010,185,100162,185,100005,185,100163,100,99944,100,100171,100,99934,100,100184,100,99912,100,100191,100,99910,100,100199,100,99905,100,100205,100,99899,100
2019-06-28 09:44:16.855956829,100100,85,100071,285,100118,185,100046,185,100139,185,100010,185,100162,185,100005,185,100163,100,99944,100,100171,100,99934,100,100184,100,99912,100,100199,100,99910,100,100205,100,99905,100,100215,100,99899,100
2019-06-28 09:44:17.471750804,100100,85,100071,285,100118,185,100046,185,100139,185,100010,185,100162,185,100005,185,100163,100,99944,100,100171,100,99934,100,100184,100,99912,100,100199,100,99910,100,100205,100,99905,100,100215,100,99899,100
2019-06-28 09:44:20.000000000,100118,168,100071,268,100139,168,100046,168,100162,168,100010,168,100163,168,100005,168,100171,168,99944,168,100184,100,99934,100,100199,100,99912,100,100205,100,99910,100,100215,100,99905,100,100226,100,99899,100
2019-06-28 09:44:20.788339837,100118,168,100071,268,100139,168,100046,168,100162,168,100010,168,100163,68,100005,168,100171,168,99944,168,100184,100,99934,100,100199,100,99912,100,100205,100,99910,100,100215,100,99905,100,100226,100,99899,100
2019-06-28 09:44:23.828019795,100118,68,100071,268,100139,168,100046,168,100162,168,100010,168,100163,68,100005,168,100171,168,99944,168,100184,100,99934,100,100199,100,99912,100,100205,100,99910,100,100215,100,99905,100,100226,100,99899,100
2019-06-28 09:44:29.285372350,100139,168,100118,32,100162,168,100071,268,100163,68,100046,168,100171,168,100010,168,100184,100,100005,168,100199,100,99944,168,100205,100,99934,100,100215,100,99912,100,100226,100,99910,100,100235,100,99905,100
2019-06-28 09:44:30.000000000,100139,168,100118,100,100162,168,100071,268,100171,168,100046,168,100184,168,100010,168,100199,168,100005,168,100205,100,99944,100,100215,100,99934,100,100226,100,99912,100,100235,100,99910,100,100292,100,99905,100
2019-06-28 09:44:40.000000000,100139,185,100118,117,100162,185,100071,285,100171,185,100046,185,100184,185,100010,185,100199,100,100005,100,100205,100,99944,100,100215,100,99934,100,100226,100,99912,100,100235,100,99910,100,100292,100,99905,100
2019-06-28 09:44:40.177348708,100139,85,100118,117,100162,185,100071,285,100171,185,100046,185,100184,185,100010,185,100199,100,100005,100,100205,100,99944,100,100215,100,99934,100,100226,100,99912,100,100235,100,99910,100,100292,100,99905,100
2019-06-28 09:44:43.052628400,100139,85,100119,100,100162,185,100118,117,100171,185,100071,285,100184,185,100046,185,100199,100,100010,185,100205,100,100005,100,100215,100,99944,100,100226,100,99934,100,100235,100,99912,100,100292,100,99910,100
2019-06-28 09:44:50.000000000,100162,440,100119,440,100171,100,100118,32,100184,100,100071,200,100199,100,100046,100,100205,100,100010,100,100215,100,100005,100,100226,100,99944,100,100235,100,99934,100,100292,100,99912,100,100385,100,99910,100
2019-06-28 09:44:54.989468837,100162,340,100119,440,100171,100,100118,32,100184,100,100071,200,100199,100,100046,100,100205,100,100010,100,100215,100,100005,100,100226,100,99944,100,100235,100,99934,100,100292,100,99912,100,100385,100,99910,100
2019-06-28 09:44:56.540689572,100162,340,100119,440,100171,100,100118,32,100184,100,100071,200,100199,100,100046,100,100215,100,100010,100,100226,100,100005,100,100235,100,99944,100,100292,100,99934,100,100385,100,99912,100,100437,100,99910,100
2019-06-28 09:45:00.000000000,100171,440,100119,440,100184,100,100118,32,100199,100,100071,200,100215,100,100046,100,100226,100,100010,100,100235,100,100005,100,100292,100,99944,100,100385,100,99934,100,100437,100,99912,100,100444,100,99910,100
2019-06-28 09:45:10.000000000,100171,185,100119,185,100184,185,100118,117,100199,185,100071,285,100215,185,100046,185,100226,100,100010,100,100235,100,100005,100,100292,100,99944,100,100385,100,99934,100,100437,100,99912,100,100444,100,99910,100
2019-06-28 09:45:12.101889330,100171,85,100119,185,100184,185,100118,117,100199,185,100071,285,100215,185,100046,185,100226,100,100010,100,100235,100,100005,100,100292,100,99944,100,100385,100,99934,100,100437,100,99912,100,100444,100,99910,100
2019-06-28 09:45:19.872572754,100184,185,100171,15,100199,185,100119,185,100215,185,100118,117,100226,100,100071,285,100292,100,100046,185,100385,100,100010,100,100437,100,100005,100,100444,100,99944,100,100446,100,99934,100,100504,100,99912,100
2019-06-28 09:45:20.000000000,100184,168,100171,83,100199,168,100119,168,100215,168,100118,100,100226,168,100071,268,100292,168,100046,168,100385,100,100010,100,100437,100,100005,100,100444,100,99944,100,100446,100,99934,100,100504,100,99912,100
2019-06-28 09:45:29.158738925,100184,168,100171,83,100199,168,100119,168,100215,168,100118,100,100226,168,100071,268,100292,168,100046,168,100385,100,100010,100,100437,100,100005,100,100444,100,99944,100,100446,100,99934,100,100504,100,99912,100
2019-06-28 09:45:30.000000000,100184,216,100171,131,100199,212,100119,212,100215,212,100118,144,100226,100,100071,200,100292,100,100046,100,100385,100,100010,100,100437,100,100005,100,100444,100,99944,100,100446,100,99934,100,100504,100,99912,100
2019-06-28 09:45:40.000000000,100184,270,100171,185,100199,270,100119,270,100215,100,100118,32,100226,100,100071,200,100292,100,100046,100,100385,100,100010,100,100437,100,100005,100,100444,100,99944,100,100446,100,99934,100,100504,100,99912,100
2019-06-28 09:45:42.034545658,100184,270,100171,285,100199,270,100119,270,100215,100,100118,32,100226,100,100071,100,100292,100,100046,100,100385,100,100010,100,100437,100,100005,100,100444,100,99944,100,100446,100,99934,100,100504,100,99912,100
2019-06-28 09:45:44.871827065,100184,270,100171,385,100199,270,100119,270,100215,100,100118,32,100226,100,100071,100,100292,100,100046,100,100385,100,100010,100,100437,100,100005,100,100444,100,99944,100,100446,100,99934,100,100504,100,99912,100
2019-06-28 09:45:50.000000000,100184,168,100171,283,100199,168,100119,168,100215,168,100118,100,100226,168,100071,168,100292,168,100046,168,100385,100,100010,100,100437,100,100005,100,100444,100,99944,100,100446,100,99934,100,100504,100,99912,100
2019-06-28 09:45:56.132681397,100184,168,100171,183,100199,168,100119,168,100215,168,100118,100,100226,168,100071,168,100292,168,100046,168,100385,100,100010,100,100437,100,100005,100,100444,100,99944,100,100446,100,99934,100,100504,100,99912,100
2019-06-28 09:45:56.560092341,100184,68,100171,183,100199,168,100119,168,100215,168,100118,100,100226,168,100071,168,100292,168,100046,168,100385,100,100010,100,100437,100,100005,100,100444,100,99944,100,100446,100,99934,100,100504,100,99912,100
2019-06-28 09:46:00.000000000,100199,185,100171,200,100215,185,100119,185,100226,185,100118,117,100292,185,100071,185,100385,100,100046,100,100437,100,100010,100,100444,100,100005,100,100446,100,99944,100,100504,100,99934,100,100536,100,99912,100
2019-06-28 09:46:10.000000000,100199,168,100171,183,100215,168,100119,168,100226,168,100118,100,100292,168,100071,168,100385,168,100046,168,100437,100,100010,100,100444,100,100005,100,100446,100,99944,100,100504,100,99934,100,100536,100,99912,100
2019-06-28 09:46:20.000000000,100199,216,100171,231,100215,212,100119,212,100226,212,100118,144,100292,100,100071,100,100385,100,100046,100,100437,100,100010,100,100444,100,100005,100,100446,100,99944,100,100504,100,99934,100,100536,100,99912,100
2019-06-28 09:46:24.126323030,100199,216,100171,131,100215,212,100119,212,100226,212,100118,144,100292,100,100071,100,100385,100,100046,100,100437,100,100010,100,100444,100,100005,100,100446,100,99944,100,100504,100,99934,100,100536,100,99912,100
2019-06-28 09:46:27.734753615,100199,216,100171,131,100215,212,100119,212,100226,212,100118,144,100292,100,100071,100,100385,100,100046,100,100437,100,100010,100,100444,100,100005,100,100446,100,99944,100,100504,100,99934,100,100536,100,99912,100
2019-06-28 09:46:30.000000000,100199,270,100171,185,100215,270,100119,270,100226,100,100118,32,100292,100,100071,100,100385,100,100046,100,100437,100,100010,100,100444,100,100005,100,100446,100,99944,100,100504,100,99934,100,100536,100,99912,100
2019-06-28 09:46:40.000000000,100199,270,100171,185,100215,270,100119,270,100226,100,100118,32,100292,100,100071,100,100385,100,100046,100,100437,100,100010,100,100444,100,100005,100,100446,100,99944,100,100504,100,99934,100,100536,100,99912,100
2019-06-28 09:46:50.000000000,100199,185,100171,100,100215,185,100119,185,100226,185,100118,117,100292,185,100071,185,100385,100,100046,100,100437,100,100010,100,100444,100,100005,100,100446,100,99944,100,100504,100,99934,100,100536,100,99912,100
2019-06-28 09:46:57.631200423,100199,185,100171,100,100215,185,100119,185,100226,185,100118,117,100292,185,100071,185,100437,100,100046,100,100444,100,100028,100,100446,100,100010,100,100504,100,100005,100,100536,100,99944,100,100556,100,99934,100
2019-06-28 09:47:00.000000000,100199,216,100171,131,100215,212,100119,212,100226,212,100118,144,100292,100,100071,100,100437,100,100046,100,100444,100,100028,100,100446,100,100010,100,100504,100,100005,100,100536,100,99944,100,100556,100,99934,100
2019-06-28 09:47:10.000000000,100199,168,100171,83,100215,168,100119,168,100226,168,100118,100,100292,168,100071,168,100437,168,100046,168,100444,100,100028,100,100446,100,100010,100,100504,100,100005,100,100536,100,99944,100,100556,100,99934,100
2019-06-28 09:47:20.000000000,100199,185,100171,100,100215,185,100119,185,100226,185,100118,117,100292,185,100071,185,100437,100,100046,100,100444,100,100028,100,100446,100,100010,100,100504,100,100005,100,100536,100,99944,100,100556,100,99934,100
2019-06-28 09:47:28.996685780,100199,185,100171,100,100215,185,100119,185,100226,185,100118,117,100292,185,100086,100,100437,100,100071,185,100444,100,100046,100,100446,100,100028,100,100504,100,100010,100,100536,100,100005,100,100556,100,99944,100
2019-06-28 09:47:30.000000000,100199,185,100171,100,100215,185,100119,185,100226,185,100118,117,100292,185,100086,185,100437,100,100071,100,100444,100,100046,100,100446,100,100028,100,100504,100,100010,100,100536,100,100005,100,100556,100,99944,100
2019-06-28 09:47:38.569218198,100199,185,100171,100,100215,185,100147,100,100226,185,100119,185,100292,85,100118,117,100437,100,100086,185,100444,100,100071,100,100446,100,100046,100,100504,100,100028,100,100536,100,100010,100,100556,100,100005,100
2019-06-28 09:47:40.000000000,100199,185,100171,100,100215,185,100147,185,100226,185,100119,185,100437,185,100118,117,100444,100,100086,100,100446,100,100071,100,100504,100,100046,100,100536,100,100028,100,100556,100,100010,100,100647,100,100005,100
2019-06-28 09:47:42.132652442,100199,185,100147,185,100215,185,100119,185,100226,185,100118,117,100437,185,100086,100,100444,100,100071,100,100446,100,100046,100,100504,100,100028,100,100536,100,100010,100,100556,100,100005,100,100647,100,99944,100
2019-06-28 09:47:50.000000000,100199,185,100147,185,100215,185,100119,185,100226,185,100118,117,100437,185,100086,185,100444,100,100071,100,100446,100,100046,100,100504,100,100028,100,100536,100,100010,100,100556,100,100005,100,100647,100,99944,100
2019-06-28 09:48:00.000000000,100199,185,100147,185,100215,185,100119,185,100226,185,100118,117,100437,185,100086,185,100444,100,100071,100,100446,100,100046,100,100504,100,100028,100,100536,100,100010,100,100556,100,100005,100,100647,100,99944,100
2019-06-28 09:48:10.000000000,100199,216,100147,216,100215,212,100119,212,100226,212,100118,144,100437,100,100086,100,100444,100,100071,100,100446,100,100046,100,100504,100,100028,100,100536,100,100010,100,100556,100,100005,100,100647,100,99944,100
2019-06-28 09:48:20.000000000,100199,440,100147,440,100215,100,100119,100,100226,100,100118,32,100437,100,100086,100,100444,100,100071,100,100446,100,100046,100,100504,100,100028,100,100536,100,100010,100,100556,100,100005,100,100647,100,99944,100
2019-06-28 09:48:30.000000000,100199,185,100147,185,100215,185,100119,185,100226,185,100118,117,100437,185,100086,185,100444,100,100071,100,100446,100,100046,100,100504,100,100028,100,100536,100,100010,100,100556,100,100005,100,100647,100,99944,100
2019-06-28 09:48:40.000000000,100199,270,100147,270,100215,270,100119,270,100226,100,100118,32,100437,100,100086,100,100444,100,100071,100,100446,100,100046,100,100504,100,100028,100,100536,100,100010,100,100556,100,100005,100,100647,100,99944,100
2019-06-28 09:48:50.000000000,100199,440,100147,440,100215,100,100119,100,100226,100,100118,32,100437,100,100086,100,100444,100,100071,100,100446,100,100046,100,100504,100,100028,100,100536,100,100010,100,100556,100,100005,100,100647,100,99944,100
2019-06-28 09:49:00.000000000,100199,440,100147,440,100215,100,100119,100,100226,100,100118,32,100437,100,100086,100,100444,100,100071,100,100446,100,100046,100,100504,100,100028,100,100536,100,100010,100,100556,100,100005,100,100647,100,99944,100
2019-06-28 09:49:10.000000000,100199,185,100147,185,100215,185,100119,185,100226,185,100118,117,100437,185,100086,185,100444,100,100071,100,100446,100,100046,100,100504,100,100028,100,100536,100,100010,100,100556,100,100005,100,100647,100,99944,100
2019-06-28 09:49:14.177003992,100199,185,100147,185,100215,185,100119,185,100226,185,100118,117,100437,185,100086,185,100444,100,100071,100,100446,100,100046,100,100504,100,100010,100,100536,100,100005,100,100556,100,99944,100,100647,100,99934,100
2019-06-28 09:49:20.000000000,100199,185,100147,185,100215,185,100119,185,100226,185,100118,117,100437,185,100086,185,100444,100,100071,100,100446,100,100046,100,100504,100,100010,100,100536,100,100005,100,100556,100,99944,100,100647,100,99934,100
2019-06-28 09:49:30.000000000,100199,168,100147,168,100215,168,100119,168,100226,168,100118,100,100437,168,100086,168,100444,168,100071,168,100446,100,100046,100,100504,100,100010,100,100536,100,100005,100,100556,100,99944,100,100647,100,99934,100
2019-06-28 09:49:40.000000000,100199,185,100147,185,100215,185,100119,185,100226,185,100118,117,100437,185,100086,185,100444,100,100071,100,100446,100,100046,100,100504,100,100010,100,100536,100,100005,100,100556,100,99944,100,100647,100,99934,100
2019-06-28 09:49:48.400511883,100199,185,100147,85,100215,185,100119,185,100226,185,100118,117,100437,185,100086,185,100446,100,100071,100,100504,100,100046,100,100536,100,100010,100,100556,100,100005,100,100647,100,99944,100,100668,100,99934,100
2019-06-28 09:49:50.000000000,100199,270,100119,270,100215,270,100118,202,100226,100,100086,100,100437,100,100071,100,100446,100,100046,100,100504,100,100010,100,100536,100,100005,100,100556,100,99944,100,100647,100,99934,100,100668,100,99912,100
2019-06-28 09:49:51.090868971,100199,270,100119,270,100215,270,100118,202,100226,100,100086,100,100437,100,100071,100,100446,100,100046,100,100504,100,100010,100,100536,100,100005,100,100556,100,99944,100,100647,100,99934,100,100668,100,99912,100
2019-06-28 09:50:00.000000000,100199,270,100119,270,100215,270,100118,202,100226,100,100086,100,100437,100,100071,100,100446,100,100046,100,100504,100,100010,100,100536,100,100005,100,100556,100,99944,100,100647,100,99934,100,100668,100,99912,100
2019-06-28 09:50:10.000000000,100199,185,100119,185,100215,185,100118,117,100226,185,100086,185,100437,185,100071,185,100446,100,100046,100,100504,100,100010,100,100536,100,100005,100,100556,100,99944,100,100647,100,99934,100,100668,100,99912,100
2019-06-28 09:50:18.283418222,100199,185,100119,185,100215,185,100118,117,100226,185,100086,185,100437,185,100071,185,100446,100,100046,100,100504,100,100010,100,100536,100,100005,100,100556,100,99944,100,100647,100,99934,100,100668,100,99912,100
2019-06-28 09:50:19.086287918,100199,185,100119,185,100215,185,100118,117,100226,185,100086,185,100437,185,100071,185,100446,100,100046,100,100504,100,100010,100,100536,100,100005,100,100556,100,99944,100,100647,100,99934,100,100668,100,99912,100
2019-06-28 09:50:20.000000000,100199,440,100119,440,100215,100,100118,32,100226,100,100086,100,100437,100,100071,100,100446,100,100046,100,100504,100,100010,100,100536,100,100005,100,100556,100,99944,100,100647,100,99934,100,100668,100,99912,100
2019-06-28 09:50:20.620312139,100199,440,100119,440,100215,100,100118,32,100226,100,100086,100,100437,100,100071,100,100446,100,100046,100,100504,100,100010,100,100536,100,100005,100,100556,100,99944,100,100647,100,99934,100,100668,100,99912,100
2019-06-28 09:50:30.000000000,100199,216,100119,216,100215,212,100118,144,100226,212,100086,212,100437,100,100071,100,100446,100,100046,100,100504,100,100010,100,100536,100,100005,100,100556,100,99944,100,100647,100,99934,100,100668,100,99912,100
2019-06-28 09:50:30.230632353,100199,216,100119,116,100215,212,100118,144,100226,212,100086,212,100437,100,100071,100,100446,100,100046,100,100504,100,100010,100,100536,100,100005,100,100556,100,99944,100,100647,100,99934,100,100668,100,99912,100
2019-06-28 09:50:40.000000000,100199,216,100118,148,100215,212,100086,212,100226,212,100071,212,100437,100,100046,100,100446,100,100010,100,100504,100,100005,100,100536,100,99944,100,100556,100,99934,100,100647,100,99912,100,100668,100,99910,100
2019-06-28 09:50:50.000000000,100199,185,100118,117,100215,185,100086,185,100226,185,100071,185,100437,185,100046,185,100446,100,100010,100,100504,100,100005,100,100536,100,99944,100,100556,100,99934,100,100647,100,99912,100,100668,100,99910,100
2019-06-28 09:50:53.396562434,100199,185,100118,117,100215,185,100086,185,100226,185,100071,185,100437,185,100046,185,100446,100,100010,100,100504,100,100005,100,100536,100,99944,100,100556,100,99934,100,100647,100,99912,100,100668,100,99910,100
2019-06-28 09:51:00.000000000,100199,440,100118,372,100215,100,100086,100,100226,100,100071,100,100437,100,100046,100,100446,100,100010,100,100504,100,100005,100,100536,100,99944,100,100556,100,99934,100,100647,100,99912,100,100668,100,99910,100
2019-06-28 09:51:10.000000000,100199,216,100118,148,100215,212,100086,212,100226,212,100071,212,100437,100,100046,100,100446,100,100010,100,100504,100,100005,100,100536,100,99944,100,100556,100,99934,100,100647,100,99912,100,100668,100,99910,100
2019-06-28 09:51:20.000000000,100199,185,100118,117,100215,185,100086,185,100226,185,100071,185,100437,185,100046,185,100446,100,100010,100,100504,100,100005,100,100536,100,99944,100,100556,100,99934,100,100647,100,99912,100,100668,100,99910,100
2019-06-28 09:51:23.034440334,100199,185,100118,17,100215,185,100086,185,100226,185,100071,185,100437,185,100046,185,100446,100,100010,100,100536,100,100005,100,100556,100,99944,100,100647,100,99934,100,100668,100,99912,100,100821,100,99910,100
2019-06-28 09:51:26.379236806,100119,100,100118,17,100199,185,100086,185,100215,185,100071,185,100226,185,100046,85,100437,185,100010,100,100446,100,100005,100,100536,100,99944,100,100556,100,99934,100,100647,100,99912,100,100668,100,99910,100
2019-06-28 09:51:29.123727747,100119,100,100118,17,100199,185,100086,185,100215,185,100071,185,100226,185,100046,85,100437,185,100005,100,100446,100,99944,100,100536,100,99934,100,100556,100,99912,100,100647,100,99910,100,100668,100,99905,100
2019-06-28 09:51:30.000000000,100119,185,100086,185,100199,185,100071,185,100215,185,100005,185,100226,185,99944,185,100437,100,99934,100,100446,100,99912,100,100536,100,99910,100,100556,100,99905,100,100647,100,99899,100,100668,100,99840,100
2019-06-28 09:51:40.000000000,100119,270,100086,270,100199,270,100071,270,100215,100,100005,100,100226,100,99944,100,100437,100,99934,100,100446,100,99912,100,100536,100,99910,100,100556,100,99905,100,100647,100,99899,100,100668,100,99840,100
2019-06-28 09:51:50.000000000,100119,270,100086,270,100199,270,100071,270,100215,100,100005,100,100226,100,99944,100,100437,100,99934,100,100446,100,99912,100,100536,100,99910,100,100556,100,99905,100,100647,100,99899,100,100668,100,99840,100
2019-06-28 09:52:00.000000000,100119,185,100086,185,100199,185,100071,185,100215,185,100005,185,100226,185,99944,185,100437,100,99934,100,100446,100,99912,100,100536,100,99910,100,100556,100,99905,100,100647,100,99899,100,100668,100,99840,100
2019-06-28 09:52:10.000000000,100119,168,100086,168,100199,168,100071,168,100215,168,100005,168,100226,168,99944,168,100437,168,99934,168,100446,100,99912,100,100536,100,99910,100,100556,100,99905,100,100647,100,99899,100,100668,100,99840,100
2019-06-28 09:52:14.613761727,100119,168,100086,168,100199,168,100071,168,100215,168,100005,168,100226,168,99944,168,100437,168,99934,168,100446,100,99912,100,100536,100,99910,100,100556,100,99905,100,100647,100,99899,100,100668,100,99840,100
2019-06-28 09:52:20.000000000,100119,185,100086,185,100199,185,100071,185,100215,185,100005,185,100226,185,99944,185,100437,100,99934,100,100446,100,99912,100,100536,100,99910,100,100556,100,99905,100,100647,100,99899,100,100668,100,99840,100
2019-06-28 09:52:30.000000000,100119,168,100086,168,100199,168,100071,168,100215,168,100005,168,100226,168,99944,168,100437,168,99934,168,100446,100,99912,100,100536,100,99910,100,100556,100,99905,100,100647,100,99899,100,100668,100,99840,100
2019-06-28 09:52:40.000000000,100119,168,100086,168,100199,168,100071,168,100215,168,100005,168,100226,168,99944,168,100437,168,99934,168,100446,100,99912,100,100536,100,99910,100,100556,100,99905,100,100647,100,99899,100,100668,100,99840,100
2019-06-28 09:52:50.000000000,100119,168,100086,168,100199,168,100071,168,100215,168,100005,168,100226,168,99944,168,100437,168,99934,168,100446,100,99912,100,100536,100,99910,100,100556,100,99905,100,100647,100,99899,100,100668,100,99840,100
2019-06-28 09:52:55.688051465,100119,268,100086,168,100199,168,100071,168,100215,168,100005,168,100226,168,99944,168,100437,168,99934,168,100446,100,99912,100,100536,100,99910,100,100556,100,99905,100,100647,100,99899,100,100668,100,99840,100
2019-06-28 09:53:00.000000000,100119,540,100086,440,100199,100,100071,100,100215,100,100005,100,100226,100,99944,100,100437,100,99934,100,100446,100,99912,100,100536,100,99910,100,100556,100,99905,100,100647,100,99899,100,100668,100,99840,100
2019-06-28 09:53:03.946050152,100119,640,100086,440,100199,100,100071,100,100215,100,100005,100,100226,100,99944,100,100437,100,99934,100,100446,100,99912,100,100536,100,99910,100,100556,100,99905,100,100647,100,99899,100,100668,100,99840,100
2019-06-28 09:53:10.000000000,100119,640,100086,440,100199,100,100071,100,100215,100,100005,100,100226,100,99944,100,100437,100,99934,100,100446,100,99912,100,100536,100,99910,100,100556,100,99905,100,100647,100,99899,100,100668,100,99840,100
2019-06-28 09:53:19.680950871,100119,640,100086,340,100199,100,100071,100,100215,100,100005,100,100226,100,99944,100,100437,100,99934,100,100446,100,99912,100,100536,100,99910,100,100556,100,99905,100,100647,100,99899,100,100821,100,99840,100
2019-06-28 09:53:20.000000000,100119,640,100071,440,100199,100,100005,100,100215,100,99944,100,100226,100,99934,100,100437,100,99912,100,100446,100,99910,100,100536,100,99905,100,100556,100,99899,100,100647,100,99840,100,100821,100,98657,100
2019-06-28 09:53:30.000000000,100119,416,100071,216,100199,212,100005,212,100215,212,99944,212,100226,100,99934,100,100437,100,99912,100,100446,100,99910,100,100536,100,99905,100,100556,100,99899,100,100647,100,99840,100,100821,100,98657,100
2019-06-28 09:53:40.000000000,100119,470,100071,270,100199,270,100005,270,100215,100,99944,100,100226,100,99934,100,100437,100,99912,100,100446,100,99910,100,100536,100,99905,100,100556,100,99899,100,100647,100,99840,100,100821,100,98657,100
2019-06-28 09:53:41.023816905,100119,470,100071,270,100199,270,100005,270,100215,100,99944,100,100226,100,99934,100,100437,100,99912,100,100446,100,99910,100,100536,100,99905,100,100556,100,99899,100,100647,100,99840,100,100821,100,98657,100
2019-06-28 09:53:43.906150564,100119,470,100071,270,100199,270,100005,270,100215,100,99944,100,100226,100,99934,100,100437,100,99912,100,100446,100,99910,100,100536,100,99905,100,100556,100,99899,100,100647,100,99840,100,100821,100,98657,100
2019-06-28 09:53:50.000000000,100119,470,100071,270,100199,270,100005,270,100215,100,99944,100,100226,100,99934,100,100437,100,99912,100,100446,100,99910,100,100536,100,99905,100,100556,100,99899,100,100647,100,99840,100,100821,100,98657,100
2019-06-28 09:53:50.213735116,100119,470,100071,170,100199,270,100005,270,100226,100,99944,100,100437,100,99934,100,100446,100,99912,100,100536,100,99910,100,100556,100,99905,100,100647,100,99899,100,100821,100,99840,100,100912,100,98657,100
2019-06-28 09:53:59.628907752,100119,470,100071,70,100199,270,100005,270,100226,100,99944,100,100437,100,99934,100,100446,100,99912,100,100536,100,99910,100,100556,100,99905,100,100647,100,99899,100,100821,100,99840,100,100912,100,98657,100
2019-06-28 09:54:00.000000000,100119,640,100005,440,100199,100,99944,100,100226,100,99934,100,100437,100,99912,100,100446,100,99910,100,100536,100,99905,100,100556,100,99899,100,100647,100,99840,100,100821,100,98657,100,100912,100,98336,100
2019-06-28 09:54:10.000000000,100119,368,100005,168,100199,168,99944,168,100226,168,99934,168,100437,168,99912,168,100446,168,99910,168,100536,100,99905,100,100556,100,99899,100,100647,100,99840,100,100821,100,98657,100,100912,100,98336,100
2019-06-28 09:54:10.100694539,100119,368,100005,68,100199,168,99944,168,100226,168,99934,168,100437,168,99912,168,100446,68,99910,168,100536,100,99905,100,100556,100,99899,100,100647,100,99840,100,100821,100,98657,100,100912,100,98336,100
2019-06-28 09:54:20.000000000,100119,368,99944,168,100199,168,99934,168,100226,168,99912,168,100437,168,99910,168,100536,168,99905,168,100556,100,99899,100,100647,100,99840,100,100821,100,98657,100,100912,100,98336,100,101084,100,98202,100
2019-06-28 09:54:30.000000000,100119,368,99944,168,100199,168,99934,168,100226,168,99912,168,100437,168,99910,168,100536,168,99905,168,100556,100,99899,100,100647,100,99840,100,100821,100,98657,100,100912,100,98336,100,101084,100,98202,100
2019-06-28 09:54:39.245365876,100071,100,99944,168,100119,368,99934,168,100199,168,99912,168,100226,168,99910,168,100437,168,99905,168,100536,168,99899,100,100556,100,99840,100,100647,100,98657,100,100821,100,98336,100,100912,100,98202,100
2019-06-28 09:54:40.000000000,100071,168,99944,168,100119,368,99934,168,100199,168,99912,168,100226,168,99910,168,100437,168,99905,168,100536,100,99899,100,100556,100,99840,100,100647,100,98657,100,100821,100,98336,100,100912,100,98202,100
2019-06-28 09:54:50.000000000,100071,440,99944,440,100119,300,99934,100,100199,100,99912,100,100226,100,99910,100,100437,100,99905,100,100536,100,99899,100,100556,100,99840,100,100647,100,98657,100,100821,100,98336,100,100912,100,98202,100
2019-06-28 09:54:59.372674394,100071,440,99944,440,100119,300,99934,100,100199,100,99912,100,100226,100,99910,100,100437,100,99905,100,100536,100,99899,100,100556,100,99840,100,100647,100,98730,100,100912,100,98657,100,101084,100,98336,100
2019-06-28 09:55:00.000000000,100071,216,99944,216,100119,412,99934,212,100199,212,99912,212,100226,100,99910,100,100437,100,99905,100,100536,100,99899,100,100556,100,99840,100,100647,100,98730,100,100912,100,98657,100,101084,100,98336,100
2019-06-28 09:55:04.128567943,100071,216,99944,116,100119,412,99934,212,100199,212,99912,212,100226,100,99910,100,100437,100,99905,100,100536,100,99899,100,100556,100,99840,100,100647,100,98730,100,100912,100,98657,100,101084,100,98336,100
2019-06-28 09:55:10.000000000,100071,168,99934,168,100119,368,99912,168,100199,168,99910,168,100226,168,99905,168,100437,168,99899,168,100536,100,99840,100,100556,100,98730,100,100647,100,98657,100,100912,100,98336,100,101084,100,98202,100
2019-06-28 09:55:12.009683086,100071,168,99934,68,100119,368,99912,168,100199,168,99910,168,100226,168,99905,168,100437,168,99899,168,100536,100,99840,100,100556,100,98730,100,100647,100,98657,100,100912,100,98336,100,101084,100,98202,100
2019-06-28 09:55:20.000000000,100071,270,99912,270,100119,470,99910,270,100199,100,99905,100,100226,100,99899,100,100437,100,99840,100,100536,100,98730,100,100556,100,98657,100,100647,100,98336,100,100912,100,98202,100,101084,100,98197,100
2019-06-28 09:55:22.288163557,99944,100,99912,270,100071,270,99910,270,100119,370,99905,100,100199,100,99899,100,100226,100,99840,100,100437,100,98730,100,100536,100,98657,100,100556,100,98336,100,100647,100,98202,100,100912,100,98197,100
2019-06-28 09:55:23.614336684,99944,100,99912,170,100071,270,99910,270,100119,370,99905,100,100199,100,99899,100,100226,100,99840,100,100437,100,98730,100,100536,100,98657,100,100556,100,98336,100,100647,100,98202,100,100912,100,98197,100
2019-06-28 09:55:30.000000000,99944,168,99910,168,100071,168,99905,168,100119,268,99899,168,100199,168,99840,168,100226,168,98730,168,100437,100,98657,100,100536,100,98336,100,100556,100,98202,100,100647,100,98197,100,100912,100,98087,100
2019-06-28 09:55:35.096257146,99944,168,99910,168,100071,168,99905,168,100119,268,99899,168,100199,168,99840,168,100226,168,98730,168,100437,100,98685,100,100536,100,98657,100,100556,100,98336,100,100647,100,98202,100,100912,100,98197,100
2019-06-28 09:55:40.000000000,99944,185,99910,185,100071,185,99905,185,100119,285,99899,185,100199,185,99840,185,100226,100,98730,100,100437,100,98685,100,100536,100,98657,100,100556,100,98336,100,100647,100,98202,100,100912,100,98197,100
2019-06-28 09:55:50.000000000,99944,168,99910,168,100071,168,99905,168,100119,268,99899,168,100199,168,99840,168,100226,168,98730,168,100437,100,98685,100,100536,100,98657,100,100556,100,98336,100,100647,100,98202,100,100912,100,98197,100
2019-06-28 09:55:51.477708364,99944,168,99910,168,100071,168,99905,168,100119,268,99899,168,100199,168,99840,168,100226,168,98730,168,100437,100,98685,100,100536,100,98657,100,100556,100,98336,100,100647,100,98202,100,101084,100,98197,100
2019-06-28 09:55:58.846418777,99944,168,99910,168,100071,168,99905,168,100119,268,99899,168,100199,168,99840,168,100226,168,98730,168,100437,100,98685,100,100536,100,98657,100,100556,100,98202,100,100647,100,98197,100,101084,100,98087,100
2019-06-28 09:56:00.000000000,99944,270,99910,270,100071,270,99905,270,100119,200,99899,100,100199,100,99840,100,100226,100,98730,100,100437,100,98685,100,100536,100,98657,100,100556,100,98202,100,100647,100,98197,100,101084,100,98087,100
2019-06-28 09:56:01.640014443,99944,270,99910,270,100071,270,99905,270,100119,200,99899,100,100199,100,99840,100,100226,100,98730,100,100437,100,98685,100,100536,100,98657,100,100556,100,98202,100,100647,100,98197,100,101084,100,98087,100
2019-06-28 09:56:10.000000000,99944,168,99910,168,100071,168,99905,168,100119,268,99899,168,100199,168,99840,168,100226,168,98730,168,100437,100,98685,100,100536,100,98657,100,100556,100,98202,100,100647,100,98197,100,101084,100,98087,100
2019-06-28 09:56:20.000000000,99944,270,99910,270,100071,270,99905,270,100119,200,99899,100,100199,100,99840,100,100226,100,98730,100,100437,100,98685,100,100536,100,98657,100,100556,100,98202,100,100647,100,98197,100,101084,100,98087,100
2019-06-28 09:56:22.657794026,99934,100,99910,170,99944,270,99905,270,100071,270,99899,100,100119,200,99840,100,100199,100,98730,100,100226,100,98685,100,100437,100,98657,100,100536,100,98202,100,100556,100,98197,100,100647,100,98087,100
2019-06-28 09:56:30.000000000,99934,185,99905,185,99944,185,99899,185,100071,185,99840,185,100119,285,98730,185,100199,100,98685,100,100226,100,98657,100,100437,100,98202,100,100536,100,98197,100,100556,100,98087,100,100647,100,98014,100
2019-06-28 09:56:40.000000000,99934,270,99905,270,99944,270,99899,270,100071,100,99840,100,100119,200,98730,100,100199,100,98685,100,100226,100,98657,100,100437,100,98202,100,100536,100,98197,100,100556,100,98087,100,100647,100,98014,100
2019-06-28 09:56:47.141899066,99934,370,99905,270,99944,270,99899,270,100071,100,99840,100,100119,200,98730,100,100199,100,98685,100,100226,100,98657,100,100437,100,98202,100,100536,100,98197,100,100556,100,98087,100,100647,100,98014,100
2019-06-28 09:56:50.000000000,99934,370,99905,270,99944,270,99899,270,100071,100,99840,100,100119,200,98730,100,100199,100,98685,100,100226,100,98657,100,100437,100,98202,100,100536,100,98197,100,100556,100,98087,100,100647,100,98014,100
2019-06-28 09:56:54.161187040,99934,370,99905,270,99944,270,99899,270,100071,100,99840,100,100119,200,98730,100,100199,100,98685,100,100226,100,98657,100,100437,100,98420,100,100536,100,98202,100,100556,100,98197,100,100647,100,98087,100
2019-06-28 09:56:59.297117853,99934,370,99905,270,99944,270,99899,270,100071,100,99840,100,100119,200,98730,100,100199,100,98685,100,100226,100,98657,100,100437,100,98424,100,100536,100,98420,100,100556,100,98202,100,100647,100,98197,100
2019-06-28 09:57:00.000000000,99934,370,99905,270,99944,270,99899,270,100071,100,99840,100,100119,200,98730,100,100199,100,98685,100,100226,100,98657,100,100437,100,98424,100,100536,100,98420,100,100556,100,98202,100,100647,100,98197,100
2019-06-28 09:57:10.000000000,99934,540,99905,440,99944,100,99899,100,100071,100,99840,100,100119,200,98730,100,100199,100,98685,100,100226,100,98657,100,100437,100,98424,100,100536,100,98420,100,100556,100,98202,100,100647,100,98197,100
2019-06-28 09:57:10.485398807,99934,540,99905,440,99944,100,99899,100,100071,100,99840,100,100119,200,98730,100,100199,100,98657,100,100226,100,98504,100,100437,100,98424,100,100536,100,98420,100,100556,100,98202,100,100647,100,98197,100
2019-06-28 09:57:20.000000000,99934,370,99905,270,99944,270,99899,270,100071,100,99840,100,100119,200,98730,100,100199,100,98657,100,100226,100,98504,100,100437,100,98424,100,100536,100,98420,100,100556,100,98202,100,100647,100,98197,100
2019-06-28 09:57:30.000000000,99934,316,99905,216,99944,212,99899,212,100071,212,99840,212,100119,200,98730,100,100199,100,98657,100,100226,100,98504,100,100437,100,98424,100,100536,100,98420,100,100556,100,98202,100,100647,100,98197,100
2019-06-28 09:57:40.000000000,99934,540,99905,440,99944,100,99899,100,100071,100,99840,100,100119,200,98730,100,100199,100,98657,100,100226,100,98504,100,100437,100,98424,100,100536,100,98420,100,100556,100,98202,100,100647,100,98197,100
2019-06-28 09:57:45.979801741,99934,540,99905,440,99944,100,99899,100,100071,100,99840,100,100119,100,98730,100,100199,100,98657,100,100226,100,98504,100,100437,100,98424,100,100536,100,98420,100,100556,100,98202,100,100647,100,98197,100
2019-06-28 09:57:50.000000000,99934,316,99905,216,99944,212,99899,212,100071,212,99840,212,100119,100,98730,100,100199,100,98657,100,100226,100,98504,100,100437,100,98424,100,100536,100,98420,100,100556,100,98202,100,100647,100,98197,100
2019-06-28 09:58:00.000000000,99934,316,99905,216,99944,212,99899,212,100071,212,99840,212,100119,100,98730,100,100199,100,98657,100,100226,100,98504,100,100437,100,98424,100,100536,100,98420,100,100556,100,98202,100,100647,100,98197,100
2019-06-28 09:58:10.000000000,99934,285,99905,185,99944,185,99899,185,100071,185,99840,185,100119,185,98730,185,100199,100,98657,100,100226,100,98504,100,100437,100,98424,100,100536,100,98420,100,100556,100,98202,100,100647,100,98197,100
2019-06-28 09:58:20.000000000,99934,370,99905,270,99944,270,99899,270,100071,100,99840,100,100119,100,98730,100,100199,100,98657,100,100226,100,98504,100,100437,100,98424,100,100536,100,98420,100,100556,100,98202,100,100647,100,98197,100
2019-06-28 09:58:30.000000000,99934,370,99905,270,99944,270,99899,270,100071,100,99840,100,100119,100,98730,100,100199,100,98657,100,100226,100,98504,100,100437,100,98424,100,100536,100,98420,100,100556,100,98202,100,100647,100,98197,100
2019-06-28 09:58:40.000000000,99934,268,99905,168,99944,168,99899,168,100071,168,99840,168,100119,168,98730,168,100199,168,98657,168,100226,100,98504,100,100437,100,98424,100,100536,100,98420,100,100556,100,98202,100,100647,100,98197,100
2019-06-28 09:58:50.000000000,99934,540,99905,440,99944,100,99899,100,100071,100,99840,100,100119,100,98730,100,100199,100,98657,100,100226,100,98504,100,100437,100,98424,100,100536,100,98420,100,100556,100,98202,100,100647,100,98197,100
2019-06-28 09:58:57.038269471,99934,640,99905,440,99944,100,99899,100,100071,100,99840,100,100119,100,98730,100,100199,100,98657,100,100226,100,98504,100,100437,100,98424,100,100536,100,98420,100,100556,100,98202,100,100647,100,98197,100
2019-06-28 09:58:59.344097129,99934,640,99905,340,99944,100,99899,100,100071,100,99840,100,100119,100,98730,100,100199,100,98657,100,100226,100,98504,100,100437,100,98424,100,100536,100,98420,100,100556,100,98202,100,100647,100,98197,100
2019-06-28 09:59:00.000000000,99934,368,99899,168,99944,168,99840,168,100071,168,98730,168,100119,168,98657,168,100199,168,98504,168,100226,100,98424,100,100437,100,98420,100,100536,100,98202,100,100556,100,98197,100,100647,100,98087,100
2019-06-28 09:59:08.078268743,99934,368,99899,168,99944,168,99840,168,100071,168,98730,168,100119,168,98657,168,100199,168,98504,168,100226,100,98424,100,100437,100,98420,100,100536,100,98202,100,100556,100,98197,100,100647,100,98087,100
2019-06-28 09:59:09.784789079,99934,368,99899,168,99944,168,99840,168,100071,168,98730,68,100119,168,98657,168,100199,168,98504,168,100226,100,98424,100,100437,100,98420,100,100536,100,98202,100,100556,100,98197,100,100647,100,98087,100
2019-06-28 09:59:10.000000000,99934,416,99899,216,99944,212,99840,212,100071,212,98657,212,100119,100,98504,100,100199,100,98424,100,100226,100,98420,100,100437,100,98202,100,100536,100,98197,100,100556,100,98087,100,100647,100,98045,100
2019-06-28 09:59:20.000000000,99934,416,99899,216,99944,212,99840,212,100071,212,98657,212,100119,100,98504,100,100199,100,98424,100,100226,100,98420,100,100437,100,98202,100,100536,100,98197,100,100556,100,98087,100,100647,100,98045,100
2019-06-28 09:59:30.000000000,99934,470,99899,270,99944,270,99840,270,100071,100,98657,100,100119,100,98504,100,100199,100,98424,100,100226,100,98420,100,100437,100,98202,100,100536,100,98197,100,100556,100,98087,100,100647,100,98045,100
2019-06-28 09:59:40.000000000,99934,416,99899,216,99944,212,99840,212,100071,212,98657,212,100119,100,98504,100,100199,100,98424,100,100226,100,98420,100,100437,100,98202,100,100536,100,98197,100,100556,100,98087,100,100647,100,98045,100
2019-06-28 09:59:50.000000000,99934,368,99899,168,99944,168,99840,168,100071,168,98657,168,100119,168,98504,168,100199,168,98424,168,100226,100,98420,100,100437,100,98202,100,100536,100,98197,100,100556,100,98087,100,100647,100,98045,100
2019-06-28 10:00:00.000000000,99934,385,99899,185,99944,185,99840,185,100071,185,98657,185,100119,185,98504,185,100199,100,98424,100,100226,100,98420,100,100437,100,98202,100,100536,100,98197,100,100556,100,98087,100,100647,100,98045,100
2019-06-28 10:00:10.000000000,99934,416,99899,216,99944,212,99840,212,100071,212,98657,212,100119,100,98504,100,100199,100,98424,100,100226,100,98420,100,100437,100,98202,100,100536,100,98197,100,100556,100,98087,100,100647,100,98045,100
2019-06-28 10:00:18.142246316,99934,416,99899,216,99944,212,99840,212,100071,212,98657,212,100119,100,98504,100,100199,100,98497,100,100226,100,98424,100,100437,100,98420,100,100536,100,98202,100,100556,100,98197,100,100647,100,98087,100
2019-06-28 10:00:20.000000000,99934,416,99899,216,99944,212,99840,212,100071,212,98657,212,100119,100,98504,100,100199,100,98497,100,100226,100,98424,100,100437,100,98420,100,100536,100,98202,100,100556,100,98197,100,100647,100,98087,100
2019-06-28 10:00:20.382528209,99934,416,99899,216,99944,212,99840,212,100071,212,98657,212,100199,100,98504,100,100226,100,98497,100,100437,100,98424,100,100536,100,98420,100,100556,100,98202,100,100647,100,98197,100,101084,100,98087,100
2019-06-28 10:00:30.000000000,99934,470,99899,270,99944,270,99840,270,100071,100,98657,100,100199,100,98504,100,100226,100,98497,100,100437,100,98424,100,100536,100,98420,100,100556,100,98202,100,100647,100,98197,100,101084,100,98087,100
2019-06-28 10:00:34.853766955,99934,470,99899,170,99944,270,99840,270,100071,100,98657,100,100199,100,98504,100,100226,100,98497,100,100437,100,98424,100,100536,100,98420,100,100556,100,98202,100,100647,100,98197,100,101084,100,98087,100
2019-06-28 10:00:40.000000000,99934,416,99840,216,99944,212,98657,212,100071,212,98504,212,100199,100,98497,100,100226,100,98424,100,100437,100,98420,100,100536,100,98202,100,100556,100,98197,100,100647,100,98087,100,101084,100,98045,100
2019-06-28 10:00:50.000000000,99934,368,99840,168,99944,168,98657,168,100071,168,98504,168,100199,168,98497,168,100226,168,98424,168,100437,100,98420,100,100536,100,98202,100,100556,100,98197,100,100647,100,98087,100,101084,100,98045,100
2019-06-28 10:01:00.000000000,99934,416,99840,216,99944,212,98657,212,100071,212,98504,212,100199,100,98497,100,100226,100,98424,100,100437,100,98420,100,100536,100,98202,100,100556,100,98197,100,100647,100,98087,100,101084,100,98045,100
2019-06-28 10:01:10.000000000,99934,385,99840,185,99944,185,98657,185,100071,185,98504,185,100199,185,98497,185,100226,100,98424,100,100437,100,98420,100,100536,100,98202,100,100556,100,98197,100,100647,100,98087,100,101084,100,98045,100
2019-06-28 10:01:20.000000000,99934,470,99840,270,99944,270,98657,270,100071,100,98504,100,100199,100,98497,100,100226,100,98424,100,100437,100,98420,100,100536,100,98202,100,100556,100,98197,100,100647,100,98087,100,101084,100,98045,100
2019-06-28 10:01:20.307931360,99934,470,99840,170,99944,270,98657,270,100071,100,98504,100,100199,100,98497,100,100437,100,98424,100,100536,100,98420,100,100556,100,98202,100,100647,100,98197,100,101084,100,98087,100,101169,100,98045,100
2019-06-28 10:01:30.000000000,99934,368,98657,168,99944,168,98504,168,100071,168,98497,168,100199,168,98424,168,100437,168,98420,168,100536,100,98202,100,100556,100,98197,100,100647,100,98087,100,101084,100,98045,100,101169,100,98014,100
2019-06-28 10:01:33.668796006,99934,368,98687,100,99944,168,98657,168,100071,168,98504,168,100199,168,98497,168,100437,168,98424,168,100536,100,98420,168,100556,100,98202,100,100647,100,98197,100,101169,100,98087,100,,,98045,100
2019-06-28 10:01:40.000000000,99934,470,98687,270,99944,270,98657,270,100071,100,98504,100,100199,100,98497,100,100437,100,98424,100,100536,100,98420,100,100556,100,98202,100,100647,100,98197,100,101169,100,98087,100,,,98045,100
2019-06-28 10:01:50.000000000,99934,368,98687,168,99944,168,98657,168,100071,168,98504,168,100199,168,98497,168,100437,168,98424,168,100536,100,98420,100,100556,100,98202,100,100647,100,98197,100,101169,100,98087,100,,,98045,100
2019-06-28 10:02:00.000000000,99934,416,98687,216,99944,212,98657,212,100071,212,98504,212,100199,100,98497,100,100437,100,98424,100,100536,100,98420,100,100556,100,98202,100,100647,100,98197,100,101169,100,98087,100,,,98045,100
2019-06-28 10:02:10.000000000,99934,416,98687,216,99944,212,98657,212,100071,212,98504,212,100199,100,98497,100,100437,100,98424,100,100536,100,98420,100,100556,100,98202,100,100647,100,98197,100,101169,100,98087,100,,,98045,100
2019-06-28 10:02:16.564525462,99934,416,98687,216,99944,212,98657,212,100071,212,98504,212,100199,100,98497,100,100437,100,98424,100,100536,100,98420,100,100556,100,98407,100,100647,100,98202,100,101169,100,98197,100,,,98087,100
2019-06-28 10:02:20.000000000,99934,385,98687,185,99944,185,98657,185,100071,185,98504,185,100199,185,98497,185,100437,100,98424,100,100536,100,98420,100,100556,100,98407,100,100647,100,98202,100,101169,100,98197,100,,,98087,100
2019-06-28 10:02:24.638064569,99934,385,98687,185,99944,185,98657,185,100071,185,98504,185,100199,185,98497,185,100437,100,98424,100,100536,100,98420,100,100556,100,98407,100,100647,100,98280,100,101169,100,98197,100,,,98087,100
2019-06-28 10:02:30.000000000,99934,640,98687,440,99944,100,98657,100,100071,100,98504,100,100199,100,98497,100,100437,100,98424,100,100536,100,98420,100,100556,100,98407,100,100647,100,98280,100,101169,100,98197,100,,,98087,100
2019-06-28 10:02:37.659746266,99934,640,98687,340,99944,100,98657,100,100071,100,98504,100,100199,100,98497,100,100437,100,98424,100,100536,100,98420,100,100556,100,98407,100,100647,100,98280,100,101169,100,98197,100,,,98087,100
2019-06-28 10:02:40.000000000,99934,416,98657,216,99944,212,98504,212,100071,212,98497,212,100199,100,98424,100,100437,100,98420,100,100536,100,98407,100,100556,100,98280,100,100647,100,98197,100,101169,100,98087,100,,,98045,100
2019-06-28 10:02:50.000000000,99934,368,98657,168,99944,168,98504,168,100071,168,98497,168,100199,168,98424,168,100437,168,98420,168,100536,100,98407,100,100556,100,98280,100,100647,100,98197,100,101169,100,98087,100,,,98045,100
2019-06-28 10:03:00.000000000,99934,385,98657,185,99944,185,98504,185,100071,185,98497,185,100199,185,98424,185,100437,100,98420,100,100536,100,98407,100,100556,100,98280,100,100647,100,98197,100,101169,100,98087,100,,,98045,100
2019-06-28 10:03:02.840753619,99934,285,98657,185,99944,185,98504,185,100071,185,98497,185,100199,185,98424,185,100437,100,98420,100,100536,100,98407,100,100556,100,98280,100,100647,100,98197,100,101169,100,98087,100,,,98045,100
2019-06-28 10:03:10.000000000,99934,316,98657,216,99944,212,98504,212,100071,212,98497,212,100199,100,98424,100,100437,100,98420,100,100536,100,98407,100,100556,100,98280,100,100647,100,98197,100,101169,100,98087,100,,,98045,100
2019-06-28 10:03:20.000000000,99934,285,98657,185,99944,185,98504,185,100071,185,98497,185,100199,185,98424,185,100437,100,98420,100,100536,100,98407,100,100556,100,98280,100,100647,100,98197,100,101169,100,98087,100,,,98045,100
2019-06-28 10:03:30.000000000,99934,268,98657,168,99944,168,98504,168,100071,168,98497,168,100199,168,98424,168,100437,168,98420,168,100536,100,98407,100,100556,100,98280,100,100647,100,98197,100,101169,100,98087,100,,,98045,100
2019-06-28 10:03:33.124276495,99934,268,98657,68,99944,168,98504,168,100071,168,98497,168,100199,168,98424,168,100437,168,98420,168,100536,100,98407,100,100556,100,98280,100,100647,100,98197,100,101169,100,98087,100,,,98045,100
2019-06-28 10:03:40.000000000,99934,316,98504,216,99944,212,98497,212,100071,212,98424,212,100199,100,98420,100,100437,100,98407,100,100536,100,98280,100,100556,100,98197,100,100647,100,98087,100,101169,100,98045,100,,,98014,100
2019-06-28 10:03:50.000000000,99934,268,98504,168,99944,168,98497,168,100071,168,98424,168,100199,168,98420,168,100437,168,98407,168,100536,100,98280,100,100556,100,98197,100,100647,100,98087,100,101169,100,98045,100,,,98014,100
2019-06-28 10:03:54.539143267,98687,100,98504,168,99934,268,98497,168,99944,168,98424,168,100071,168,98420,168,100199,168,98407,168,100437,168,98280,100,100536,100,98197,100,100556,100,98087,100,100647,100,98045,100,101169,100,98014,100
2019-06-28 10:04:00.000000000,98687,216,98504,216,99934,312,98497,212,99944,212,98424,212,100071,100,98420,100,100199,100,98407,100,100437,100,98280,100,100536,100,98197,100,100556,100,98087,100,100647,100,98045,100,101169,100,98014,100
2019-06-28 10:04:10.000000000,98687,185,98504,185,99934,285,98497,185,99944,185,98424,185,100071,185,98420,185,100199,100,98407,100,100437,100,98280,100,100536,100,98197,100,100556,100,98087,100,100647,100,98045,100,101169,100,98014,100
2019-06-28 10:04:11.363569239,98687,185,98504,85,99934,285,98497,185,99944,185,98424,185,100071,185,98420,185,100199,100,98407,100,100437,100,98280,100,100536,100,98197,100,100556,100,98045,100,100647,100,98014,100,101169,100,98012,100
2019-06-28 10:04:20.000000000,98687,440,98497,440,99934,200,98424,100,99944,100,98420,100,100071,100,98407,100,100199,100,98280,100,100437,100,98197,100,100536,100,98045,100,100556,100,98014,100,100647,100,98012,100,101169,100,97949,100
2019-06-28 10:04:30.000000000,98687,440,98497,440,99934,200,98424,100,99944,100,98420,100,100071,100,98407,100,100199,100,98280,100,100437,100,98197,100,100536,100,98045,100,100556,100,98014,100,100647,100,98012,100,101169,100,97949,100
2019-06-28 10:04:32.423119814,98657,100,98497,440,98687,440,98424,100,99934,200,98420,100,99944,100,98407,100,100071,100,98280,100,100199,100,98197,100,100437,100,98045,100,100536,100,98014,100,100556,100,98012,100,100647,100,97949,100
2019-06-28 10:04:40.000000000,98657,270,98497,270,98687,270,98424,270,99934,200,98420,100,99944,100,98407,100,100071,100,98280,100,100199,100,98197,100,100437,100,98045,100,100536,100,98014,100,100556,100,98012,100,100647,100,97949,100
2019-06-28 10:04:47.462351227,98657,270,98497,270,98687,270,98424,270,98813,100,98420,100,99934,200,98407,100,99944,100,98280,100,100071,100,98197,100,100199,100,98045,100,100437,100,98014,100,100536,100,98012,100,100556,100,97949,100
2019-06-28 10:04:50.000000000,98657,216,98497,216,98687,212,98424,212,98813,212,98420,212,99934,200,98407,100,99944,100,98280,100,100071,100,98197,100,100199,100,98045,100,100437,100,98014,100,100536,100,98012,100,100556,100,97949,100
2019-06-28 10:04:57.292662974,98657,316,98497,216,98687,212,98424,212,98813,212,98420,212,99934,100,98407,100,99944,100,98280,100,100071,100,98197,100,100199,100,98045,100,100437,100,98014,100,100536,100,98012,100,100556,100,97949,100
2019-06-28 10:04:58.207658471,98657,416,98497,216,98687,212,98424,212,98813,212,98420,212,99934,100,98407,100,99944,100,98280,100,100199,100,98197,100,100437,100,98045,100,100536,100,98014,100,100556,100,98012,100,100647,100,97949,100
2019-06-28 10:05:00.000000000,98657,416,98497,216,98687,212,98424,212,98813,212,98420,212,99934,100,98407,100,99944,100,98280,100,100199,100,98197,100,100437,100,98045,100,100536,100,98014,100,100556,100,98012,100,100647,100,97949,100
2019-06-28 10:05:10.000000000,98657,385,98497,185,98687,185,98424,185,98813,185,98420,185,99934,185,98407,185,99944,100,98280,100,100199,100,98197,100,100437,100,98045,100,100536,100,98014,100,100556,100,98012,100,100647,100,97949,100
2019-06-28 10:05:10.071542635,98657,385,98497,185,98687,185,98424,185,98813,185,98420,185,99934,185,98407,85,99944,100,98328,100,100199,100,98280,100,100437,100,98197,100,100536,100,98045,100,100556,100,98014,100,100647,100,98012,100
2019-06-28 10:05:12.526572275,98657,385,98497,185,98687,185,98424,185,98813,185,98420,185,99934,185,98407,85,99944,100,98406,100,100199,100,98328,100,100437,100,98280,100,100536,100,98197,100,100556,100,98045,100,100647,100,98014,100
2019-06-28 10:05:20.000000000,98657,368,98497,168,98687,168,98424,168,98813,168,98420,168,99934,168,98406,168,99944,168,98328,168,100199,100,98280,100,100437,100,98197,100,100536,100,98045,100,100556,100,98014,100,100647,100,98012,100
2019-06-28 10:05:20.923659034,98657,368,98497,168,98687,168,98424,168,98813,168,98420,168,98916,100,98406,168,99934,168,98328,168,99944,168,98280,100,100199,100,98197,100,100437,100,98045,100,100536,100,98014,100,100556,100,98012,100
2019-06-28 10:05:30.000000000,98657,385,98497,185,98687,185,98424,185,98813,185,98420,185,98916,185,98406,185,99934,100,98328,100,99944,100,98280,100,100199,100,98197,100,100437,100,98045,100,100536,100,98014,100,100556,100,98012,100
2019-06-28 10:05:40.000000000,98657,385,98497,185,98687,185,98424,185,98813,185,98420,185,98916,185,98406,185,99934,100,98328,100,99944,100,98280,100,100199,100,98197,100,100437,100,98045,100,100536,100,98014,100,100556,100,98012,100
2019-06-28 10:05:50.000000000,98657,416,98497,216,98687,212,98424,212,98813,212,98420,212,98916,100,98406,100,99934,100,98328,100,99944,100,98280,100,100199,100,98197,100,100437,100,98045,100,100536,100,98014,100,100556,100,98012,100
2019-06-28 10:05:57.392757710,98657,416,98629,100,98687,212,98497,216,98813,212,98424,212,98916,100,98420,112,99934,100,98406,100,99944,100,98328,100,100199,100,98280,100,100437,100,98197,100,100536,100,98045,100,100556,100,98014,100
2019-06-28 10:06:00.000000000,98657,416,98629,216,98687,212,98497,212,98813,212,98424,212,98916,100,98406,100,99934,100,98328,100,99944,100,98280,100,100199,100,98197,100,100437,100,98045,100,100536,100,98014,100,100556,100,98012,100
2019-06-28 10:06:01.917650459,98657,416,98629,216,98687,212,98497,212,98813,212,98424,212,98916,100,98406,100,99001,100,98328,100,99934,100,98280,100,99944,100,98197,100,100199,100,98045,100,100437,100,98014,100,100536,100,98012,100
2019-06-28 10:06:01.930844015,98657,416,98629,216,98687,212,98497,212,98798,100,98424,212,98813,212,98406,100,98916,100,98328,100,99001,100,98280,100,99934,100,98197,100,99944,100,98045,100,100199,100,98014,100,100437,100,98012,100
2019-06-28 10:06:02.332288043,98657,416,98629,216,98687,212,98505,100,98798,100,98497,212,98813,212,98424,212,98916,100,98406,100,99001,100,98328,100,99934,100,98280,100,99944,100,98197,100,100199,100,98045,100,100437,100,98014,100
2019-06-28 10:06:08.654244484,98657,216,98629,216,98687,212,98505,100,98798,100,98497,212,98813,212,98424,212,98916,100,98406,100,99001,100,98328,100,99934,100,98280,100,99944,100,98197,100,100199,100,98045,100,100437,100,98014,100
2019-06-28 10:06:10.000000000,98657,185,98629,185,98687,185,98505,185,98798,185,98497,185,98813,185,98424,185,98916,100,98406,100,99001,100,98328,100,99934,100,98280,100,99944,100,98197,100,100199,100,98045,100,100437,100,98014,100
2019-06-28 10:06:20.000000000,98657,440,98629,440,98687,100,98505,100,98798,100,98497,100,98813,100,98424,100,98916,100,98406,100,99001,100,98328,100,99934,100,98280,100,99944,100,98197,100,100199,100,98045,100,100437,100,98014,100
2019-06-28 10:06:22.122387127,98657,440,98629,440,98687,100,98506,100,98798,100,98497,100,98813,100,98424,100,98916,100,98406,100,99001,100,98328,100,99934,100,98280,100,99944,100,98197,100,100199,100,98045,100,100437,100,98014,100
2019-06-28 10:06:30.000000000,98657,185,98629,185,98687,185,98506,185,98798,185,98497,185,98813,185,98424,185,98916,100,98406,100,99001,100,98328,100,99934,100,98280,100,99944,100,98197,100,100199,100,98045,100,100437,100,98014,100
2019-06-28 10:06:40.000000000,98657,440,98629,440,98687,100,98506,100,98798,100,98497,100,98813,100,98424,100,98916,100,98406,100,99001,100,98328,100,99934,100,98280,100,99944,100,98197,100,100199,100,98045,100,100437,100,98014,100
2019-06-28 10:06:50.000000000,98657,440,98629,440,98687,100,98506,100,98798,100,98497,100,98813,100,98424,100,98916,100,98406,100,99001,100,98328,100,99934,100,98280,100,99944,100,98197,100,100199,100,98045,100,100437,100,98014,100
2019-06-28 10:07:00.000000000,98657,440,98629,440,98687,100,98506,100,98798,100,98497,100,98813,100,98424,100,98916,100,98406,100,99001,100,98328,100,99934,100,98280,100,99944,100,98197,100,100199,100,98045,100,100437,100,98014,100
2019-06-28 10:07:10.000000000,98657,216,98629,216,98687,212,98506,212,98798,212,98497,212,98813,100,98424,100,98916,100,98406,100,99001,100,98328,100,99934,100,98280,100,99944,100,98197,100,100199,100,98045,100,100437,100,98014,100
2019-06-28 10:07:20.000000000,98657,440,98629,440,98687,100,98506,100,98798,100,98497,100,98813,100,98424,100,98916,100,98406,100,99001,100,98328,100,99934,100,98280,100,99944,100,98197,100,100199,100,98045,100,100437,100,98014,100
2019-06-28 10:07:26.507652746,98657,440,98629,440,98687,100,98506,100,98798,100,98497,100,98800,100,98424,100,98813,100,98406,100,98916,100,98280,100,99001,100,98197,100,99934,100,98045,100,99944,100,98014,100,100199,100,98012,100
2019-06-28 10:07:30.000000000,98657,185,98629,185,98687,185,98506,185,98798,185,98497,185,98800,185,98424,185,98813,100,98406,100,98916,100,98280,100,99001,100,98197,100,99934,100,98045,100,99944,100,98014,100,100199,100,98012,100
2019-06-28 10:07:31.014439464,98657,185,98629,185,98687,185,98506,185,98798,185,98497,185,98800,185,98424,185,98813,100,98406,100,98916,100,98280,100,98963,100,98197,100,99001,100,98045,100,99934,100,98014,100,99944,100,97949,100
2019-06-28 10:07:40.000000000,98657,216,98629,216,98687,212,98506,212,98798,212,98497,212,98800,100,98424,100,98813,100,98406,100,98916,100,98280,100,98963,100,98197,100,99001,100,98045,100,99934,100,98014,100,99944,100,97949,100
2019-06-28 10:07:50.000000000,98657,168,98629,168,98687,168,98506,168,98798,168,98497,168,98800,168,98424,168,98813,168,98406,168,98916,100,98280,100,98963,100,98197,100,99001,100,98045,100,99934,100,98014,100,99944,100,97949,100
2019-06-28 10:07:54.636278969,98657,168,98629,168,98687,168,98533,100,98798,168,98506,168,98800,168,98497,168,98813,168,98424,168,98916,100,98406,168,98963,100,98280,100,99001,100,98197,100,99934,100,98045,100,99944,100,98014,100
2019-06-28 10:08:00.000000000,98657,185,98629,185,98687,185,98533,185,98798,185,98506,185,98800,185,98497,185,98813,100,98424,100,98916,100,98406,100,98963,100,98280,100,99001,100,98197,100,99934,100,98045,100,99944,100,98014,100
2019-06-28 10:08:06.701630580,98657,185,98629,185,98687,185,98533,185,98798,185,98506,185,98800,185,98497,185,98813,100,98424,100,98916,100,98406,100,98963,100,98280,100,98995,100,98197,100,99001,100,98045,100,99934,100,98014,100
2019-06-28 10:08:10.000000000,98657,185,98629,185,98687,185,98533,185,98798,185,98506,185,98800,185,98497,185,98813,100,98424,100,98916,100,98406,100,98963,100,98280,100,98995,100,98197,100,99001,100,98045,100,99934,100,98014,100
2019-06-28 10:08:20.000000000,98657,185,98629,185,98687,185,98533,185,98798,185,98506,185,98800,185,98497,185,98813,100,98424,100,98916,100,98406,100,98963,100,98280,100,98995,100,98197,100,99001,100,98045,100,99934,100,98014,100
2019-06-28 10:08:30.000000000,98657,216,98629,216,98687,212,98533,212,98798,212,98506,212,98800,100,98497,100,98813,100,98424,100,98916,100,98406,100,98963,100,98280,100,98995,100,98197,100,99001,100,98045,100,99934,100,98014,100
2019-06-28 10:08:35.073212015,98657,216,98629,216,98687,212,98533,212,98798,212,98506,212,98800,100,98497,100,98813,100,98424,100,98916,100,98406,100,98963,100,98280,100,98995,100,98197,100,99934,100,98142,100,99944,100,98045,100
