,ask_price_1,ask_size_1,bid_price_1,bid_size_1,ask_price_2,ask_size_2,bid_price_2,bid_size_2,ask_price_3,ask_size_3,bid_price_3,bid_size_3,ask_price_4,ask_size_4,bid_price_4,bid_size_4,ask_price_5,ask_size_5,bid_price_5,bid_size_5,ask_price_6,ask_size_6,bid_price_6,bid_size_6,ask_price_7,ask_size_7,bid_price_7,bid_size_7,ask_price_8,ask_size_8,bid_price_8,bid_size_8,ask_price_9,ask_size_9,bid_price_9,bid_size_9,ask_price_10,ask_size_10,bid_price_10,bid_size_10
2019-06-28 09:30:00.000000000,100024,100,,,,,,,,,,,,,,,,,,,,,,,,,,,,,,,,,,,,,,
2019-06-28 09:30:00.000000002,100024,100,,,100167,100,,,,,,,,,,,,,,,,,,,,,,,,,,,,,,,,,,
2019-06-28 09:30:00.000000003,100024,100,99880,100,100167,100,,,,,,,,,,,,,,,,,,,,,,,,,,,,,,,,,,
2019-06-28 09:30:00.000000004,100024,100,99944,100,100167,100,99917,100,,,99880,100,,,,,,,,,,,,,,,,,,,,,,,,,,,,
2019-06-28 09:30:00.000000005,99946,100,99944,100,100024,100,99917,100,100167,100,99880,100,,,,,,,,,,,,,,,,,,,,,,,,,,,,
2019-06-28 09:30:00.000000006,99946,100,99944,100,100024,100,99917,100,100167,100,99880,100,,,99849,100,,,,,,,,,,,,,,,,,,,,,,,,
2019-06-28 09:30:00.000000007,99946,100,99944,100,100024,100,99939,100,100167,100,99917,100,,,99880,100,,,99849,100,,,,,,,,,,,,,,,,,,,,
2019-06-28 09:30:00.000000010,100024,100,99944,100,100167,100,99939,100,,,99917,100,,,99880,100,,,99849,100,,,,,,,,,,,,,,,,,,,,
2019-06-28 09:30:00.000000011,100060,100,99998,100,100167,100,99944,100,,,99939,100,,,99917,100,,,99880,100,,,99849,100,,,,,,,,,,,,,,,,
2019-06-28 09:30:00.000000014,100060,100,99998,100,100065,100,99944,100,100167,100,99939,100,,,99917,100,,,99880,100,,,99849,100,,,,,,,,,,,,,,,,
2019-06-28 09:30:00.000000015,100060,100,99998,100,100065,100,99944,100,100167,100,99939,100,,,99917,100,,,99880,100,,,99865,100,,,99849,100,,,,,,,,,,,,
2019-06-28 09:30:00.000000023,100060,100,99998,100,100065,100,99957,100,100167,100,99944,100,,,99939,100,,,99919,100,,,99917,100,,,99880,100,,,99865,100,,,99849,100,,,,
2019-06-28 09:30:00.000000024,100024,100,99998,100,100060,100,99957,100,100065,100,99946,200,100167,100,99944,100,,,99939,100,,,99919,100,,,99917,100,,,99880,100,,,99865,100,,,99849,100
2019-06-28 09:30:00.000000025,100024,100,99998,100,100060,100,99957,100,100065,100,99946,200,100079,100,99944,100,100167,100,99939,100,,,99919,100,,,99917,100,,,99880,100,,,99865,100,,,99849,100
2019-06-28 09:30:00.000000028,100024,100,99998,100,100060,100,99957,100,100065,100,99946,200,100079,100,99944,100,100167,100,99939,100,,,99928,100,,,99919,100,,,99917,100,,,99880,100,,,99865,100
2019-06-28 09:30:00.000000029,100024,100,99998,100,100060,100,99957,100,100065,100,99946,300,100079,100,99944,100,100167,100,99939,100,,,99928,100,,,99919,100,,,99917,100,,,99905,100,,,99880,100
2019-06-28 09:30:00.000000031,100024,100,99998,100,100060,100,99957,100,100065,100,99946,300,100079,100,99944,100,100167,100,99939,100,,,99928,100,,,99919,100,,,99917,100,,,99905,100,,,99880,100
2019-06-28 09:30:00.000000032,100024,100,99998,100,100028,100,99957,100,100060,100,99946,300,100065,100,99944,100,100079,100,99939,100,100167,100,99928,100,,,99919,100,,,99917,100,,,99905,100,,,99880,100
2019-06-28 09:30:00.000000033,100024,100,99998,100,100028,100,99957,100,100039,100,99946,300,100060,100,99944,100,100065,100,99939,100,100079,100,99928,100,100167,100,99919,100,,,99917,100,,,99905,100,,,99880,100
2019-06-28 09:30:00.000000038,100024,200,99998,100,100028,100,99957,100,100039,100,99946,300,100060,100,99944,100,100065,100,99939,100,100079,100,99928,100,100167,100,99919,100,,,99917,100,,,99905,100,,,99880,100
2019-06-28 09:30:00.000000039,100024,200,100003,100,100028,100,99998,100,100039,100,99957,100,100060,100,99946,300,100065,100,99944,100,100079,100,99939,100,100167,100,99928,100,,,99919,100,,,99917,100,,,99905,100
2019-06-28 09:30:00.000000040,100024,200,100003,100,100028,100,99998,100,100039,100,99974,100,100060,100,99957,100,100065,100,99946,300,100079,100,99944,100,100167,100,99939,100,,,99928,100,,,99919,100,,,99917,100
2019-06-28 09:30:00.000000042,100024,100,100003,100,100028,100,99998,100,100039,100,99974,100,100060,100,99957,100,100065,100,99946,300,100079,100,99944,100,100167,100,99939,100,,,99928,100,,,99919,100,,,99917,100
2019-06-28 09:30:00.000000043,100024,100,100003,100,100028,100,99998,100,100039,100,99974,100,100060,100,99957,100,100065,100,99946,300,100079,100,99944,100,100167,100,99939,100,,,99928,100,,,99919,100,,,99917,100
2019-06-28 09:30:00.000000044,100024,100,100003,100,100028,100,99998,100,100039,100,99974,100,100060,100,99957,100,100065,100,99946,300,100079,100,99944,100,100167,100,99939,100,,,99928,100,,,99919,100,,,99917,100
2019-06-28 09:30:00.000000046,100024,100,100003,100,100028,100,99998,100,100039,100,99974,100,100060,100,99957,100,100065,100,99946,300,100079,100,99944,100,100167,100,99939,100,,,99928,100,,,99919,100,,,99917,100
2019-06-28 09:30:00.000000047,100024,100,100003,100,100028,100,99998,100,100039,100,99974,100,100060,100,99957,100,100065,100,99946,300,100079,100,99944,100,100115,100,99939,100,100167,100,99928,100,,,99919,100,,,99917,100
2019-06-28 09:30:00.000000048,100028,100,100003,100,100039,100,99998,100,100060,100,99974,100,100065,100,99957,100,100079,100,99946,300,100115,100,99944,100,100167,100,99939,100,,,99928,100,,,99919,100,,,99917,100
2019-06-28 09:30:00.000000049,100028,100,100003,100,100039,100,99998,100,100060,100,99975,100,100065,100,99974,100,100079,100,99957,100,100115,100,99946,300,100167,100,99944,100,100188,100,99939,100,,,99928,100,,,99919,100
2019-06-28 09:30:00.000000050,100024,100,100003,100,100028,100,99998,100,100039,100,99975,100,100060,100,99974,100,100065,100,99957,100,100079,100,99946,300,100115,100,99944,100,100167,100,99939,100,100188,100,99928,100,,,99919,100
2019-06-28 09:30:00.000000054,100024,100,100003,100,100028,100,99998,100,100039,100,99975,100,100060,100,99974,100,100065,100,99957,100,100076,100,99946,300,100079,100,99944,100,100115,100,99939,100,100167,100,99928,100,100188,100,99919,100
2019-06-28 09:30:00.000000056,100024,100,100003,100,100028,100,99998,100,100039,100,99975,100,100060,100,99974,100,100065,100,99957,100,100076,100,99946,300,100079,100,99944,100,100115,100,99939,100,100167,100,99928,100,100188,100,99919,100
2019-06-28 09:30:00.000000057,100024,100,100003,100,100028,100,99998,100,100039,100,99975,100,100060,100,99974,100,100065,100,99957,100,100076,100,99946,300,100079,100,99944,100,100115,100,99939,100,100135,100,99928,100,100167,100,99919,100
2019-06-28 09:30:00.000000058,100024,100,100003,100,100028,100,99998,100,100039,100,99975,100,100060,100,99974,100,100063,100,99957,100,100065,100,99946,300,100076,100,99944,100,100079,100,99939,100,100115,100,99928,100,100135,100,99919,100
2019-06-28 09:30:00.000000059,100023,100,100003,100,100024,100,99998,100,100028,100,99975,100,100039,100,99974,100,100060,100,99957,100,100063,100,99946,300,100065,100,99944,100,100076,100,99939,100,100079,100,99928,100,100115,100,99919,100
2019-06-28 09:30:00.000000062,100024,100,100003,100,100028,100,99998,100,100039,100,99975,100,100060,100,99974,100,100063,100,99957,100,100065,100,99946,300,100076,100,99944,100,100079,100,99939,100,100115,100,99928,100,100135,100,99919,100
2019-06-28 09:30:00.000000063,100024,100,100003,100,100028,100,99998,100,100039,100,99975,100,100058,100,99974,100,100060,100,99957,100,100063,100,99946,300,100065,100,99944,100,100076,100,99939,100,100079,100,99928,100,100115,100,99919,100
2019-06-28 09:30:00.000000067,100024,100,100003,100,100028,100,99998,100,100039,100,99975,100,100058,100,99974,100,100060,100,99957,100,100063,100,99946,300,100065,100,99944,100,100076,100,99939,100,100079,100,99928,100,100115,100,99919,100
2019-06-28 09:30:00.000000069,100024,100,100003,100,100028,100,99998,100,100039,100,99975,100,100058,100,99974,100,100060,100,99957,100,100063,100,99946,300,100065,100,99944,100,100076,100,99943,100,100079,100,99939,100,100115,100,99928,100
2019-06-28 09:30:00.000000071,100024,100,100003,100,100028,100,99998,100,100039,100,99975,100,100058,100,99974,100,100060,100,99957,100,100063,100,99946,300,100065,100,99944,100,100076,100,99943,100,100079,100,99939,100,100115,100,99928,100
2019-06-28 09:30:00.000000073,100024,100,100004,100,100028,100,100003,100,100039,100,99998,100,100058,100,99975,100,100060,100,99974,100,100063,100,99957,100,100065,100,99946,300,100076,100,99944,100,100079,100,99943,100,100115,100,99939,100
2019-06-28 09:30:00.000000074,100024,100,100013,100,100028,100,100004,100,100039,100,100003,100,100058,100,99998,100,100060,100,99975,100,100063,100,99974,100,100065,100,99957,100,100073,100,99946,300,100076,100,99944,100,100079,100,99943,100
2019-06-28 09:30:00.000000075,100024,100,100013,100,100028,100,100004,100,100039,100,100003,100,100058,100,99998,100,100060,100,99975,200,100063,100,99974,100,100065,100,99957,100,100073,100,99946,300,100076,100,99944,100,100079,100,99943,100
2019-06-28 09:30:00.000000077,100028,100,100013,100,100039,100,100004,100,100058,100,100003,100,100060,100,99998,100,100063,100,99975,200,100065,100,99974,100,100073,100,99957,100,100076,100,99946,300,100079,100,99944,100,100115,100,99943,100
2019-06-28 09:30:00.000000079,100028,100,100013,100,100039,100,100004,100,100058,100,100003,100,100060,100,99998,100,100063,100,99975,200,100065,100,99974,100,100073,100,99957,100,100076,100,99946,300,100079,100,99944,100,100115,200,99943,100
2019-06-28 09:30:00.000000081,100024,200,100013,100,100028,100,100004,100,100039,100,100003,100,100058,100,99998,100,100060,100,99975,200,100063,100,99974,100,100065,100,99957,100,100073,100,99946,300,100076,100,99944,100,100079,100,99943,100
2019-06-28 09:30:00.000000084,100024,100,100013,100,100028,100,100004,100,100039,100,100003,100,100058,100,99998,100,100060,100,99975,200,100063,100,99974,100,100065,100,99957,100,100073,100,99946,300,100076,100,99944,100,100079,100,99943,100
2019-06-28 09:30:00.000000088,100024,100,100013,100,100028,100,100004,100,100039,100,100003,100,100058,100,99998,100,100060,100,99975,200,100063,100,99974,100,100065,100,99957,100,100073,100,99955,100,100076,100,99946,300,100079,100,99944,100
2019-06-28 09:30:00.000000089,100024,100,100013,100,100028,100,100004,100,100039,100,100003,100,100057,100,99998,100,100058,100,99975,200,100060,100,99974,100,100063,100,99957,100,100065,100,99955,100,100073,100,99946,300,100076,100,99944,100
2019-06-28 09:30:00.000000090,100024,100,100013,100,100028,100,100004,100,100039,100,100003,100,100057,100,99998,100,100058,100,99975,200,100060,100,99974,100,100063,100,99957,100,100065,100,99955,100,100073,100,99946,300,100076,100,99944,100
2019-06-28 09:30:00.000000093,100024,100,100013,100,100028,100,100004,100,100039,100,100003,100,100057,100,99998,100,100058,100,99975,200,100060,100,99974,100,100063,100,99957,100,100065,100,99955,100,100073,100,99946,300,100076,100,99944,100
2019-06-28 09:30:00.000000094,100024,100,100013,200,100028,100,100004,100,100039,100,100003,100,100057,100,99998,100,100058,100,99975,200,100060,100,99974,100,100063,100,99957,100,100065,100,99955,100,100073,100,99946,300,100076,100,99944,100
2019-06-28 09:30:00.000000098,100024,100,100013,300,100028,100,100004,100,100039,100,100003,100,100057,100,99998,100,100058,100,99975,200,100060,100,99974,100,100063,100,99957,100,100065,100,99955,100,100073,100,99946,300,100076,100,99944,100
2019-06-28 09:30:10.000000000,100024,252,100013,452,100028,247,100004,247,100039,247,100003,247,100057,100,99998,100,100058,100,99975,200,100060,100,99974,100,100063,100,99957,100,100065,100,99955,100,100073,100,99946,300,100076,100,99944,100
2019-06-28 09:30:20.000000000,100024,252,100013,452,100028,247,100004,247,100039,247,100003,247,100057,100,99998,100,100058,100,99975,200,100060,100,99974,100,100063,100,99957,100,100065,100,99955,100,100073,100,99946,300,100076,100,99944,100
2019-06-28 09:30:23.991815603,100024,252,100013,452,100028,247,100004,247,100039,247,100003,247,100057,100,99998,100,100058,100,99975,200,100060,100,99974,100,100063,100,99957,100,100065,100,99955,100,100073,100,99946,200,100076,100,99944,100
2019-06-28 09:30:30.000000000,100024,252,100013,452,100028,247,100004,247,100039,247,100003,247,100057,100,99998,100,100058,100,99975,200,100060,100,99974,100,100063,100,99957,100,100065,100,99955,100,100073,100,99946,200,100076,100,99944,100
2019-06-28 09:30:34.188474500,100024,252,100013,452,100028,247,100004,247,100039,247,100003,247,100057,100,99998,100,100058,100,99975,200,100060,100,99974,100,100063,100,99957,100,100065,100,99955,100,100073,100,99946,200,100076,100,99944,100
2019-06-28 09:30:38.180973368,100024,252,100013,452,100028,247,100004,247,100039,247,100003,247,100057,100,99998,100,100058,100,99975,200,100060,100,99974,100,100063,100,99957,100,100065,100,99955,100,100073,100,99946,200,100076,100,99945,100
2019-06-28 09:30:40.000000000,100024,546,100013,746,100028,100,100004,100,100039,100,100003,100,100057,100,99998,100,100058,100,99975,200,100060,100,99974,100,100063,100,99957,100,100065,100,99955,100,100073,100,99946,200,100076,100,99945,100
2019-06-28 09:30:44.078115194,100024,546,100013,646,100028,100,100004,100,100039,100,100003,100,100057,100,99998,100,100058,100,99975,200,100060,100,99974,100,100063,100,99957,100,100065,100,99955,100,100073,100,99946,200,100076,100,99945,100
2019-06-28 09:30:50.000000000,100024,546,100013,646,100028,100,100004,100,100039,100,100003,100,100057,100,99998,100,100058,100,99975,200,100060,100,99974,100,100063,100,99957,100,100065,100,99955,100,100073,100,99946,200,100076,100,99945,100
2019-06-28 09:31:00.000000000,100024,546,100013,646,100028,100,100004,100,100039,100,100003,100,100057,100,99998,100,100058,100,99975,200,100060,100,99974,100,100063,100,99957,100,100065,100,99955,100,100073,100,99946,200,100076,100,99945,100
2019-06-28 09:31:10.000000000,100024,189,100013,289,100028,189,100004,189,100039,189,100003,189,100057,189,99998,189,100058,189,99975,289,100060,100,99974,100,100063,100,99957,100,100065,100,99955,100,100073,100,99946,200,100076,100,99945,100
2019-06-28 09:31:20.000000000,100024,252,100013,352,100028,247,100004,247,100039,247,100003,247,100057,100,99998,100,100058,100,99975,200,100060,100,99974,100,100063,100,99957,100,100065,100,99955,100,100073,100,99946,200,100076,100,99945,100
2019-06-28 09:31:21.948959552,100024,252,100013,452,100028,247,100004,247,100039,247,100003,247,100057,100,99998,100,100058,100,99975,200,100060,100,99974,100,100063,100,99957,100,100065,100,99955,100,100073,100,99946,200,100076,100,99945,100
2019-06-28 09:31:24.565048234,100024,252,100013,452,100028,247,100004,247,100039,247,100003,247,100057,100,99998,100,100058,100,99975,200,100060,100,99974,100,100063,100,99957,100,100065,100,99955,100,100073,100,99946,200,100076,100,99945,100
2019-06-28 09:31:30.000000000,100024,189,100013,389,100028,189,100004,189,100039,189,100003,189,100057,189,99998,189,100058,189,99975,289,100060,100,99974,100,100063,100,99957,100,100065,100,99955,100,100073,100,99946,200,100076,100,99945,100
2019-06-28 09:31:34.639739049,100024,189,100013,389,100028,189,100004,189,100039,189,100003,189,100057,189,99998,189,100058,189,99975,289,100060,100,99974,100,100063,100,99957,100,100065,100,99955,100,100073,100,99946,200,100076,100,99945,100
2019-06-28 09:31:40.000000000,100024,189,100013,389,100028,189,100004,189,100039,189,100003,189,100057,189,99998,189,100058,189,99975,289,100060,100,99974,100,100063,100,99957,100,100065,100,99955,100,100073,100,99946,200,100076,100,99945,100
2019-06-28 09:31:41.026110873,100024,189,100013,389,100028,189,100004,189,100039,189,100003,189,100057,189,99998,189,100058,189,99975,289,100060,100,99974,100,100063,100,99957,100,100065,100,99955,100,100073,100,99946,100,100076,100,99945,100
2019-06-28 09:31:46.855452484,100024,189,100013,389,100028,189,100004,189,100039,189,100003,189,100057,189,99998,189,100058,189,99975,289,100060,100,99974,100,100063,100,99957,100,100065,100,99955,100,100073,100,99946,100,100076,100,99945,100
2019-06-28 09:31:47.038201162,100024,89,100013,389,100028,189,100004,189,100039,189,100003,189,100057,189,99998,189,100058,189,99975,289,100060,100,99974,100,100063,100,99957,100,100065,100,99955,100,100073,100,99946,100,100076,100,99945,100
2019-06-28 09:31:50.000000000,100028,189,100013,389,100039,189,100004,189,100057,189,100003,189,100058,189,99998,189,100060,189,99975,289,100063,100,99974,100,100065,100,99957,100,100073,100,99955,100,100076,100,99946,100,100079,100,99945,100
2019-06-28 09:32:00.000000000,100028,189,100013,389,100039,189,100004,189,100057,189,100003,189,100058,189,99998,189,100060,189,99975,289,100063,100,99974,100,100065,100,99957,100,100073,100,99955,100,100076,100,99946,100,100079,100,99945,100
2019-06-28 09:32:02.331695366,100028,189,100013,389,100039,189,100004,189,100057,189,100003,189,100058,189,100001,100,100060,189,99998,189,100063,100,99975,289,100065,100,99974,100,100073,100,99957,100,100076,100,99955,100,100079,100,99946,100
2019-06-28 09:32:07.369615078,100028,89,100013,389,100039,189,100004,189,100057,189,100003,189,100058,189,100001,100,100060,189,99998,189,100063,100,99975,289,100065,100,99974,100,100073,100,99957,100,100076,100,99955,100,100079,100,99946,100
2019-06-28 09:32:10.000000000,100039,252,100013,452,100057,247,100004,247,100058,247,100003,247,100060,100,100001,100,100063,100,99998,100,100065,100,99975,200,100073,100,99974,100,100076,100,99957,100,100079,100,99955,100,100083,100,99946,100
2019-06-28 09:32:15.458724238,100039,252,100013,452,100057,247,100004,247,100058,247,100003,247,100060,100,100001,100,100063,100,99998,100,100065,100,99975,200,100073,100,99974,100,100076,100,99957,100,100079,100,99955,100,100083,100,99946,100
2019-06-28 09:32:20.000000000,100039,323,100013,523,100057,323,100004,323,100058,100,100003,100,100060,100,100001,100,100063,100,99998,100,100065,100,99975,200,100073,100,99974,100,100076,100,99957,100,100079,100,99955,100,100083,100,99946,100
2019-06-28 09:32:21.257421306,100023,100,100013,523,100039,323,100004,323,100057,323,100003,100,100058,100,100001,100,100060,100,99998,100,100063,100,99975,200,100065,100,99974,100,100073,100,99957,100,100076,100,99955,100,100079,100,99946,100
2019-06-28 09:32:22.146230596,100039,323,100013,523,100057,323,100004,323,100058,100,100003,100,100060,100,100001,100,100063,100,99998,100,100065,100,99975,200,100073,100,99974,100,100076,100,99957,100,100079,100,99955,100,100083,100,99946,100
2019-06-28 09:32:25.393671284,100039,223,100013,523,100057,323,100004,323,100058,100,100003,100,100060,100,100001,100,100063,100,99998,100,100065,100,99975,200,100073,100,99974,100,100076,100,99957,100,100079,100,99955,100,100083,100,99946,100
2019-06-28 09:32:30.000000000,100057,546,100013,746,100058,100,100004,100,100060,100,100003,100,100063,100,100001,100,100065,100,99998,100,100073,100,99975,200,100076,100,99974,100,100079,100,99957,100,100083,100,99955,100,100115,100,99946,100
2019-06-28 09:32:34.925106971,100038,100,100013,746,100057,546,100004,100,100058,100,100003,100,100060,100,100001,100,100063,100,99998,100,100065,100,99975,200,100073,100,99974,100,100076,100,99957,100,100079,100,99955,100,100083,100,99946,100
2019-06-28 09:32:38.481716708,100038,100,100013,746,100057,546,100004,100,100058,100,100003,100,100060,100,100001,100,100063,100,99998,100,100065,100,99975,200,100073,100,99974,100,100076,100,99957,100,100079,100,99955,100,100083,100,99946,100
2019-06-28 09:32:40.000000000,100038,252,100013,452,100057,247,100004,247,100058,247,100003,247,100060,100,100001,100,100063,100,99998,100,100065,100,99975,200,100073,100,99974,100,100076,100,99957,100,100079,100,99955,100,100083,100,99946,100
2019-06-28 09:32:50.000000000,100038,252,100013,452,100057,247,100004,247,100058,247,100003,247,100060,100,100001,100,100063,100,99998,100,100065,100,99975,200,100073,100,99974,100,100076,100,99957,100,100079,100,99955,100,100083,100,99946,100
2019-06-28 09:32:52.154076479,100038,252,100013,452,100057,247,100004,247,100058,247,100003,247,100060,100,100001,100,100063,100,99998,100,100065,100,99975,200,100073,100,99974,100,100076,100,99957,100,100079,100,99955,100,100083,100,99946,100
2019-06-28 09:33:00.000000000,100038,546,100013,746,100057,100,100004,100,100058,100,100003,100,100060,100,100001,100,100063,100,99998,100,100065,100,99975,200,100073,100,99974,100,100076,100,99957,100,100079,100,99955,100,100083,100,99946,100
2019-06-28 09:33:07.684772065,100038,546,100013,646,100057,100,100004,100,100058,100,100003,100,100060,100,100001,100,100063,100,99998,100,100065,100,99975,200,100073,100,99974,100,100076,100,99957,100,100079,100,99955,100,100083,100,99946,100
2019-06-28 09:33:10.000000000,100038,212,100013,312,100057,212,100004,212,100058,212,100003,212,100060,212,100001,212,100063,100,99998,100,100065,100,99975,200,100073,100,99974,100,100076,100,99957,100,100079,100,99955,100,100083,100,99946,100
2019-06-28 09:33:20.000000000,100038,323,100013,423,100057,323,100004,323,100058,100,100003,100,100060,100,100001,100,100063,100,99998,100,100065,100,99975,200,100073,100,99974,100,100076,100,99957,100,100079,100,99955,100,100083,100,99946,100
2019-06-28 09:33:26.030832694,100038,323,100013,323,100057,323,100004,323,100058,100,100003,100,100060,100,100001,100,100063,100,99998,100,100065,100,99975,200,100073,100,99974,100,100076,100,99957,100,100079,100,99955,100,100083,100,99946,100
2019-06-28 09:33:30.000000000,100038,189,100013,189,100057,189,100004,189,100058,189,100003,189,100060,189,100001,189,100063,189,99998,189,100065,100,99975,200,100073,100,99974,100,100076,100,99957,100,100079,100,99955,100,100083,100,99946,100
2019-06-28 09:33:31.725931488,100037,100,100013,189,100038,189,100004,189,100057,189,100003,89,100058,189,100001,189,100060,189,99998,189,100063,189,99975,200,100065,100,99974,100,100073,100,99957,100,100076,100,99955,100,100079,100,99946,100
2019-06-28 09:33:40.000000000,100037,323,100013,323,100038,323,100004,323,100057,100,100001,100,100058,100,99998,100,100060,100,99975,200,100063,100,99974,100,100065,100,99957,100,100073,100,99955,100,100076,100,99946,100,100079,100,99945,100
2019-06-28 09:33:50.000000000,100037,212,100013,212,100038,212,100004,212,100057,212,100001,212,100058,212,99998,212,100060,100,99975,200,100063,100,99974,100,100065,100,99957,100,100073,100,99955,100,100076,100,99946,100,100079,100,99945,100
2019-06-28 09:34:00.000000000,100037,189,100013,189,100038,189,100004,189,100057,189,100001,189,100058,189,99998,189,100060,189,99975,289,100063,100,99974,100,100065,100,99957,100,100073,100,99955,100,100076,100,99946,100,100079,100,99945,100
2019-06-28 09:34:00.131077598,100037,189,100013,189,100038,189,100004,89,100057,189,100001,189,100058,189,99998,189,100060,189,99975,289,100063,100,99974,100,100065,100,99957,100,100073,100,99955,100,100076,100,99946,100,100079,100,99945,100
2019-06-28 09:34:10.000000000,100037,189,100013,189,100038,189,100001,189,100057,189,99998,189,100058,189,99975,289,100060,189,99974,189,100063,100,99957,100,100065,100,99955,100,100073,100,99946,100,100076,100,99945,100,100079,100,99944,100
2019-06-28 09:34:12.887861107,100037,189,100013,89,100038,189,100001,189,100057,189,99998,189,100058,189,99975,289,100060,189,99974,189,100063,100,99957,100,100065,100,99955,100,100073,100,99946,100,100076,100,99945,100,100079,100,99944,100
2019-06-28 09:34:20.000000000,100037,212,100001,212,100038,212,99998,212,100057,212,99975,312,100058,212,99974,212,100060,100,99957,100,100063,100,99955,100,100065,100,99946,100,100073,100,99945,100,100076,100,99944,100,100079,100,99943,100
2019-06-28 09:34:30.000000000,100037,323,100001,323,100038,323,99998,323,100057,100,99975,200,100058,100,99974,100,100060,100,99957,100,100063,100,99955,100,100065,100,99946,100,100073,100,99945,100,100076,100,99944,100,100079,100,99943,100
2019-06-28 09:34:34.485133136,100037,323,100001,323,100038,323,99998,323,100057,100,99975,200,100058,100,99974,100,100060,100,99957,100,100063,100,99955,100,100065,100,99946,100,100073,100,99945,100,100076,100,99944,100,100079,100,99943,100
2019-06-28 09:34:40.000000000,100037,323,100001,323,100038,323,99998,323,100057,100,99975,200,100058,100,99974,100,100060,100,99957,100,100063,100,99955,100,100065,100,99946,100,100073,100,99945,100,100076,100,99944,100,100079,100,99943,100
2019-06-28 09:34:50.000000000,100037,323,100001,323,100038,323,99998,323,100057,100,99975,200,100058,100,99974,100,100060,100,99957,100,100063,100,99955,100,100065,100,99946,100,100073,100,99945,100,100076,100,99944,100,100079,100,99943,100
2019-06-28 09:34:58.382800469,100037,323,100001,223,100038,323,99998,323,100057,100,99975,200,100058,100,99974,100,100060,100,99957,100,100063,100,99955,100,100065,100,99946,100,100073,100,99945,100,100076,100,99944,100,100079,100,99943,100
2019-06-28 09:35:00.000000000,100037,252,99998,252,100038,247,99975,347,100057,247,99974,247,100058,100,99957,100,100060,100,99955,100,100063,100,99946,100,100065,100,99945,100,100073,100,99944,100,100076,100,99943,100,100079,100,99935,100
2019-06-28 09:35:10.000000000,100037,546,99998,546,100038,100,99975,200,100057,100,99974,100,100058,100,99957,100,100060,100,99955,100,100063,100,99946,100,100065,100,99945,100,100073,100,99944,100,100076,100,99943,100,100079,100,99935,100
2019-06-28 09:35:20.000000000,100037,323,99998,323,100038,323,99975,423,100057,100,99974,100,100058,100,99957,100,100060,100,99955,100,100063,100,99946,100,100065,100,99945,100,100073,100,99944,100,100076,100,99943,100,100079,100,99935,100
2019-06-28 09:35:27.703242402,100037,223,99998,323,100038,323,99975,423,100057,100,99974,100,100058,100,99957,100,100060,100,99955,100,100063,100,99946,100,100065,100,99945,100,100073,100,99944,100,100076,100,99943,100,100079,100,99935,100
2019-06-28 09:35:30.000000000,100038,189,99998,189,100057,189,99975,289,100058,189,99974,189,100060,189,99957,189,100063,189,99955,189,100065,100,99946,100,100073,100,99945,100,100076,100,99944,100,100079,100,99943,100,100083,100,99935,100
2019-06-28 09:35:35.378647267,100038,189,99998,189,100057,189,99975,289,100058,189,99974,189,100060,189,99957,189,100063,189,99955,189,100065,100,99946,100,100073,100,99945,100,100076,100,99944,100,100079,100,99943,100,100083,100,99935,100
2019-06-28 09:35:40.000000000,100038,252,99998,252,100057,247,99975,347,100058,247,99974,247,100060,100,99957,100,100063,100,99955,100,100065,100,99946,100,100073,100,99945,100,100076,100,99944,100,100079,100,99943,100,100083,100,99935,100
2019-06-28 09:35:50.000000000,100038,252,99998,252,100057,247,99975,347,100058,247,99974,247,100060,100,99957,100,100063,100,99955,100,100065,100,99946,100,100073,100,99945,100,100076,100,99944,100,100079,100,99943,100,100083,100,99935,100
2019-06-28 09:36:00.000000000,100038,189,99998,189,100057,189,99975,289,100058,189,99974,189,100060,189,99957,189,100063,189,99955,189,100065,100,99946,100,100073,100,99945,100,100076,100,99944,100,100079,100,99943,100,100083,100,99935,100
2019-06-28 09:36:10.000000000,100038,252,99998,252,100057,247,99975,347,100058,247,99974,247,100060,100,99957,100,100063,100,99955,100,100065,100,99946,100,100073,100,99945,100,100076,100,99944,100,100079,100,99943,100,100083,100,99935,100
2019-06-28 09:36:18.794657947,100038,152,99998,252,100057,247,99975,347,100058,147,99974,247,100060,100,99957,100,100063,100,99955,100,100065,100,99946,100,100073,100,99945,100,100076,100,99944,100,100079,100,99943,100,100083,100,99935,100
2019-06-28 09:36:20.000000000,100057,212,99998,212,100060,212,99975,312,100063,212,99974,212,100065,212,99957,212,100073,100,99955,100,100076,100,99946,100,100079,100,99945,100,100083,100,99944,100,100115,100,99943,100,100126,100,99935,100
2019-06-28 09:36:30.000000000,100057,189,99998,189,100060,189,99975,289,100063,189,99974,189,100065,189,99957,189,100073,189,99955,189,100076,100,99946,100,100079,100,99945,100,100083,100,99944,100,100115,100,99943,100,100126,100,99935,100
2019-06-28 09:36:40.000000000,100057,252,99998,252,100060,247,99975,347,100063,247,99974,247,100065,100,99957,100,100073,100,99955,100,100076,100,99946,100,100079,100,99945,100,100083,100,99944,100,100115,100,99943,100,100126,100,99935,100
2019-06-28 09:36:49.901264770,100057,152,99998,252,100060,247,99975,347,100063,247,99974,247,100065,100,99957,100,100073,100,99955,100,100076,100,99946,100,100079,100,99945,100,100083,100,99944,100,100126,100,99943,100,100133,100,99935,100
2019-06-28 09:36:50.000000000,100060,252,99998,252,100063,247,99975,347,100065,247,99974,247,100073,100,99957,100,100076,100,99955,100,100079,100,99946,100,100083,100,99945,100,100126,100,99944,100,100133,100,99943,100,100135,100,99935,100
2019-06-28 09:37:00.000000000,100060,189,99998,189,100063,189,99975,289,100065,189,99974,189,100073,189,99957,189,100076,189,99955,189,100079,100,99946,100,100083,100,99945,100,100126,100,99944,100,100133,100,99943,100,100135,100,99935,100
2019-06-28 09:37:08.020729702,100060,89,99998,189,100063,189,99975,289,100065,189,99974,189,100073,189,99957,189,100076,189,99955,189,100079,100,99946,100,100126,100,99945,100,100133,100,99944,100,100135,100,99943,100,100167,100,99935,100
2019-06-28 09:37:10.000000000,100063,212,99998,212,100065,212,99975,312,100073,212,99974,212,100076,212,99957,212,100079,100,99955,100,100126,100,99946,100,100133,100,99945,100,100135,100,99944,100,100167,100,99943,100,100188,100,99935,100
2019-06-28 09:37:20.000000000,100063,189,99998,189,100065,189,99975,289,100073,189,99974,189,100076,189,99957,189,100079,189,99955,189,100126,100,99946,100,100133,100,99945,100,100135,100,99944,100,100167,100,99943,100,100188,100,99935,100
2019-06-28 09:37:24.832633638,100063,89,99998,189,100065,189,99975,289,100073,189,99974,189,100076,189,99957,189,100079,189,99955,189,100126,100,99946,100,100133,100,99945,100,100135,100,99944,100,100167,100,99943,100,100188,100,99935,100
2019-06-28 09:37:24.893857244,100063,89,100060,100,100065,189,99998,189,100073,189,99975,289,100076,189,99974,189,100079,189,99957,189,100126,100,99955,189,100133,100,99946,100,100135,100,99945,100,100167,100,99944,100,100188,100,99943,100
2019-06-28 09:37:30.000000000,100065,212,100060,212,100073,212,99998,212,100076,212,99975,312,100079,212,99974,212,100126,100,99957,100,100133,100,99955,100,100135,100,99946,100,100167,100,99945,100,100188,100,99944,100,100222,100,99943,100
2019-06-28 09:37:40.000000000,100065,323,100060,323,100073,323,99998,323,100076,100,99975,200,100079,100,99974,100,100126,100,99957,100,100133,100,99955,100,100135,100,99946,100,100167,100,99945,100,100188,100,99944,100,100222,100,99943,100
2019-06-28 09:37:40.772271630,100065,323,100060,423,100073,323,99998,323,100076,100,99975,200,100079,100,99974,100,100126,100,99957,100,100133,100,99955,100,100135,100,99946,100,100167,100,99945,100,100188,100,99944,100,100222,100,99943,100
2019-06-28 09:37:47.039632847,100065,223,100060,423,100073,323,99998,323,100076,100,99975,200,100079,100,99974,100,100126,100,99957,100,100133,100,99955,100,100135,100,99946,100,100167,100,99945,100,100188,100,99944,100,100222,100,99943,100
2019-06-28 09:37:50.000000000,100073,252,100060,352,100076,247,99998,247,100079,247,99975,347,100126,100,99974,100,100133,100,99957,100,100135,100,99955,100,100167,100,99946,100,100188,100,99945,100,100222,100,99944,100,100431,100,99943,100
2019-06-28 09:38:00.000000000,100073,212,100060,312,100076,212,99998,212,100079,212,99975,312,100126,212,99974,212,100133,100,99957,100,100135,100,99955,100,100167,100,99946,100,100188,100,99945,100,100222,100,99944,100,100431,100,99943,100
2019-06-28 09:38:10.000000000,100073,252,100060,352,100076,247,99998,247,100079,247,99975,347,100126,100,99974,100,100133,100,99957,100,100135,100,99955,100,100167,100,99946,100,100188,100,99945,100,100222,100,99944,100,100431,100,99943,100
2019-06-28 09:38:12.717586475,100073,252,100060,352,100076,247,99998,247,100079,247,99975,347,100126,100,99974,100,100133,100,99957,100,100135,100,99955,100,100167,100,99946,100,100188,100,99945,100,100222,100,99944,100,100431,100,99943,100
2019-06-28 09:38:20.000000000,100073,252,100060,352,100076,247,99998,247,100079,247,99975,347,100126,100,99974,100,100133,100,99957,100,100135,100,99955,100,100167,100,99946,100,100188,100,99945,100,100222,100,99944,100,100431,100,99943,100
2019-06-28 09:38:30.000000000,100073,252,100060,352,100076,247,99998,247,100079,247,99975,347,100126,100,99974,100,100133,100,99957,100,100135,100,99955,100,100167,100,99946,100,100188,100,99945,100,100222,100,99944,100,100431,100,99943,100
2019-06-28 09:38:31.084485277,100073,152,100060,352,100076,247,99998,247,100079,247,99975,347,100126,100,99974,100,100133,100,99957,100,100135,100,99955,100,100167,100,99946,100,100188,100,99945,100,100222,100,99944,100,100431,100,99943,100
2019-06-28 09:38:32.241003898,100073,52,100060,352,100076,247,99998,247,100079,247,99975,347,100126,100,99974,100,100133,100,99957,100,100167,100,99955,100,100188,100,99946,100,100222,100,99945,100,100431,100,99944,100,100498,100,99943,100
2019-06-28 09:38:40.000000000,100076,546,100060,646,100079,100,99998,100,100126,100,99975,200,100133,100,99974,100,100167,100,99957,100,100188,100,99955,100,100222,100,99946,100,100431,100,99945,100,100498,100,99944,100,100552,100,99943,100
2019-06-28 09:38:46.305773381,100076,446,100060,646,100079,100,99998,100,100126,100,99975,200,100133,100,99974,100,100167,100,99957,100,100188,100,99955,100,100222,100,99946,100,100431,100,99945,100,100498,100,99944,100,,,99943,100
2019-06-28 09:38:49.649971192,100076,346,100060,646,100079,100,99998,100,100126,100,99975,200,100133,100,99974,100,100167,100,99957,100,100188,100,99955,100,100222,100,99946,100,100431,100,99945,100,100498,100,99944,100,,,99943,100
2019-06-28 09:38:50.000000000,100079,323,100060,423,100126,323,99998,323,100133,100,99975,200,100167,100,99974,100,100188,100,99957,100,100222,100,99955,100,100431,100,99946,100,100498,100,99945,100,,,99944,100,,,99943,100
2019-06-28 09:39:00.000000000,100079,189,100060,289,100126,189,99998,189,100133,189,99975,289,100167,189,99974,189,100188,189,99957,189,100222,100,99955,100,100431,100,99946,100,100498,100,99945,100,,,99944,100,,,99943,100
2019-06-28 09:39:09.385223019,100079,89,100060,289,100126,189,99998,189,100133,189,99975,289,100167,189,99974,189,100188,189,99957,189,100222,100,99955,100,100431,100,99946,100,100498,100,99945,100,,,99944,100,,,99943,100
2019-06-28 09:39:10.000000000,100126,252,100060,352,100133,247,99998,247,100167,247,99975,347,100188,100,99974,100,100222,100,99957,100,100431,100,99955,100,100498,100,99946,100,,,99945,100,,,99944,100,,,99943,100
2019-06-28 09:39:20.000000000,100126,252,100060,352,100133,247,99998,247,100167,247,99975,347,100188,100,99974,100,100222,100,99957,100,100431,100,99955,100,100498,100,99946,100,,,99945,100,,,99944,100,,,99943,100
2019-06-28 09:39:30.000000000,100126,252,100060,352,100133,247,99998,247,100167,247,99975,347,100188,100,99974,100,100222,100,99957,100,100431,100,99955,100,100498,100,99946,100,,,99945,100,,,99944,100,,,99943,100
2019-06-28 09:39:32.984311784,100126,152,100060,352,100133,247,99998,247,100167,247,99975,347,100222,100,99974,100,100431,100,99957,100,100498,100,99955,100,,,99946,100,,,99945,100,,,99944,100,,,99943,100
2019-06-28 09:39:40.000000000,100133,189,100060,289,100167,189,99998,189,100222,189,99975,289,100431,189,99974,189,100498,189,99957,189,,,99955,100,,,99946,100,,,99945,100,,,99944,100,,,99943,100
2019-06-28 09:39:47.523562906,100133,89,100060,289,100167,189,99998,189,100222,189,99975,289,100431,189,99974,189,100498,189,99957,189,,,99955,100,,,99946,100,,,99945,100,,,99944,100,,,99943,100
2019-06-28 09:39:50.000000000,100167,212,100060,312,100222,212,99998,212,100431,212,99975,312,100498,212,99974,212,,,99957,100,,,99955,100,,,99946,100,,,99945,100,,,99944,100,,,99943,100
2019-06-28 09:40:00.000000000,100167,546,100060,646,100222,100,99998,100,100431,100,99975,200,100498,100,99974,100,,,99957,100,,,99955,100,,,99946,100,,,99945,100,,,99944,100,,,99943,100
2019-06-28 09:40:10.000000000,100167,323,100060,423,100222,323,99998,323,100431,100,99975,200,100498,100,99974,100,,,99957,100,,,99955,100,,,99946,100,,,99945,100,,,99944,100,,,99943,100
2019-06-28 09:40:19.136298618,100167,323,100060,423,100222,323,99998,323,100431,100,99975,200,100498,100,99974,100,100988,100,99957,100,,,99955,100,,,99946,100,,,99945,100,,,99944,100,,,99943,100
2019-06-28 09:40:20.000000000,100167,323,100060,423,100222,323,99998,323,100431,100,99975,200,100498,100,99974,100,100988,100,99957,100,,,99955,100,,,99946,100,,,99945,100,,,99944,100,,,99943,100
2019-06-28 09:40:30.000000000,100167,189,100060,289,100222,189,99998,189,100431,189,99975,289,100498,189,99974,189,100988,189,99957,189,,,99955,100,,,99946,100,,,99945,100,,,99944,100,,,99943,100
2019-06-28 09:40:40.000000000,100167,252,100060,352,100222,247,99998,247,100431,247,99975,347,100498,100,99974,100,100988,100,99957,100,,,99955,100,,,99946,100,,,99945,100,,,99944,100,,,99943,100
2019-06-28 09:40:50.000000000,100167,189,100060,289,100222,189,99998,189,100431,189,99975,289,100498,189,99974,189,100988,189,99957,189,,,99955,100,,,99946,100,,,99945,100,,,99944,100,,,99943,100
2019-06-28 09:40:52.138331641,100167,189,100060,289,100222,189,99998,189,100431,189,99975,289,100498,189,99974,189,100776,100,99957,189,100988,189,99955,100,,,99946,100,,,99945,100,,,99944,100,,,99943,100
2019-06-28 09:41:00.000000000,100167,323,100060,423,100222,323,99998,323,100431,100,99975,200,100498,100,99974,100,100776,100,99957,100,100988,100,99955,100,,,99946,100,,,99945,100,,,99944,100,,,99943,100
2019-06-28 09:41:10.000000000,100167,212,100060,312,100222,212,99998,212,100431,212,99975,312,100498,212,99974,212,100776,100,99957,100,100988,100,99955,100,,,99946,100,,,99945,100,,,99944,100,,,99943,100
2019-06-28 09:41:20.000000000,100167,189,100060,289,100222,189,99998,189,100431,189,99975,289,100498,189,99974,189,100776,189,99957,189,100988,100,99955,100,,,99946,100,,,99945,100,,,99944,100,,,99943,100
2019-06-28 09:41:21.872080909,100167,89,100060,289,100222,189,99998,189,100431,189,99975,289,100498,189,99974,189,100776,189,99957,189,100988,100,99955,100,,,99946,100,,,99945,100,,,99944,100,,,99943,100
2019-06-28 09:41:30.000000000,100222,546,100060,646,100431,100,99998,100,100498,100,99975,200,100776,100,99974,100,100988,100,99957,100,,,99955,100,,,99946,100,,,99945,100,,,99944,100,,,99943,100
2019-06-28 09:41:40.000000000,100222,323,100060,423,100431,323,99998,323,100498,100,99975,200,100776,100,99974,100,100988,100,99957,100,,,99955,100,,,99946,100,,,99945,100,,,99944,100,,,99943,100
2019-06-28 09:41:46.509301438,100222,323,100099,100,100431,323,100060,423,100498,100,99998,323,100776,100,99975,100,100988,100,99974,100,,,99957,100,,,99955,100,,,99946,100,,,99945,100,,,99944,100
2019-06-28 09:41:48.245140958,100104,100,100099,100,100222,323,100060,423,100431,323,99998,323,100498,100,99975,100,100776,100,99974,100,100988,100,99957,100,,,99955,100,,,99946,100,,,99945,100,,,99944,100
2019-06-28 09:41:50.000000000,100104,323,100099,323,100222,323,100060,423,100431,100,99998,100,100498,100,99975,100,100776,100,99974,100,100988,100,99957,100,,,99955,100,,,99946,100,,,99945,100,,,99944,100
2019-06-28 09:42:00.000000000,100104,546,100099,546,100222,100,100060,200,100431,100,99998,100,100498,100,99975,100,100776,100,99974,100,100988,100,99957,100,,,99955,100,,,99946,100,,,99945,100,,,99944,100
2019-06-28 09:42:10.000000000,100104,212,100099,212,100222,212,100060,312,100431,212,99998,212,100498,212,99975,212,100776,100,99974,100,100988,100,99957,100,,,99955,100,,,99946,100,,,99945,100,,,99944,100
2019-06-28 09:42:20.000000000,100104,546,100099,546,100222,100,100060,200,100431,100,99998,100,100498,100,99975,100,100776,100,99974,100,100988,100,99957,100,,,99955,100,,,99946,100,,,99945,100,,,99944,100
2019-06-28 09:42:25.348522644,100104,546,100099,546,100121,100,100060,200,100222,100,99998,100,100431,100,99975,100,100498,100,99974,100,100776,100,99957,100,100988,100,99955,100,,,99946,100,,,99945,100,,,99944,100
2019-06-28 09:42:25.536791642,100104,546,100099,546,100121,100,100060,200,100165,100,99998,100,100222,100,99975,100,100431,100,99974,100,100498,100,99957,100,100776,100,99955,100,100988,100,99946,100,,,99945,100,,,99944,100
2019-06-28 09:42:30.000000000,100104,212,100099,212,100121,212,100060,312,100165,212,99998,212,100222,212,99975,212,100431,100,99974,100,100498,100,99957,100,100776,100,99955,100,100988,100,99946,100,,,99945,100,,,99944,100
2019-06-28 09:42:40.000000000,100104,252,100099,252,100121,247,100060,347,100165,247,99998,247,100222,100,99975,100,100431,100,99974,100,100498,100,99957,100,100776,100,99955,100,100988,100,99946,100,,,99945,100,,,99944,100
2019-06-28 09:42:46.546398471,100104,252,100099,252,100121,247,100060,347,100165,247,99998,247,100222,100,99975,100,100431,100,99974,100,100498,100,99957,100,100776,100,99955,100,100988,100,99952,100,,,99946,100,,,99945,100
2019-06-28 09:42:48.105164929,100104,252,100099,252,100121,247,100060,347,100165,247,99998,247,100222,100,99975,100,100287,100,99974,100,100431,100,99957,100,100498,100,99955,100,100776,100,99952,100,100988,100,99946,100,,,99945,100
2019-06-28 09:42:50.000000000,100104,252,100099,252,100121,247,100060,347,100165,247,99998,247,100222,100,99975,100,100287,100,99974,100,100431,100,99957,100,100498,100,99955,100,100776,100,99952,100,100988,100,99946,100,,,99945,100
2019-06-28 09:43:00.000000000,100104,323,100099,323,100121,323,100060,423,100165,100,99998,100,100222,100,99975,100,100287,100,99974,100,100431,100,99957,100,100498,100,99955,100,100776,100,99952,100,100988,100,99946,100,,,99945,100
2019-06-28 09:43:10.000000000,100104,546,100099,546,100121,100,100060,200,100165,100,99998,100,100222,100,99975,100,100287,100,99974,100,100431,100,99957,100,100498,100,99955,100,100776,100,99952,100,100988,100,99946,100,,,99945,100
2019-06-28 09:43:20.000000000,100104,323,100099,323,100121,323,100060,423,100165,100,99998,100,100222,100,99975,100,100287,100,99974,100,100431,100,99957,100,100498,100,99955,100,100776,100,99952,100,100988,100,99946,100,,,99945,100
2019-06-28 09:43:24.884094046,100104,323,100099,323,100121,323,100060,423,100165,100,99998,100,100222,100,99975,100,100287,100,99974,100,100431,100,99957,100,100498,100,99955,100,100776,100,99952,100,100988,100,99946,100,,,99945,100
2019-06-28 09:43:30.000000000,100104,212,100099,212,100121,212,100060,312,100165,212,99998,212,100222,212,99975,212,100287,100,99974,100,100431,100,99957,100,100498,100,99955,100,100776,100,99952,100,100988,100,99946,100,,,99945,100
2019-06-28 09:43:40.000000000,100104,212,100099,212,100121,212,100060,312,100165,212,99998,212,100222,212,99975,212,100287,100,99974,100,100431,100,99957,100,100498,100,99955,100,100776,100,99952,100,100988,100,99946,100,,,99945,100
2019-06-28 09:43:44.490056602,100104,212,100099,112,100121,212,100060,312,100165,212,99998,212,100222,212,99975,212,100287,100,99974,100,100431,100,99955,100,100498,100,99952,100,100776,100,99946,100,100988,100,99945,100,,,99944,100
2019-06-28 09:43:50.000000000,100104,252,100060,352,100121,247,99998,247,100165,247,99975,247,100222,100,99974,100,100287,100,99955,100,100431,100,99952,100,100498,100,99946,100,100776,100,99945,100,100988,100,99944,100,,,99943,100
2019-06-28 09:44:00.000000000,100104,252,100060,352,100121,247,99998,247,100165,247,99975,247,100222,100,99974,100,100287,100,99955,100,100431,100,99952,100,100498,100,99946,100,100776,100,99945,100,100988,100,99944,100,,,99943,100
2019-06-28 09:44:09.774134825,100103,100,100060,352,100104,252,99998,247,100121,247,99975,247,100165,247,99974,100,100222,100,99955,100,100287,100,99952,100,100431,100,99946,100,100498,100,99945,100,100776,100,99944,100,100988,100,99943,100
2019-06-28 09:44:10.000000000,100103,189,100060,289,100104,189,99998,189,100121,189,99975,189,100165,189,99974,189,100222,189,99955,189,100287,100,99952,100,100431,100,99946,100,100498,100,99945,100,100776,100,99944,100,100988,100,99943,100
2019-06-28 09:44:20.000000000,100103,546,100060,646,100104,100,99998,100,100121,100,99975,100,100165,100,99974,100,100222,100,99955,100,100287,100,99952,100,100431,100,99946,100,100498,100,99945,100,100776,100,99944,100,100988,100,99943,100
2019-06-28 09:44:30.000000000,100103,212,100060,312,100104,212,99998,212,100121,212,99975,212,100165,212,99974,212,100222,100,99955,100,100287,100,99952,100,100431,100,99946,100,100498,100,99945,100,100776,100,99944,100,100988,100,99943,100
2019-06-28 09:44:38.317150273,100103,212,100060,212,100104,212,99998,212,100121,212,99975,212,100165,212,99974,212,100222,100,99955,100,100287,100,99952,100,100431,100,99946,100,100498,100,99945,100,100776,100,99944,100,100988,100,99943,100
2019-06-28 09:44:40.000000000,100103,546,100060,546,100104,100,99998,100,100121,100,99975,100,100165,100,99974,100,100222,100,99955,100,100287,100,99952,100,100431,100,99946,100,100498,100,99945,100,100776,100,99944,100,100988,100,99943,100
2019-06-28 09:44:50.000000000,100103,189,100060,189,100104,189,99998,189,100121,189,99975,189,100165,189,99974,189,100222,189,99955,189,100287,100,99952,100,100431,100,99946,100,100498,100,99945,100,100776,100,99944,100,100988,100,99943,100
2019-06-28 09:44:50.898250317,100103,189,100100,100,100104,189,100060,189,100121,189,99998,189,100165,189,99975,189,100222,189,99974,189,100287,100,99955,189,100431,100,99952,100,100498,100,99946,100,100776,100,99945,100,100988,100,99944,100
2019-06-28 09:44:52.245733280,100103,189,100100,100,100104,189,100060,189,100121,189,100000,100,100165,89,99998,189,100222,189,99975,189,100287,100,99974,189,100431,100,99955,189,100498,100,99952,100,100776,100,99946,100,100988,100,99945,100
2019-06-28 09:45:00.000000000,100103,323,100100,323,100104,323,100060,323,100121,100,100000,100,100222,100,99998,100,100287,100,99975,100,100431,100,99974,100,100498,100,99955,100,100776,100,99952,100,100988,100,99946,100,,,99945,100
2019-06-28 09:45:03.849844719,100103,223,100100,323,100104,323,100060,323,100121,100,100000,100,100222,100,99998,100,100287,100,99975,100,100431,100,99974,100,100498,100,99955,100,100776,100,99952,100,100988,100,99946,100,,,99945,100
2019-06-28 09:45:10.000000000,100104,252,100100,252,100121,247,100060,247,100222,247,100000,247,100287,100,99998,100,100431,100,99975,100,100498,100,99974,100,100776,100,99955,100,100988,100,99952,100,,,99946,100,,,99945,100
2019-06-28 09:45:20.000000000,100104,546,100100,546,100121,100,100060,100,100222,100,100000,100,100287,100,99998,100,100431,100,99975,100,100498,100,99974,100,100776,100,99955,100,100988,100,99952,100,,,99946,100,,,99945,100
2019-06-28 09:45:23.610837855,100102,100,100100,546,100104,546,100000,100,100121,100,99998,100,100222,100,99975,100,100287,100,99974,100,100431,100,99955,100,100498,100,99952,100,100776,100,99946,100,100988,100,99945,100,,,99944,100
2019-06-28 09:45:24.818953861,100102,100,100100,546,100103,100,100000,100,100104,546,99998,100,100121,100,99975,100,100222,100,99974,100,100287,100,99955,100,100431,100,99952,100,100498,100,99946,100,100776,100,99945,100,100988,100,99944,100
2019-06-28 09:45:30.000000000,100102,189,100100,189,100103,189,100000,189,100104,189,99998,189,100121,189,99975,189,100222,189,99974,189,100287,100,99955,100,100431,100,99952,100,100498,100,99946,100,100776,100,99945,100,100988,100,99944,100
2019-06-28 09:45:36.231056502,100102,89,100100,189,100103,189,100000,189,100104,189,99998,189,100121,189,99975,189,100222,189,99974,189,100287,100,99955,100,100431,100,99952,100,100498,100,99946,100,100776,100,99945,100,100988,100,99944,100
2019-06-28 09:45:38.672930230,100103,189,100102,11,100104,189,100100,189,100121,189,100000,189,100222,89,99998,189,100287,100,99975,189,100431,100,99974,189,100498,100,99955,100,100776,100,99952,100,100988,100,99946,100,,,99945,100
2019-06-28 09:45:40.000000000,100103,212,100102,123,100104,212,100100,212,100121,212,100000,212,100287,212,99998,212,100431,100,99975,100,100498,100,99974,100,100776,100,99955,100,100988,100,99952,100,,,99946,100,,,99945,100
2019-06-28 09:45:48.032261059,100103,112,100102,123,100104,212,100100,212,100121,212,100000,212,100287,212,99998,212,100431,100,99975,100,100498,100,99974,100,100776,100,99955,100,100988,100,99952,100,,,99946,100,,,99945,100
2019-06-28 09:45:50.000000000,100104,212,100102,123,100121,212,100100,212,100287,212,100000,212,100431,212,99998,212,100498,100,99975,100,100776,100,99974,100,100988,100,99955,100,,,99952,100,,,99946,100,,,99945,100
2019-06-28 09:46:00.000000000,100104,323,100102,234,100121,323,100100,323,100287,100,100000,100,100431,100,99998,100,100498,100,99975,100,100776,100,99974,100,100988,100,99955,100,,,99952,100,,,99946,100,,,99945,100
2019-06-28 09:46:08.329864675,100104,323,100102,234,100121,323,100100,323,100287,100,100000,100,100431,100,99998,100,100493,100,99975,100,100498,100,99974,100,100776,100,99955,100,100988,100,99952,100,,,99946,100,,,99945,100
2019-06-28 09:46:10.000000000,100104,212,100102,123,100121,212,100100,212,100287,212,100000,212,100431,212,99998,212,100493,100,99975,100,100498,100,99974,100,100776,100,99955,100,100988,100,99952,100,,,99946,100,,,99945,100
2019-06-28 09:46:20.000000000,100104,252,100102,163,100121,247,100100,247,100287,247,100000,247,100431,100,99998,100,100493,100,99975,100,100498,100,99974,100,100776,100,99955,100,100988,100,99952,100,,,99946,100,,,99945,100
2019-06-28 09:46:25.447922218,100104,152,100102,163,100121,247,100100,247,100287,247,100000,247,100431,100,99998,100,100493,100,99975,100,100498,100,99974,100,100988,100,99955,100,,,99952,100,,,99946,100,,,99945,100
2019-06-28 09:46:30.000000000,100121,252,100102,163,100287,247,100100,247,100431,247,100000,247,100493,100,99998,100,100498,100,99975,100,100988,100,99974,100,,,99955,100,,,99952,100,,,99946,100,,,99945,100
2019-06-28 09:46:40.000000000,100121,189,100102,100,100287,189,100100,189,100431,189,100000,189,100493,189,99998,189,100498,189,99975,189,100988,100,99974,100,,,99955,100,,,99952,100,,,99946,100,,,99945,100
2019-06-28 09:46:43.429087345,100121,189,100103,100,100287,189,100102,100,100431,189,100100,189,100493,189,100000,189,100498,189,99998,189,100988,100,99975,189,,,99974,100,,,99955,100,,,99952,100,,,99946,100
2019-06-28 09:46:45.295478370,100121,189,100103,100,100287,189,100102,100,100431,189,100100,189,100481,100,100000,189,100493,189,99998,189,100498,189,99975,189,100988,100,99974,100,,,99955,100,,,99952,100,,,99946,100
2019-06-28 09:46:50.000000000,100121,212,100103,212,100287,212,100102,123,100431,212,100100,212,100481,212,100000,212,100493,100,99998,100,100498,100,99975,100,100988,100,99974,100,,,99955,100,,,99952,100,,,99946,100
2019-06-28 09:46:56.229399053,100121,212,100103,212,100287,212,100102,123,100431,212,100100,212,100481,212,100000,212,100493,100,99998,100,100691,100,99975,100,100988,100,99974,100,,,99955,100,,,99952,100,,,99946,100
2019-06-28 09:46:57.347233344,100121,112,100103,212,100287,212,100102,123,100431,212,100100,212,100481,212,100000,212,100493,100,99998,100,100691,100,99975,100,100988,100,99974,100,,,99955,100,,,99952,100,,,99946,100
2019-06-28 09:47:00.000000000,100287,212,100103,212,100431,212,100102,123,100481,212,100100,212,100493,212,100000,212,100691,100,99998,100,100988,100,99975,100,,,99974,100,,,99955,100,,,99952,100,,,99946,100
2019-06-28 09:47:07.448504299,100287,112,100103,212,100431,212,100102,123,100481,212,100100,212,100493,212,100000,212,100691,100,99998,100,100988,100,99975,100,,,99974,100,,,99955,100,,,99952,100,,,99946,100
2019-06-28 09:47:10.000000000,100431,189,100103,189,100481,189,100102,100,100493,189,100100,189,100691,189,100000,189,100988,189,99998,189,,,99975,100,,,99974,100,,,99955,100,,,99952,100,,,99946,100
2019-06-28 09:47:20.000000000,100431,189,100103,189,100481,189,100102,100,100493,189,100100,189,100691,189,100000,189,100988,189,99998,189,,,99975,100,,,99974,100,,,99955,100,,,99952,100,,,99946,100
2019-06-28 09:47:28.451202377,100431,189,100103,189,100481,189,100102,100,100493,189,100100,189,100691,189,100000,189,100988,189,99998,189,100995,100,99975,100,,,99974,100,,,99955,100,,,99952,100,,,99946,100
2019-06-28 09:47:30.000000000,100431,546,100103,546,100481,100,100102,11,100493,100,100100,100,100691,100,100000,100,100988,100,99998,100,100995,100,99975,100,,,99974,100,,,99955,100,,,99952,100,,,99946,100
2019-06-28 09:47:40.000000000,100431,323,100103,323,100481,323,100102,234,100493,100,100100,100,100691,100,100000,100,100988,100,99998,100,100995,100,99975,100,,,99974,100,,,99955,100,,,99952,100,,,99946,100
2019-06-28 09:47:50.000000000,100431,212,100103,212,100481,212,100102,123,100493,212,100100,212,100691,212,100000,212,100988,100,99998,100,100995,100,99975,100,,,99974,100,,,99955,100,,,99952,100,,,99946,100
2019-06-28 09:48:00.000000000,100431,189,100103,189,100481,189,100102,100,100493,189,100100,189,100691,189,100000,189,100988,189,99998,189,100995,100,99975,100,,,99974,100,,,99955,100,,,99952,100,,,99946,100
2019-06-28 09:48:10.000000000,100431,546,100103,546,100481,100,100102,11,100493,100,100100,100,100691,100,100000,100,100988,100,99998,100,100995,100,99975,100,,,99974,100,,,99955,100,,,99952,100,,,99946,100
2019-06-28 09:48:20.000000000,100431,212,100103,212,100481,212,100102,123,100493,212,100100,212,100691,212,100000,212,100988,100,99998,100,100995,100,99975,100,,,99974,100,,,99955,100,,,99952,100,,,99946,100
2019-06-28 09:48:22.534738168,100431,112,100103,212,100481,212,100102,123,100493,212,100100,212,100691,212,100000,212,100988,100,99998,100,100995,100,99975,100,,,99974,100,,,99955,100,,,99952,100,,,99946,100
2019-06-28 09:48:30.000000000,100481,323,100103,323,100493,323,100102,234,100691,100,100100,100,100988,100,100000,100,100995,100,99998,100,,,99975,100,,,99974,100,,,99955,100,,,99952,100,,,99946,100
2019-06-28 09:48:40.000000000,100481,252,100103,252,100493,247,100102,158,100691,247,100100,247,100988,100,100000,100,100995,100,99998,100,,,99975,100,,,99974,100,,,99955,100,,,99952,100,,,99946,100
2019-06-28 09:48:49.869820031,100430,100,100103,252,100481,252,100102,158,100493,247,100100,147,100691,247,100000,100,100988,100,99998,100,100995,100,99975,100,,,99974,100,,,99955,100,,,99952,100,,,99946,100
2019-06-28 09:48:50.000000000,100430,323,100103,323,100481,323,100102,234,100493,100,100000,100,100691,100,99998,100,100988,100,99975,100,100995,100,99974,100,,,99955,100,,,99952,100,,,99946,100,,,99944,100
2019-06-28 09:48:55.308952852,100430,323,100272,100,100481,323,100103,323,100493,100,100102,234,100691,100,100000,100,100988,100,99998,100,100995,100,99975,100,,,99974,100,,,99955,100,,,99952,100,,,99946,100
2019-06-28 09:49:00.000000000,100430,252,100272,252,100481,247,100103,247,100493,247,100102,158,100691,100,100000,100,100988,100,99998,100,100995,100,99975,100,,,99974,100,,,99955,100,,,99952,100,,,99946,100
2019-06-28 09:49:10.000000000,100430,189,100272,189,100481,189,100103,189,100493,189,100102,100,100691,189,100000,189,100988,189,99998,189,100995,100,99975,100,,,99974,100,,,99955,100,,,99952,100,,,99946,100
2019-06-28 09:49:18.261141211,100430,289,100272,189,100481,189,100103,189,100493,189,100102,100,100691,189,100000,189,100988,189,99998,189,100995,100,99975,100,,,99974,100,,,99955,100,,,99952,100,,,99946,100
2019-06-28 09:49:20.000000000,100430,423,100272,323,100481,323,100103,323,100493,100,100102,11,100691,100,100000,100,100988,100,99998,100,100995,100,99975,100,,,99974,100,,,99955,100,,,99952,100,,,99946,100
2019-06-28 09:49:23.681516164,100430,423,100272,323,100481,323,100103,323,100493,100,100102,11,100988,100,100065,100,100995,100,100000,100,,,99998,100,,,99975,100,,,99974,100,,,99955,100,,,99952,100
2019-06-28 09:49:30.000000000,100430,352,100272,252,100481,247,100103,247,100493,247,100102,158,100988,100,100065,100,100995,100,100000,100,,,99998,100,,,99975,100,,,99974,100,,,99955,100,,,99952,100
2019-06-28 09:49:40.000000000,100430,352,100272,252,100481,247,100103,247,100493,247,100102,158,100988,100,100065,100,100995,100,100000,100,,,99998,100,,,99975,100,,,99974,100,,,99955,100,,,99952,100
2019-06-28 09:49:41.861978703,100430,352,100272,152,100481,247,100103,247,100493,247,100102,158,100988,100,100065,100,100995,100,100000,100,,,99998,100,,,99975,100,,,99974,100,,,99955,100,,,99952,100
2019-06-28 09:49:50.000000000,100430,646,100103,546,100481,100,100102,11,100493,100,100065,100,100988,100,100000,100,100995,100,99998,100,,,99975,100,,,99974,100,,,99955,100,,,99952,100,,,99946,100
2019-06-28 09:50:00.000000000,100430,289,100103,189,100481,189,100102,100,100493,189,100065,189,100988,189,100000,189,100995,189,99998,189,,,99975,100,,,99974,100,,,99955,100,,,99952,100,,,99946,100
2019-06-28 09:50:10.000000000,100430,423,100103,323,100481,323,100102,234,100493,100,100065,100,100988,100,100000,100,100995,100,99998,100,,,99975,100,,,99974,100,,,99955,100,,,99952,100,,,99946,100
2019-06-28 09:50:19.350444709,100430,423,100273,100,100481,323,100103,323,100493,100,100102,234,100988,100,100065,100,100995,100,100000,100,,,99998,100,,,99975,100,,,99974,100,,,99955,100,,,99952,100
2019-06-28 09:50:20.000000000,100430,289,100273,189,100481,189,100103,189,100493,189,100102,100,100988,189,100065,189,100995,189,100000,189,,,99998,100,,,99975,100,,,99974,100,,,99955,100,,,99952,100
2019-06-28 09:50:22.925628158,100430,289,100273,189,100454,100,100103,189,100481,189,100102,100,100493,189,100065,189,100988,189,100000,189,100995,189,99998,100,,,99975,100,,,99974,100,,,99955,100,,,99952,100
2019-06-28 09:50:30.000000000,100430,312,100273,212,100454,212,100103,212,100481,212,100102,123,100493,212,100065,212,100988,100,100000,100,100995,100,99998,100,,,99975,100,,,99974,100,,,99955,100,,,99952,100
2019-06-28 09:50:39.549927144,100430,312,100273,112,100454,212,100103,212,100481,212,100102,123,100493,212,100065,212,100988,100,100000,100,100995,100,99998,100,,,99975,100,,,99974,100,,,99955,100,,,99952,100
2019-06-28 09:50:40.000000000,100430,289,100103,189,100454,189,100102,100,100481,189,100065,189,100493,189,100000,189,100988,189,99998,189,100995,100,99975,100,,,99974,100,,,99955,100,,,99952,100,,,99946,100
2019-06-28 09:50:43.992104286,100273,100,100103,189,100430,289,100102,100,100454,189,100065,189,100481,189,100000,189,100493,189,99998,189,100988,189,99975,100,100995,100,99974,100,,,99955,100,,,99952,100,,,99946,100
2019-06-28 09:50:49.401306180,100273,100,100103,189,100430,289,100102,100,100454,189,100098,100,100481,189,100065,189,100493,189,100000,189,100988,189,99998,189,100995,100,99975,100,,,99974,100,,,99955,100,,,99952,100
2019-06-28 09:50:50.000000000,100273,189,100103,189,100430,289,100102,100,100454,189,100098,189,100481,189,100065,189,100493,189,100000,189,100988,100,99998,100,100995,100,99975,100,,,99974,100,,,99955,100,,,99952,100
2019-06-28 09:51:00.000000000,100273,252,100103,252,100430,347,100102,158,100454,247,100098,247,100481,100,100065,100,100493,100,100000,100,100988,100,99998,100,100995,100,99975,100,,,99974,100,,,99955,100,,,99952,100
2019-06-28 09:51:07.162059490,100273,252,100219,100,100430,347,100103,252,100454,247,100102,158,100481,100,100098,247,100493,100,100065,100,100988,100,100000,100,100995,100,99998,100,,,99975,100,,,99955,100,,,99952,100
2019-06-28 09:51:10.000000000,100273,323,100219,323,100430,423,100103,323,100454,100,100102,11,100481,100,100098,100,100493,100,100065,100,100988,100,100000,100,100995,100,99998,100,,,99975,100,,,99955,100,,,99952,100
2019-06-28 09:51:20.000000000,100273,323,100219,323,100430,423,100103,323,100454,100,100102,11,100481,100,100098,100,100493,100,100065,100,100988,100,100000,100,100995,100,99998,100,,,99975,100,,,99955,100,,,99952,100
2019-06-28 09:51:20.180547451,100273,323,100219,223,100430,423,100103,323,100454,100,100102,11,100481,100,100098,100,100493,100,100065,100,100988,100,100000,100,100995,100,99998,100,,,99975,100,,,99955,100,,,99952,100
2019-06-28 09:51:21.594217014,100273,323,100219,223,100328,100,100103,323,100430,423,100102,11,100454,100,100098,100,100481,100,100065,100,100493,100,100000,100,100995,100,99998,100,,,99975,100,,,99955,100,,,99952,100
2019-06-28 09:51:30.000000000,100273,546,100103,546,100328,100,100102,11,100430,200,100098,100,100454,100,100065,100,100481,100,100000,100,100493,100,99998,100,100995,100,99975,100,,,99955,100,,,99952,100,,,99946,100
2019-06-28 09:51:40.000000000,100273,212,100103,212,100328,212,100102,123,100430,312,100098,212,100454,212,100065,212,100481,100,100000,100,100493,100,99998,100,100995,100,99975,100,,,99955,100,,,99952,100,,,99946,100
2019-06-28 09:51:50.000000000,100273,546,100103,546,100328,100,100102,11,100430,200,100098,100,100454,100,100065,100,100481,100,100000,100,100493,100,99998,100,100995,100,99975,100,,,99955,100,,,99952,100,,,99946,100
2019-06-28 09:51:55.504810193,100273,546,100103,546,100328,100,100102,11,100430,200,100098,100,100454,100,100065,100,100481,100,100000,100,100493,100,99998,100,100995,100,99975,100,,,99955,100,,,99952,100,,,99946,100
2019-06-28 09:52:00.000000000,100273,546,100103,546,100328,100,100102,11,100430,200,100098,100,100454,100,100065,100,100481,100,100000,100,100493,100,99998,100,100995,100,99975,100,,,99955,100,,,99952,100,,,99946,100
2019-06-28 09:52:05.691338982,100273,546,100103,446,100328,100,100102,11,100430,200,100098,100,100454,100,100065,100,100481,100,100000,100,100493,100,99998,100,100995,100,99975,100,,,99955,100,,,99952,100,,,99946,100
2019-06-28 09:52:07.323654368,100273,546,100103,446,100328,100,100102,11,100430,200,100098,100,100454,100,100065,100,100481,100,100000,100,100493,100,99998,100,100995,100,99975,100,,,99955,100,,,99952,100,,,99946,100
2019-06-28 09:52:10.000000000,100273,546,100102,457,100328,100,100098,100,100430,200,100065,100,100454,100,100000,100,100481,100,99998,100,100493,100,99975,100,100995,100,99955,100,,,99952,100,,,99946,100,,,99944,100
2019-06-28 09:52:20.000000000,100273,212,100102,123,100328,212,100098,212,100430,312,100065,212,100454,212,100000,212,100481,100,99998,100,100493,100,99975,100,100995,100,99955,100,,,99952,100,,,99946,100,,,99944,100
2019-06-28 09:52:30.000000000,100273,189,100102,100,100328,189,100098,189,100430,289,100065,189,100454,189,100000,189,100481,189,99998,189,100493,100,99975,100,100995,100,99955,100,,,99952,100,,,99946,100,,,99944,100
2019-06-28 09:52:40.000000000,100273,323,100102,234,100328,323,100098,323,100430,200,100065,100,100454,100,100000,100,100481,100,99998,100,100493,100,99975,100,100995,100,99955,100,,,99952,100,,,99946,100,,,99944,100
2019-06-28 09:52:50.000000000,100273,546,100102,457,100328,100,100098,100,100430,200,100065,100,100454,100,100000,100,100481,100,99998,100,100493,100,99975,100,100995,100,99955,100,,,99952,100,,,99946,100,,,99944,100
2019-06-28 09:53:00.000000000,100273,252,100102,163,100328,247,100098,247,100430,347,100065,247,100454,100,100000,100,100481,100,99998,100,100493,100,99975,100,100995,100,99955,100,,,99952,100,,,99946,100,,,99944,100
2019-06-28 09:53:10.000000000,100273,252,100102,163,100328,247,100098,247,100430,347,100065,247,100454,100,100000,100,100481,100,99998,100,100493,100,99975,100,100995,100,99955,100,,,99952,100,,,99946,100,,,99944,100
2019-06-28 09:53:19.590486403,100273,252,100102,63,100328,247,100098,247,100430,347,100065,247,100454,100,100000,100,100481,100,99998,100,100493,100,99975,100,100995,100,99955,100,,,99952,100,,,99946,100,,,99944,100
2019-06-28 09:53:20.000000000,100273,323,100098,323,100328,323,100065,323,100430,200,100000,100,100454,100,99998,100,100481,100,99975,100,100493,100,99955,100,100995,100,99952,100,,,99946,100,,,99944,100,,,99928,100
2019-06-28 09:53:30.000000000,100273,323,100098,323,100328,323,100065,323,100430,200,100000,100,100454,100,99998,100,100481,100,99975,100,100493,100,99955,100,100995,100,99952,100,,,99946,100,,,99944,100,,,99928,100
2019-06-28 09:53:31.814862601,100273,323,100098,223,100328,323,100065,323,100430,200,100000,100,100454,100,99998,100,100481,100,99975,100,100493,100,99955,100,100995,100,99952,100,,,99946,100,,,99944,100,,,99928,100
2019-06-28 09:53:32.256959091,100273,323,100098,223,100328,323,100065,323,100430,200,100000,100,100454,100,99998,100,100481,100,99975,100,100493,100,99955,100,100995,100,99952,100,,,99946,100,,,99944,100,,,99928,100
2019-06-28 09:53:40.000000000,100273,252,100065,252,100328,247,100000,247,100430,347,99998,247,100454,100,99975,100,100481,100,99955,100,100493,100,99952,100,100995,100,99946,100,,,99944,100,,,99928,100,,,99920,100
2019-06-28 09:53:47.797972429,100273,252,100065,252,100328,247,100000,247,100430,347,99998,247,100454,100,99975,100,100481,100,99955,100,100493,100,99952,100,,,99946,100,,,99944,100,,,99928,100,,,99920,100
2019-06-28 09:53:50.000000000,100273,252,100065,252,100328,247,100000,247,100430,347,99998,247,100454,100,99975,100,100481,100,99955,100,100493,100,99952,100,,,99946,100,,,99944,100,,,99928,100,,,99920,100
2019-06-28 09:54:00.000000000,100273,323,100065,323,100328,323,100000,323,100430,200,99998,100,100454,100,99975,100,100481,100,99955,100,100493,100,99952,100,,,99946,100,,,99944,100,,,99928,100,,,99920,100
2019-06-28 09:54:10.000000000,100273,212,100065,212,100328,212,100000,212,100430,312,99998,212,100454,212,99975,212,100481,100,99955,100,100493,100,99952,100,,,99946,100,,,99944,100,,,99928,100,,,99920,100
2019-06-28 09:54:20.000000000,100273,189,100065,189,100328,189,100000,189,100430,289,99998,189,100454,189,99975,189,100481,189,99955,189,100493,100,99952,100,,,99946,100,,,99944,100,,,99928,100,,,99920,100
2019-06-28 09:54:23.041563091,100273,189,100065,89,100328,189,100000,189,100430,289,99998,189,100454,189,99975,189,100481,189,99955,189,100493,100,99952,100,,,99946,100,,,99944,100,,,99928,100,,,99920,100
2019-06-28 09:54:25.744792271,100065,11,100000,189,100273,189,99998,189,100328,189,99975,189,100430,289,99955,189,100454,189,99952,100,100481,189,99946,100,100493,100,99944,100,,,99928,100,,,99919,100,,,99912,100
2019-06-28 09:54:27.110770481,100065,11,100000,189,100273,189,99998,189,100328,189,99975,189,100430,289,99955,189,100454,189,99952,100,100481,189,99946,100,100493,100,99944,100,,,99928,100,,,99919,100,,,99912,100
2019-06-28 09:54:29.955957807,100065,11,100000,189,100273,189,99998,189,100328,189,99975,189,100430,289,99955,189,100454,189,99952,100,100481,189,99946,100,100493,100,99944,100,,,99928,100,,,99919,100,,,99912,100
2019-06-28 09:54:30.000000000,100065,100,100000,189,100273,189,99998,189,100328,189,99975,189,100430,289,99955,189,100454,189,99952,189,100481,100,99946,100,100493,100,99944,100,,,99928,100,,,99919,100,,,99912,100
2019-06-28 09:54:30.626624836,100065,100,100000,189,100098,100,99998,189,100273,189,99975,189,100328,189,99955,189,100430,289,99952,189,100454,189,99946,100,100481,100,99944,100,100493,100,99928,100,,,99919,100,,,99912,100
2019-06-28 09:54:40.000000000,100065,123,100000,212,100098,212,99998,212,100273,212,99975,212,100328,212,99955,212,100430,200,99952,100,100454,100,99946,100,100481,100,99944,100,100493,100,99928,100,,,99919,100,,,99912,100
2019-06-28 09:54:43.016899433,100065,123,100000,212,100098,212,99998,212,100273,212,99975,212,100328,212,99955,212,100430,200,99952,100,100454,100,99946,100,100481,100,99944,100,100493,100,99928,100,,,99919,100,,,99912,100
2019-06-28 09:54:50.000000000,100065,100,100000,189,100098,189,99998,189,100273,189,99975,189,100328,189,99955,189,100430,289,99952,189,100454,100,99946,100,100481,100,99944,100,100493,100,99928,100,,,99919,100,,,99912,100
2019-06-28 09:55:00.000000000,100065,123,100000,212,100098,212,99998,212,100273,212,99975,212,100328,212,99955,212,100430,200,99952,100,100454,100,99946,100,100481,100,99944,100,100493,100,99928,100,,,99919,100,,,99912,100
2019-06-28 09:55:02.712268269,100065,123,100000,212,100098,312,99998,212,100273,212,99975,212,100328,212,99955,212,100430,200,99952,100,100454,100,99946,100,100481,100,99944,100,100493,100,99928,100,,,99919,100,,,99912,100
2019-06-28 09:55:10.000000000,100065,100,100000,189,100098,289,99998,189,100273,189,99975,189,100328,189,99955,189,100430,289,99952,189,100454,100,99946,100,100481,100,99944,100,100493,100,99928,100,,,99919,100,,,99912,100
2019-06-28 09:55:20.000000000,100065,163,100000,252,100098,347,99998,247,100273,247,99975,247,100328,100,99955,100,100430,200,99952,100,100454,100,99946,100,100481,100,99944,100,100493,100,99928,100,,,99919,100,,,99912,100
2019-06-28 09:55:22.027027943,100065,163,100000,152,100098,347,99998,247,100273,247,99975,247,100328,100,99955,100,100430,200,99952,100,100454,100,99946,100,100481,100,99944,100,100493,100,99928,100,,,99919,100,,,99912,100
2019-06-28 09:55:26.564694415,100064,100,100000,152,100065,163,99998,247,100098,347,99975,247,100273,247,99955,100,100328,100,99952,100,100430,200,99946,100,100454,100,99944,100,100481,100,99928,100,100493,100,99919,100,,,99912,100
2019-06-28 09:55:30.000000000,100064,323,99998,323,100065,234,99975,323,100098,200,99955,100,100273,100,99952,100,100328,100,99946,100,100430,200,99944,100,100454,100,99928,100,100481,100,99919,100,100493,100,99912,100,,,99890,100
2019-06-28 09:55:32.089294941,100064,323,99998,323,100065,234,99975,323,100098,200,99955,100,100273,100,99952,100,100328,100,99946,100,100430,200,99944,100,100454,100,99928,100,100481,100,99919,100,100493,100,99912,100,,,99890,100
2019-06-28 09:55:33.569255955,100064,323,99998,223,100065,223,99975,323,100098,200,99955,100,100273,100,99952,100,100328,100,99946,100,100430,200,99944,100,100454,100,99928,100,100481,100,99919,100,100493,100,99912,100,,,99890,100
2019-06-28 09:55:40.000000000,100064,323,99975,323,100098,423,99955,323,100273,100,99952,100,100328,100,99946,100,100430,200,99944,100,100454,100,99928,100,100481,100,99919,100,100493,100,99912,100,,,99890,100,,,99819,100
2019-06-28 09:55:41.442179362,100064,323,99975,323,100098,423,99955,323,100273,100,99952,100,100328,100,99946,100,100430,200,99944,100,100454,100,99928,100,100493,100,99919,100,,,99912,100,,,99890,100,,,99819,100
2019-06-28 09:55:50.000000000,100064,212,99975,212,100098,312,99955,212,100273,212,99952,212,100328,212,99946,212,100430,200,99944,100,100454,100,99928,100,100493,100,99919,100,,,99912,100,,,99890,100,,,99819,100
2019-06-28 09:55:54.848740907,100064,212,99975,212,100098,312,99955,212,100273,212,99952,212,100328,212,99946,212,100430,200,99944,100,100454,100,99928,100,100493,100,99919,100,,,99912,100,,,99890,100,,,99819,100
2019-06-28 09:56:00.000000000,100064,323,99975,323,100098,423,99955,323,100273,100,99952,100,100328,100,99946,100,100430,200,99944,100,100454,100,99928,100,100493,100,99919,100,,,99912,100,,,99890,100,,,99819,100
2019-06-28 09:56:10.000000000,100064,212,99975,212,100098,312,99955,212,100273,212,99952,212,100328,212,99946,212,100430,200,99944,100,100454,100,99928,100,100493,100,99919,100,,,99912,100,,,99890,100,,,99819,100
2019-06-28 09:56:17.187909477,100064,212,99975,212,100098,312,99955,112,100273,212,99952,212,100328,212,99946,212,100430,200,99944,100,100454,100,99928,100,100493,100,99919,100,,,99912,100,,,99890,100,,,99819,100
2019-06-28 09:56:20.000000000,100064,212,99975,212,100098,312,99952,212,100273,212,99946,212,100328,212,99944,212,100430,200,99928,100,100454,100,99919,100,100493,100,99912,100,,,99890,100,,,99819,100,,,99224,100
2019-06-28 09:56:30.000000000,100064,252,99975,252,100098,347,99952,247,100273,247,99946,247,100328,100,99944,100,100430,200,99928,100,100454,100,99919,100,100493,100,99912,100,,,99890,100,,,99819,100,,,99224,100
2019-06-28 09:56:38.208007238,100064,252,99975,152,100098,347,99952,247,100273,247,99946,247,100328,100,99944,100,100430,200,99928,100,100454,100,99919,100,100493,100,99912,100,,,99890,100,,,99819,100,,,99224,100
2019-06-28 09:56:40.000000000,100064,546,99952,546,100098,200,99946,100,100273,100,99944,100,100328,100,99928,100,100430,200,99919,100,100454,100,99912,100,100493,100,99890,100,,,99819,100,,,99224,100,,,99187,100
2019-06-28 09:56:46.979649887,100064,546,99952,546,100098,200,99946,100,100273,100,99944,100,100328,100,99928,100,100430,200,99919,100,100454,100,99912,100,100493,100,99890,100,,,99819,100,,,99224,100,,,99187,100
2019-06-28 09:56:50.000000000,100064,252,99952,252,100098,347,99946,247,100273,247,99944,247,100328,100,99928,100,100430,200,99919,100,100454,100,99912,100,100493,100,99890,100,,,99819,100,,,99224,100,,,99187,100
2019-06-28 09:57:00.000000000,100064,546,99952,546,100098,200,99946,100,100273,100,99944,100,100328,100,99928,100,100430,200,99919,100,100454,100,99912,100,100493,100,99890,100,,,99819,100,,,99224,100,,,99187,100
2019-06-28 09:57:07.303872170,100064,546,99952,446,100098,200,99946,100,100273,100,99944,100,100328,100,99928,100,100430,200,99919,100,100454,100,99912,100,100493,100,99890,100,,,99819,100,,,99224,100,,,99187,100
2019-06-28 09:57:08.312761057,100064,546,99952,346,100098,200,99946,100,100273,100,99944,100,100328,100,99928,100,100430,200,99919,100,100454,100,99912,100,100493,100,99890,100,,,99819,100,,,99224,100,,,99187,100
2019-06-28 09:57:10.000000000,100064,189,99946,189,100098,289,99944,189,100273,189,99928,189,100328,189,99919,189,100430,289,99912,189,100454,100,99890,100,100493,100,99819,100,,,99224,100,,,99187,100,,,98916,100
2019-06-28 09:57:20.000000000,100064,252,99946,252,100098,347,99944,247,100273,247,99928,247,100328,100,99919,100,100430,200,99912,100,100454,100,99890,100,100493,100,99819,100,,,99224,100,,,99187,100,,,98916,100
2019-06-28 09:57:30.000000000,100064,252,99946,252,100098,347,99944,247,100273,247,99928,247,100328,100,99919,100,100430,200,99912,100,100454,100,99890,100,100493,100,99819,100,,,99224,100,,,99187,100,,,98916,100
2019-06-28 09:57:40.000000000,100064,252,99946,252,100098,347,99944,247,100273,247,99928,247,100328,100,99919,100,100430,200,99912,100,100454,100,99890,100,100493,100,99819,100,,,99224,100,,,99187,100,,,98916,100
2019-06-28 09:57:41.565206843,99952,100,99946,252,100064,252,99944,147,100098,347,99928,247,100273,247,99919,100,100328,100,99912,100,100430,200,99890,100,100454,100,99819,100,100493,100,99224,100,,,99187,100,,,98916,100
2019-06-28 09:57:50.000000000,99952,546,99946,546,100064,100,99928,100,100098,200,99919,100,100273,100,99912,100,100328,100,99890,100,100430,200,99819,100,100454,100,99224,100,100493,100,99187,100,,,98916,100,,,98890,100
2019-06-28 09:57:55.689556383,99952,546,99946,446,100064,100,99928,100,100098,200,99919,100,100273,100,99912,100,100328,100,99890,100,100430,200,99819,100,100454,100,99224,100,100493,100,99187,100,,,98916,100,,,98890,100
2019-06-28 09:57:56.421840441,99952,546,99946,446,100064,100,99928,100,100098,100,99919,100,100273,100,99912,100,100328,100,99890,100,100430,200,99819,100,100454,100,99224,100,100493,100,99187,100,,,98916,100,,,98890,100
2019-06-28 09:58:00.000000000,99952,546,99928,546,100064,100,99919,100,100098,100,99912,100,100273,100,99890,100,100328,100,99819,100,100430,200,99224,100,100454,100,99187,100,100493,100,98916,100,,,98890,100,,,98744,100
2019-06-28 09:58:01.531571412,99952,546,99928,446,100064,100,99919,100,100098,100,99912,100,100273,100,99890,100,100328,100,99819,100,100430,200,99224,100,100454,100,99187,100,100493,100,98916,100,,,98890,100,,,98744,100
2019-06-28 09:58:10.000000000,99952,212,99919,212,100064,212,99912,212,100098,212,99890,212,100273,212,99819,212,100328,100,99224,100,100430,200,99187,100,100454,100,98916,100,100493,100,98890,100,,,98744,100,,,98712,100
2019-06-28 09:58:20.000000000,99952,212,99919,212,100064,212,99912,212,100098,212,99890,212,100273,212,99819,212,100328,100,99224,100,100430,200,99187,100,100454,100,98916,100,100493,100,98890,100,,,98744,100,,,98712,100
2019-06-28 09:58:30.000000000,99952,252,99919,252,100064,247,99912,247,100098,247,99890,247,100273,100,99819,100,100328,100,99224,100,100430,200,99187,100,100454,100,98916,100,100493,100,98890,100,,,98744,100,,,98712,100
2019-06-28 09:58:40.000000000,99952,323,99919,323,100064,323,99912,323,100098,100,99890,100,100273,100,99819,100,100328,100,99224,100,100430,200,99187,100,100454,100,98916,100,100493,100,98890,100,,,98744,100,,,98712,100
2019-06-28 09:58:50.000000000,99952,546,99919,546,100064,100,99912,100,100098,100,99890,100,100273,100,99819,100,100328,100,99224,100,100430,200,99187,100,100454,100,98916,100,100493,100,98890,100,,,98744,100,,,98712,100
2019-06-28 09:59:00.000000000,99952,212,99919,212,100064,212,99912,212,100098,212,99890,212,100273,212,99819,212,100328,100,99224,100,100430,200,99187,100,100454,100,98916,100,100493,100,98890,100,,,98744,100,,,98712,100
2019-06-28 09:59:10.000000000,99952,323,99919,323,100064,323,99912,323,100098,100,99890,100,100273,100,99819,100,100328,100,99224,100,100430,200,99187,100,100454,100,98916,100,100493,100,98890,100,,,98744,100,,,98712,100
2019-06-28 09:59:18.341101678,99952,323,99919,323,100064,323,99912,323,100098,100,99890,100,100273,100,99819,100,100328,100,99224,100,100430,200,99187,100,100454,100,99113,100,100493,100,98916,100,,,98744,100,,,98712,100
2019-06-28 09:59:20.000000000,99952,212,99919,212,100064,212,99912,212,100098,212,99890,212,100273,212,99819,212,100328,100,99224,100,100430,200,99187,100,100454,100,99113,100,100493,100,98916,100,,,98744,100,,,98712,100
2019-06-28 09:59:30.000000000,99952,252,99919,252,100064,247,99912,247,100098,247,99890,247,100273,100,99819,100,100328,100,99224,100,100430,200,99187,100,100454,100,99113,100,100493,100,98916,100,,,98744,100,,,98712,100
2019-06-28 09:59:30.137266170,99952,252,99919,152,100064,247,99912,247,100098,247,99890,247,100273,100,99819,100,100328,100,99224,100,100430,200,99187,100,100454,100,99113,100,100493,100,98916,100,,,98744,100,,,98712,100
2019-06-28 09:59:40.000000000,99952,252,99912,252,100064,247,99890,247,100098,247,99819,247,100273,100,99224,100,100328,100,99187,100,100430,200,99113,100,100454,100,98916,100,100493,100,98744,100,,,98712,100,,,98594,100
2019-06-28 09:59:42.012197407,99952,252,99912,252,100064,247,99890,247,100098,247,99819,247,100273,100,99405,100,100328,100,99224,100,100430,200,99187,100,100454,100,99113,100,100493,100,98744,100,,,98712,100,,,98594,100
2019-06-28 09:59:46.833866641,99928,100,99912,252,99952,252,99890,247,100064,247,99819,247,100098,247,99405,100,100273,100,99224,100,100328,100,99187,100,100430,200,99113,100,100454,100,98744,100,100493,100,98712,100,,,98594,100
2019-06-28 09:59:50.000000000,99928,546,99912,546,99952,100,99890,100,100064,100,99819,100,100098,100,99405,100,100273,100,99224,100,100328,100,99187,100,100430,200,99113,100,100454,100,98744,100,100493,100,98712,100,,,98594,100
2019-06-28 10:00:00.000000000,99928,189,99912,189,99952,189,99890,189,100064,189,99819,189,100098,189,99405,189,100273,189,99224,189,100328,100,99187,100,100430,200,99113,100,100454,100,98744,100,100493,100,98712,100,,,98594,100
2019-06-28 10:00:10.000000000,99928,252,99912,252,99952,247,99890,247,100064,247,99819,247,100098,100,99405,100,100273,100,99224,100,100328,100,99187,100,100430,200,99113,100,100454,100,98744,100,100493,100,98712,100,,,98594,100
2019-06-28 10:00:11.702715502,99928,252,99912,252,99952,247,99902,100,100064,247,99890,247,100098,100,99819,247,100273,100,99405,100,100328,100,99224,100,100430,200,99187,100,100454,100,99113,100,100493,100,98744,100,,,98712,100
2019-06-28 10:00:20.000000000,99928,212,99912,212,99952,212,99902,212,100064,212,99890,212,100098,212,99819,212,100273,100,99405,100,100328,100,99224,100,100430,200,99187,100,100454,100,99113,100,100493,100,98744,100,,,98712,100
2019-06-28 10:00:30.000000000,99928,546,99912,546,99952,100,99902,100,100064,100,99890,100,100098,100,99819,100,100273,100,99405,100,100328,100,99224,100,100430,200,99187,100,100454,100,99113,100,100493,100,98744,100,,,98712,100
2019-06-28 10:00:33.392602151,99928,546,99912,546,99952,100,99902,100,99957,100,99890,100,100064,100,99819,100,100098,100,99405,100,100273,100,99224,100,100328,100,99187,100,100430,200,99113,100,100454,100,98744,100,100493,100,98712,100
2019-06-28 10:00:40.000000000,99928,189,99912,189,99952,189,99902,189,99957,189,99890,189,100064,189,99819,189,100098,189,99405,189,100273,100,99224,100,100328,100,99187,100,100430,200,99113,100,100454,100,98744,100,100493,100,98712,100
2019-06-28 10:00:45.717598546,99928,189,99912,189,99952,189,99902,189,99957,189,99890,189,100064,189,99860,100,100098,189,99819,189,100273,100,99405,189,100328,100,99224,100,100430,200,99187,100,100454,100,99113,100,100493,100,98744,100
2019-06-28 10:00:50.000000000,99928,212,99912,212,99952,212,99902,212,99957,212,99890,212,100064,212,99860,212,100098,100,99819,100,100273,100,99405,100,100328,100,99224,100,100430,200,99187,100,100454,100,99113,100,100493,100,98744,100
2019-06-28 10:01:00.000000000,99928,189,99912,189,99952,189,99902,189,99957,189,99890,189,100064,189,99860,189,100098,189,99819,189,100273,100,99405,100,100328,100,99224,100,100430,200,99187,100,100454,100,99113,100,100493,100,98744,100
2019-06-28 10:01:08.458629533,99928,89,99912,189,99952,189,99902,189,99957,189,99890,189,100064,189,99860,189,100098,189,99819,189,100273,100,99405,100,100328,100,99224,100,100430,200,99187,100,100454,100,99113,100,100493,100,98744,100
2019-06-28 10:01:10.000000000,99952,189,99912,189,99957,189,99902,189,100064,189,99890,189,100098,189,99860,189,100273,189,99819,189,100328,100,99405,100,100430,200,99224,100,100454,100,99187,100,100493,100,99113,100,,,98744,100
2019-06-28 10:01:20.000000000,99952,252,99912,252,99957,247,99902,247,100064,247,99890,247,100098,100,99860,100,100273,100,99819,100,100328,100,99405,100,100430,200,99224,100,100454,100,99187,100,100493,100,99113,100,,,98744,100
2019-06-28 10:01:30.000000000,99952,212,99912,212,99957,212,99902,212,100064,212,99890,212,100098,212,99860,212,100273,100,99819,100,100328,100,99405,100,100430,200,99224,100,100454,100,99187,100,100493,100,99113,100,,,98744,100
2019-06-28 10:01:33.610213533,99952,112,99912,212,99957,212,99902,212,100064,212,99890,212,100098,212,99860,212,100273,100,99819,100,100328,100,99405,100,100430,200,99224,100,100454,100,99187,100,100493,100,99113,100,,,98744,100
2019-06-28 10:01:40.000000000,99957,212,99912,212,100064,212,99902,212,100098,212,99890,212,100273,212,99860,212,100328,100,99819,100,100430,200,99405,100,100454,100,99224,100,100493,100,99187,100,,,99113,100,,,98744,100
2019-06-28 10:01:41.372828981,99957,212,99912,212,100064,212,99902,212,100098,212,99890,212,100207,100,99860,212,100273,212,99819,100,100328,100,99405,100,100430,200,99224,100,100454,100,99187,100,100493,100,99113,100,,,98744,100
2019-06-28 10:01:49.630381352,99957,212,99912,212,100064,212,99902,112,100098,212,99890,212,100207,100,99860,212,100273,212,99819,100,100328,100,99405,100,100430,200,99224,100,100454,100,99187,100,100493,100,99113,100,100696,100,98744,100
2019-06-28 10:01:50.000000000,99957,323,99912,323,100064,323,99890,323,100098,100,99860,100,100207,100,99819,100,100273,100,99405,100,100328,100,99224,100,100430,200,99187,100,100454,100,99113,100,100493,100,98744,100,100696,100,98712,100
2019-06-28 10:01:51.924802345,99957,223,99912,323,100064,323,99890,323,100098,100,99860,100,100207,100,99819,100,100273,100,99405,100,100328,100,99224,100,100403,100,99187,100,100430,200,99113,100,100454,100,98744,100,100493,100,98712,100
2019-06-28 10:02:00.000000000,100064,252,99912,252,100098,247,99890,247,100207,247,99860,247,100273,100,99819,100,100328,100,99405,100,100403,100,99224,100,100430,200,99187,100,100454,100,99113,100,100493,100,98744,100,100696,100,98712,100
2019-06-28 10:02:02.895326020,100064,252,99912,252,100098,247,99890,247,100207,247,99860,247,100273,100,99819,100,100328,100,99405,100,100389,100,99224,100,100403,100,99187,100,100430,200,99113,100,100454,100,98744,100,100493,100,98712,100
2019-06-28 10:02:04.348317943,100064,252,99912,252,100098,247,99890,247,100207,247,99860,247,100273,100,99819,100,100328,100,99405,100,100332,100,99224,100,100389,100,99187,100,100430,200,99113,100,100454,100,98744,100,100493,100,98712,100
2019-06-28 10:02:08.551840914,100064,252,99912,252,100098,247,99890,247,100207,247,99860,247,100273,100,99819,100,100328,100,99405,100,100332,100,99224,100,100389,100,99187,100,100430,200,99113,100,100454,100,98744,100,100493,100,98712,100
2019-06-28 10:02:10.000000000,100064,323,99912,323,100098,323,99890,323,100207,100,99860,100,100273,100,99819,100,100328,100,99405,100,100332,100,99224,100,100389,100,99187,100,100430,200,99113,100,100454,100,98744,100,100493,100,98712,100
2019-06-28 10:02:20.000000000,100064,546,99912,546,100098,100,99890,100,100207,100,99860,100,100273,100,99819,100,100328,100,99405,100,100332,100,99224,100,100389,100,99187,100,100430,200,99113,100,100454,100,98744,100,100493,100,98712,100
2019-06-28 10:02:24.729355392,100064,546,99912,546,100098,100,99890,100,100207,100,99860,100,100273,100,99819,100,100328,100,99405,100,100332,100,99187,100,100389,100,99113,100,100430,200,98744,100,100454,100,98712,100,100493,100,98594,100
2019-06-28 10:02:30.000000000,100064,189,99912,189,100098,189,99890,189,100207,189,99860,189,100273,189,99819,189,100328,189,99405,189,100332,100,99187,100,100389,100,99113,100,100430,200,98744,100,100454,100,98712,100,100493,100,98594,100
2019-06-28 10:02:31.545464265,100064,89,99912,189,100098,189,99890,189,100207,189,99860,189,100273,189,99819,189,100328,189,99405,189,100332,100,99187,100,100389,100,99113,100,100430,200,98744,100,100454,100,98712,100,100493,100,98594,100
2019-06-28 10:02:40.000000000,100098,189,99912,189,100207,189,99890,189,100273,189,99860,189,100328,189,99819,189,100332,189,99405,189,100389,100,99187,100,100430,200,99113,100,100454,100,98744,100,100493,100,98712,100,100630,100,98594,100
2019-06-28 10:02:50.000000000,100098,212,99912,212,100207,212,99890,212,100273,212,99860,212,100328,212,99819,212,100332,100,99405,100,100389,100,99187,100,100430,200,99113,100,100454,100,98744,100,100493,100,98712,100,100630,100,98594,100
2019-06-28 10:03:00.000000000,100098,546,99912,546,100207,100,99890,100,100273,100,99860,100,100328,100,99819,100,100332,100,99405,100,100389,100,99187,100,100430,200,99113,100,100454,100,98744,100,100493,100,98712,100,100630,100,98594,100
2019-06-28 10:03:10.000000000,100098,546,99912,546,100207,100,99890,100,100273,100,99860,100,100328,100,99819,100,100332,100,99405,100,100389,100,99187,100,100430,200,99113,100,100454,100,98744,100,100493,100,98712,100,100630,100,98594,100
2019-06-28 10:03:20.000000000,100098,323,99912,323,100207,323,99890,323,100273,100,99860,100,100328,100,99819,100,100332,100,99405,100,100389,100,99187,100,100430,200,99113,100,100454,100,98744,100,100493,100,98712,100,100630,100,98594,100
2019-06-28 10:03:25.122563454,99992,100,99912,323,100098,323,99890,323,100207,323,99860,100,100273,100,99819,100,100328,100,99405,100,100332,100,99187,100,100389,100,99113,100,100430,200,98744,100,100454,100,98712,100,100493,100,98594,100
2019-06-28 10:03:30.000000000,99992,546,99912,546,100098,100,99890,100,100207,100,99860,100,100273,100,99819,100,100328,100,99405,100,100332,100,99187,100,100389,100,99113,100,100430,200,98744,100,100454,100,98712,100,100493,100,98594,100
2019-06-28 10:03:30.318522948,99992,546,99912,546,100098,100,99890,100,100207,100,99860,100,100273,100,99819,100,100328,100,99717,100,100332,100,99405,100,100389,100,99187,100,100430,200,99113,100,100454,100,98744,100,100493,100,98712,100
2019-06-28 10:03:40.000000000,99992,546,99912,546,100098,100,99890,100,100207,100,99860,100,100273,100,99819,100,100328,100,99717,100,100332,100,99405,100,100389,100,99187,100,100430,200,99113,100,100454,100,98744,100,100493,100,98712,100
2019-06-28 10:03:40.157974771,99951,100,99912,546,99992,546,99890,100,100098,100,99860,100,100207,100,99819,100,100273,100,99717,100,100328,100,99405,100,100332,100,99187,100,100389,100,99113,100,100430,100,98744,100,100454,100,98712,100
2019-06-28 10:03:50.000000000,99951,212,99912,212,99992,212,99890,212,100098,212,99860,212,100207,212,99819,212,100273,100,99717,100,100328,100,99405,100,100332,100,99187,100,100389,100,99113,100,100430,100,98744,100,100454,100,98712,100
2019-06-28 10:04:00.000000000,99951,212,99912,212,99992,212,99890,212,100098,212,99860,212,100207,212,99819,212,100273,100,99717,100,100328,100,99405,100,100332,100,99187,100,100389,100,99113,100,100430,100,98744,100,100454,100,98712,100
2019-06-28 10:04:10.000000000,99951,189,99912,189,99992,189,99890,189,100098,189,99860,189,100207,189,99819,189,100273,189,99717,189,100328,100,99405,100,100332,100,99187,100,100389,100,99113,100,100430,100,98744,100,100454,100,98712,100
2019-06-28 10:04:16.461342647,99951,189,99912,189,99992,89,99890,189,100098,189,99860,189,100207,189,99819,189,100273,189,99745,100,100328,100,99717,189,100332,100,99405,100,100389,100,99187,100,100430,100,99113,100,100454,100,98744,100
2019-06-28 10:04:20.000000000,99951,189,99912,189,100098,189,99890,189,100207,189,99860,189,100273,189,99819,189,100328,189,99745,189,100332,100,99717,100,100389,100,99405,100,100430,100,99187,100,100454,100,99113,100,100493,100,98744,100
2019-06-28 10:04:30.000000000,99951,212,99912,212,100098,212,99890,212,100207,212,99860,212,100273,212,99819,212,100328,100,99745,100,100332,100,99717,100,100389,100,99405,100,100430,100,99187,100,100454,100,99113,100,100493,100,98744,100
2019-06-28 10:04:38.713437395,99951,312,99912,212,100098,112,99890,212,100207,212,99860,212,100273,212,99819,212,100328,100,99745,100,100332,100,99717,100,100389,100,99405,100,100430,100,99187,100,100454,100,99113,100,100493,100,98744,100
2019-06-28 10:04:40.000000000,99951,312,99912,212,100207,212,99890,212,100273,212,99860,212,100328,212,99819,212,100332,100,99745,100,100389,100,99717,100,100430,100,99405,100,100454,100,99187,100,100493,100,99113,100,100630,100,98744,100
2019-06-28 10:04:50.000000000,99951,312,99912,212,100207,212,99890,212,100273,212,99860,212,100328,212,99819,212,100332,100,99745,100,100389,100,99717,100,100430,100,99405,100,100454,100,99187,100,100493,100,99113,100,100630,100,98744,100
2019-06-28 10:04:56.964349387,99951,312,99912,112,100207,212,99890,212,100273,212,99860,212,100328,212,99819,212,100332,100,99745,100,100389,100,99717,100,100430,100,99405,100,100454,100,99187,100,100493,100,99113,100,100630,100,98744,100
2019-06-28 10:05:00.000000000,99951,423,99890,323,100207,323,99860,323,100273,100,99819,100,100328,100,99745,100,100332,100,99717,100,100389,100,99405,100,100430,100,99187,100,100454,100,99113,100,100493,100,98744,100,100630,100,98712,100
2019-06-28 10:05:10.000000000,99951,423,99890,323,100207,323,99860,323,100273,100,99819,100,100328,100,99745,100,100332,100,99717,100,100389,100,99405,100,100430,100,99187,100,100454,100,99113,100,100493,100,98744,100,100630,100,98712,100
2019-06-28 10:05:20.000000000,99951,352,99890,252,100207,247,99860,247,100273,247,99819,247,100328,100,99745,100,100332,100,99717,100,100389,100,99405,100,100430,100,99187,100,100454,100,99113,100,100493,100,98744,100,100630,100,98712,100
2019-06-28 10:05:30.000000000,99951,289,99890,189,100207,189,99860,189,100273,189,99819,189,100328,189,99745,189,100332,189,99717,189,100389,100,99405,100,100430,100,99187,100,100454,100,99113,100,100493,100,98744,100,100630,100,98712,100
2019-06-28 10:05:40.000000000,99951,423,99890,323,100207,323,99860,323,100273,100,99819,100,100328,100,99745,100,100332,100,99717,100,100389,100,99405,100,100430,100,99187,100,100454,100,99113,100,100493,100,98744,100,100630,100,98712,100
2019-06-28 10:05:50.000000000,99951,289,99890,189,100207,189,99860,189,100273,189,99819,189,100328,189,99745,189,100332,189,99717,189,100389,100,99405,100,100430,100,99187,100,100454,100,99113,100,100493,100,98744,100,100630,100,98712,100
2019-06-28 10:05:52.647743805,99951,289,99890,89,100207,189,99860,189,100273,189,99819,189,100328,189,99745,189,100332,189,99717,189,100389,100,99405,100,100430,100,99187,100,100454,100,99113,100,100493,100,98744,100,100630,100,98712,100
2019-06-28 10:06:00.000000000,99951,423,99860,323,100207,323,99819,323,100273,100,99745,100,100328,100,99717,100,100332,100,99405,100,100389,100,99187,100,100430,100,99113,100,100454,100,98744,100,100493,100,98712,100,100630,100,98347,100
2019-06-28 10:06:10.000000000,99951,289,99860,189,100207,189,99819,189,100273,189,99745,189,100328,189,99717,189,100332,189,99405,189,100389,100,99187,100,100430,100,99113,100,100454,100,98744,100,100493,100,98712,100,100630,100,98347,100
2019-06-28 10:06:16.829108786,99951,289,99860,189,100207,189,99819,189,100273,189,99745,189,100328,189,99717,189,100332,189,99405,189,100389,100,99187,100,100430,100,99113,100,100454,100,98744,100,100493,100,98712,100,100630,100,98428,100
2019-06-28 10:06:20.000000000,99951,352,99860,252,100207,247,99819,247,100273,247,99745,247,100328,100,99717,100,100332,100,99405,100,100389,100,99187,100,100430,100,99113,100,100454,100,98744,100,100493,100,98712,100,100630,100,98428,100
2019-06-28 10:06:29.750062803,99951,352,99860,152,100207,247,99819,247,100273,247,99745,247,100328,100,99717,100,100332,100,99405,100,100389,100,99187,100,100430,100,99113,100,100454,100,98744,100,100493,100,98712,100,100630,100,98428,100
2019-06-28 10:06:30.000000000,99951,312,99819,212,100207,212,99745,212,100273,212,99717,212,100328,212,99405,212,100332,100,99187,100,100389,100,99113,100,100430,100,98744,100,100454,100,98712,100,100493,100,98428,100,100630,100,98347,100
2019-06-28 10:06:40.000000000,99951,646,99819,546,100207,100,99745,100,100273,100,99717,100,100328,100,99405,100,100332,100,99187,100,100389,100,99113,100,100430,100,98744,100,100454,100,98712,100,100493,100,98428,100,100630,100,98347,100
2019-06-28 10:06:50.000000000,99951,289,99819,189,100207,189,99745,189,100273,189,99717,189,100328,189,99405,189,100332,189,99187,189,100389,100,99113,100,100430,100,98744,100,100454,100,98712,100,100493,100,98428,100,100630,100,98347,100
2019-06-28 10:07:00.000000000,99951,289,99819,189,100207,189,99745,189,100273,189,99717,189,100328,189,99405,189,100332,189,99187,189,100389,100,99113,100,100430,100,98744,100,100454,100,98712,100,100493,100,98428,100,100630,100,98347,100
2019-06-28 10:07:10.000000000,99951,352,99819,252,100207,247,99745,247,100273,247,99717,247,100328,100,99405,100,100332,100,99187,100,100389,100,99113,100,100430,100,98744,100,100454,100,98712,100,100493,100,98428,100,100630,100,98347,100
2019-06-28 10:07:13.608773209,99890,100,99819,252,99951,352,99745,247,100207,247,99717,247,100273,247,99405,100,100328,100,99187,100,100332,100,99113,100,100389,100,98744,100,100430,100,98712,100,100454,100,98428,100,100493,100,98347,100
2019-06-28 10:07:15.465301289,99890,100,99819,252,99951,352,99745,247,100207,247,99717,247,100273,247,99405,100,100328,100,99187,100,100332,100,99113,100,100430,100,99037,100,100454,100,98744,100,100493,100,98712,100,100630,100,98428,100
2019-06-28 10:07:20.000000000,99890,323,99819,323,99951,423,99745,323,100207,100,99717,100,100273,100,99405,100,100328,100,99187,100,100332,100,99113,100,100430,100,99037,100,100454,100,98744,100,100493,100,98712,100,100630,100,98428,100
2019-06-28 10:07:22.153152192,99890,323,99819,323,99951,423,99745,323,100207,100,99717,100,100273,100,99405,100,100328,100,99187,100,100332,100,99113,100,100454,100,99037,100,100493,100,98744,100,100630,100,98712,100,100722,100,98428,100
2019-06-28 10:07:30.000000000,99890,189,99819,189,99951,289,99745,189,100207,189,99717,189,100273,189,99405,189,100328,189,99187,189,100332,100,99113,100,100454,100,99037,100,100493,100,98744,100,100630,100,98712,100,100722,100,98428,100
2019-06-28 10:07:40.000000000,99890,212,99819,212,99951,312,99745,212,100207,212,99717,212,100273,212,99405,212,100328,100,99187,100,100332,100,99113,100,100454,100,99037,100,100493,100,98744,100,100630,100,98712,100,100722,100,98428,100
2019-06-28 10:07:50.000000000,99890,546,99819,546,99951,200,99745,100,100207,100,99717,100,100273,100,99405,100,100328,100,99187,100,100332,100,99113,100,100454,100,99037,100,100493,100,98744,100,100630,100,98712,100,100722,100,98428,100
2019-06-28 10:08:00.000000000,99890,189,99819,189,99951,289,99745,189,100207,189,99717,189,100273,189,99405,189,100328,189,99187,189,100332,100,99113,100,100454,100,99037,100,100493,100,98744,100,100630,100,98712,100,100722,100,98428,100
2019-06-28 10:08:02.072420890,99890,289,99819,189,99951,289,99745,189,100207,189,99717,189,100273,189,99405,189,100328,189,99187,189,100332,100,99113,100,100454,100,99037,100,100493,100,98744,100,100630,100,98712,100,100722,100,98428,100
2019-06-28 10:08:10.000000000,99890,423,99819,323,99951,423,99745,323,100207,100,99717,100,100273,100,99405,100,100328,100,99187,100,100332,100,99113,100,100454,100,99037,100,100493,100,98744,100,100630,100,98712,100,100722,100,98428,100
2019-06-28 10:08:17.350684166,99890,423,99819,223,99951,423,99745,323,100207,100,99717,100,100273,100,99405,100,100328,100,99187,100,100332,100,99113,100,100454,100,99037,100,100493,100,98744,100,100630,100,98712,100,100722,100,98428,100
2019-06-28 10:08:20.000000000,99890,312,99745,212,99951,312,99717,212,100207,212,99405,212,100273,212,99187,212,100328,100,99113,100,100332,100,99037,100,100454,100,98744,100,100493,100,98712,100,100630,100,98428,100,100722,100,98327,100
2019-06-28 10:08:20.204466593,99890,312,99745,212,99951,312,99717,212,100207,212,99405,212,100273,212,99387,100,100328,100,99187,212,100454,100,99113,100,100493,100,99037,100,100630,100,98744,100,100722,100,98712,100,,,98428,100
2019-06-28 10:08:30.000000000,99890,646,99745,546,99951,200,99717,100,100207,100,99405,100,100273,100,99387,100,100328,100,99187,100,100454,100,99113,100,100493,100,99037,100,100630,100,98744,100,100722,100,98712,100,,,98428,100
2019-06-28 10:08:40.000000000,99890,289,99745,189,99951,289,99717,189,100207,189,99405,189,100273,189,99387,189,100328,189,99187,189,100454,100,99113,100,100493,100,99037,100,100630,100,98744,100,100722,100,98712,100,,,98428,100
2019-06-28 10:08:44.559857578,99890,289,99745,189,99951,289,99717,189,100207,189,99405,189,100273,189,99387,189,100328,189,99203,100,100454,100,99187,189,100493,100,99113,100,100630,100,99037,100,100722,100,98744,100,,,98712,100
2019-06-28 10:08:50.000000000,99890,352,99745,252,99951,347,99717,247,100207,247,99405,247,100273,100,99387,100,100328,100,99203,100,100454,100,99187,100,100493,100,99113,100,100630,100,99037,100,100722,100,98744,100,,,98712,100
2019-06-28 10:09:00.000000000,99890,289,99745,189,99951,289,99717,189,100207,189,99405,189,100273,189,99387,189,100328,189,99203,189,100454,100,99187,100,100493,100,99113,100,100630,100,99037,100,100722,100,98744,100,,,98712,100
2019-06-28 10:09:10.000000000,99890,423,99745,323,99951,423,99717,323,100207,100,99405,100,100273,100,99387,100,100328,100,99203,100,100454,100,99187,100,100493,100,99113,100,100630,100,99037,100,100722,100,98744,100,,,98712,100
2019-06-28 10:09:20.000000000,99890,423,99745,323,99951,423,99717,323,100207,100,99405,100,100273,100,99387,100,100328,100,99203,100,100454,100,99187,100,100493,100,99113,100,100630,100,99037,100,100722,100,98744,100,,,98712,100
2019-06-28 10:09:24.742962653,99890,423,99745,223,99951,423,99717,323,100207,100,99405,100,100273,100,99387,100,100328,100,99203,100,100454,100,99187,100,100493,100,99113,100,100630,100,99037,100,100722,100,98744,100,,,98712,100
2019-06-28 10:09:30.000000000,99890,646,99717,546,99951,200,99405,100,100207,100,99387,100,100273,100,99203,100,100328,100,99187,100,100454,100,99113,100,100493,100,99037,100,100630,100,98744,100,100722,100,98712,100,,,98428,100
2019-06-28 10:09:40.000000000,99890,352,99717,252,99951,347,99405,247,100207,247,99387,247,100273,100,99203,100,100328,100,99187,100,100454,100,99113,100,100493,100,99037,100,100630,100,98744,100,100722,100,98712,100,,,98428,100
2019-06-28 10:09:50.000000000,99890,312,99717,212,99951,312,99405,212,100207,212,99387,212,100273,212,99203,212,100328,100,99187,100,100454,100,99113,100,100493,100,99037,100,100630,100,98744,100,100722,100,98712,100,,,98428,100
2019-06-28 10:09:50.606022749,99890,312,99717,112,99951,312,99405,212,100207,212,99387,212,100273,212,99203,212,100328,100,99187,100,100454,100,99113,100,100493,100,99037,100,100630,100,98744,100,100722,100,98712,100,,,98428,100
2019-06-28 10:09:51.967291169,99890,312,99717,12,99951,312,99405,212,100207,212,99387,212,100273,212,99203,212,100328,100,99187,100,100454,100,99113,100,100493,100,99037,100,100630,100,98744,100,100722,100,98712,100,,,98428,100
2019-06-28 10:10:00.000000000,99890,646,99405,546,99951,200,99387,100,100207,100,99203,100,100273,100,99187,100,100328,100,99113,100,100454,100,99037,100,100493,100,98744,100,100630,100,98712,100,100722,100,98428,100,,,98327,100
