,ask_price_1,ask_size_1,bid_price_1,bid_size_1,ask_price_2,ask_size_2,bid_price_2,bid_size_2,ask_price_3,ask_size_3,bid_price_3,bid_size_3,ask_price_4,ask_size_4,bid_price_4,bid_size_4,ask_price_5,ask_size_5,bid_price_5,bid_size_5,ask_price_6,ask_size_6,bid_price_6,bid_size_6,ask_price_7,ask_size_7,bid_price_7,bid_size_7,ask_price_8,ask_size_8,bid_price_8,bid_size_8,ask_price_9,ask_size_9,bid_price_9,bid_size_9,ask_price_10,ask_size_10,bid_price_10,bid_size_10
2019-06-28 09:30:00.000000000,,,99961,100,,,,,,,,,,,,,,,,,,,,,,,,,,,,,,,,,,,,
2019-06-28 09:30:00.000000003,,,99961,100,,,99929,100,,,,,,,,,,,,,,,,,,,,,,,,,,,,,,,,
2019-06-28 09:30:00.000000004,100040,100,99961,100,,,99929,100,,,99849,100,,,,,,,,,,,,,,,,,,,,,,,,,,,,
2019-06-28 09:30:00.000000005,100040,100,99961,100,,,99929,100,,,99876,100,,,99849,100,,,,,,,,,,,,,,,,,,,,,,,,
2019-06-28 09:30:00.000000006,100040,100,99961,100,100058,100,99929,100,,,99876,100,,,99849,100,,,,,,,,,,,,,,,,,,,,,,,,
2019-06-28 09:30:00.000000008,100040,100,99966,100,100058,100,99961,100,,,99929,100,,,99876,100,,,99849,100,,,,,,,,,,,,,,,,,,,,
2019-06-28 09:30:00.000000011,99979,100,99966,100,100040,100,99961,100,100058,100,99929,100,100124,100,99876,100,,,99849,100,,,,,,,,,,,,,,,,,,,,
2019-06-28 09:30:00.000000012,99979,100,99966,100,100040,100,99962,100,100058,100,99961,100,100124,100,99929,100,,,99876,100,,,99849,100,,,,,,,,,,,,,,,,
2019-06-28 09:30:00.000000016,99979,100,99962,100,100040,100,99961,100,100058,100,99929,100,100124,100,99876,100,,,99849,100,,,,,,,,,,,,,,,,,,,,
2019-06-28 09:30:00.000000018,99979,100,99962,100,100040,100,99961,100,100058,100,99929,100,100124,100,99876,100,100133,100,99849,100,,,,,,,,,,,,,,,,,,,,
2019-06-28 09:30:00.000000020,99979,100,99962,100,100040,100,99961,100,100058,100,99929,100,100124,100,99876,100,100133,100,99868,100,,,99849,100,,,,,,,,,,,,,,,,
2019-06-28 09:30:00.000000024,99979,100,99962,100,100040,100,99961,100,100058,100,99944,100,100124,100,99929,100,100133,100,99876,100,,,99868,100,,,99849,100,,,,,,,,,,,,
2019-06-28 09:30:00.000000025,99979,100,99962,100,100040,100,99961,100,100058,100,99953,100,100124,100,99944,100,100133,100,99935,100,,,99929,100,,,99906,100,,,99876,100,,,99868,100,,,99849,100
2019-06-28 09:30:00.000000026,99979,100,99962,100,100040,100,99961,100,100058,100,99953,100,100124,100,99944,100,100133,100,99935,100,,,99932,100,,,99929,100,,,99906,100,,,99876,100,,,99868,100
2019-06-28 09:30:00.000000027,99979,100,99962,100,100040,100,99961,100,100058,100,99953,100,100103,100,99944,100,100124,100,99935,100,100133,100,99932,100,,,99929,100,,,99906,100,,,99876,100,,,99868,100
2019-06-28 09:30:00.000000028,99979,100,99962,100,99993,100,99961,100,100040,100,99953,100,100058,100,99944,100,100103,100,99935,100,100124,100,99932,100,100133,100,99929,100,,,99906,100,,,99876,100,,,99868,100
2019-06-28 09:30:00.000000030,99979,100,99962,100,99993,100,99961,100,100040,100,99953,100,100058,100,99944,100,100103,100,99935,100,100124,100,99932,100,100133,100,99929,100,,,99906,100,,,99887,100,,,99876,100
2019-06-28 09:30:00.000000032,99993,100,99962,100,100040,100,99961,100,100058,100,99953,100,100103,100,99944,100,100124,100,99935,100,100133,100,99932,100,,,99929,100,,,99906,100,,,99887,100,,,99876,100
2019-06-28 09:30:00.000000040,99993,100,99962,100,100040,100,99961,100,100058,100,99953,100,100065,100,99944,100,100103,100,99935,100,100124,100,99932,100,100133,100,99929,100,,,99906,100,,,99887,100,,,99876,100
2019-06-28 09:30:00.000000044,99993,100,99978,100,100040,100,99962,100,100058,100,99961,100,100065,100,99953,100,100103,100,99944,100,100124,100,99935,100,100133,100,99932,100,,,99929,100,,,99906,100,,,99887,100
2019-06-28 09:30:00.000000047,99993,100,99978,100,100040,100,99962,100,100058,100,99961,100,100065,100,99953,100,100097,100,99944,100,100103,100,99935,100,100124,100,99932,100,100133,100,99929,100,,,99906,100,,,99887,100
2019-06-28 09:30:00.000000049,99979,100,99978,100,99993,100,99962,100,100040,100,99961,100,100058,100,99953,100,100065,100,99944,100,100097,100,99935,100,100103,100,99932,100,100124,100,99929,100,100133,100,99906,100,,,99887,100
2019-06-28 09:30:00.000000050,99979,100,99978,100,99993,100,99962,100,100040,100,99961,100,100058,100,99953,100,100065,100,99944,100,100097,100,99935,100,100103,100,99932,100,100124,100,99929,100,100133,100,99906,100,100139,100,99887,100
2019-06-28 09:30:00.000000051,99979,100,99978,100,99984,100,99962,100,99993,100,99961,100,100040,100,99953,100,100054,100,99946,100,100058,100,99944,100,100065,100,99935,100,100097,100,99932,100,100103,100,99929,100,100124,100,99906,100
2019-06-28 09:30:00.000000052,99979,100,99978,100,99984,100,99966,100,99993,100,99962,100,100040,100,99961,100,100054,100,99953,100,100058,100,99946,100,100065,100,99944,100,100097,100,99935,100,100103,100,99932,100,100124,100,99929,100
2019-06-28 09:30:00.000000053,99979,100,99978,100,99984,100,99966,100,99993,100,99962,100,100040,100,99961,100,100054,100,99953,100,100058,100,99946,100,100065,100,99944,100,100097,100,99935,100,100103,100,99932,100,100124,100,99929,100
2019-06-28 09:30:00.000000055,99979,100,99978,200,99984,100,99966,100,99993,100,99962,100,100040,100,99961,100,100054,100,99953,100,100058,100,99946,100,100065,100,99944,100,100097,100,99935,100,100103,100,99932,100,100124,100,99929,100
2019-06-28 09:30:00.000000058,99984,100,99978,200,99993,100,99966,100,100040,100,99962,100,100054,100,99961,100,100058,100,99953,100,100065,100,99946,100,100097,100,99944,100,100103,100,99935,100,100124,100,99932,100,100131,100,99929,100
2019-06-28 09:30:00.000000060,99984,100,99979,100,99993,100,99978,200,100040,100,99966,100,100054,100,99962,100,100058,100,99961,100,100065,100,99953,100,100097,100,99946,100,100103,100,99944,100,100124,100,99935,100,100131,100,99932,100
2019-06-28 09:30:00.000000062,99993,100,99979,100,100040,100,99978,200,100054,100,99966,100,100058,100,99962,100,100065,100,99961,100,100097,100,99953,100,100103,100,99946,100,100124,100,99944,100,100131,100,99935,100,100133,100,99932,100
2019-06-28 09:30:00.000000066,99993,100,99979,100,100040,100,99978,200,100054,100,99968,100,100058,100,99966,100,100065,100,99962,100,100097,100,99961,100,100103,100,99953,100,100124,100,99946,100,100131,100,99944,100,100133,100,99935,100
2019-06-28 09:30:00.000000067,99993,100,99979,100,100040,100,99978,200,100054,100,99968,100,100058,100,99966,100,100065,100,99962,100,100097,100,99961,100,100103,100,99953,100,100124,100,99946,100,100131,100,99944,100,100133,100,99935,100
2019-06-28 09:30:00.000000069,99993,100,99987,100,100040,100,99979,100,100054,100,99978,200,100058,100,99968,100,100065,100,99966,100,100097,100,99962,100,100103,100,99961,100,100124,100,99953,100,100131,100,99946,100,100133,100,99944,100
2019-06-28 09:30:00.000000070,99993,100,99987,100,100040,100,99979,100,100054,100,99978,200,100058,100,99968,100,100065,100,99966,100,100097,100,99962,100,100103,100,99961,100,100124,100,99953,100,100131,100,99946,100,100133,100,99944,100
2019-06-28 09:30:00.000000072,99993,100,99979,100,100040,100,99978,200,100054,100,99968,100,100058,100,99966,100,100065,100,99962,100,100077,100,99961,100,100097,100,99953,100,100103,100,99946,100,100124,100,99944,100,100131,100,99935,100
2019-06-28 09:30:00.000000073,99987,100,99978,200,99993,100,99968,100,100040,100,99966,100,100054,100,99962,100,100058,100,99961,100,100065,100,99953,100,100077,100,99946,100,100097,100,99944,100,100103,100,99935,100,100124,100,99932,100
2019-06-28 09:30:00.000000075,99993,100,99978,200,100040,100,99968,100,100054,100,99966,100,100058,100,99962,100,100065,100,99961,100,100077,100,99953,100,100097,100,99946,100,100103,100,99944,100,100124,100,99935,100,100131,100,99932,100
2019-06-28 09:30:00.000000076,99993,100,99978,200,100040,100,99968,100,100054,100,99966,100,100058,100,99962,100,100065,100,99961,100,100077,100,99953,100,100097,100,99946,100,100103,100,99944,100,100124,100,99935,100,100131,100,99932,100
2019-06-28 09:30:00.000000077,99993,100,99978,200,100040,100,99968,100,100054,100,99966,100,100058,100,99962,100,100065,100,99961,100,100077,100,99953,100,100097,100,99946,100,100103,100,99944,100,100124,100,99935,100,100131,100,99932,100
2019-06-28 09:30:00.000000082,99993,100,99978,200,100040,100,99968,100,100054,100,99966,100,100058,100,99962,100,100065,100,99961,100,100077,100,99953,100,100097,100,99946,100,100103,100,99944,100,100124,100,99938,100,100131,100,99935,100
2019-06-28 09:30:00.000000083,99993,100,99978,200,100040,100,99968,100,100054,100,99966,100,100058,100,99962,100,100065,100,99961,100,100077,100,99953,100,100088,100,99946,100,100097,100,99944,100,100103,100,99938,100,100124,100,99935,100
2019-06-28 09:30:00.000000085,99993,100,99979,100,100040,100,99978,200,100054,100,99968,100,100058,100,99966,100,100065,100,99962,100,100077,100,99961,100,100088,100,99953,100,100097,100,99946,100,100103,100,99944,100,100124,100,99938,100
2019-06-28 09:30:00.000000089,99993,100,99979,100,100015,100,99978,200,100040,100,99968,100,100054,100,99966,100,100058,100,99962,100,100065,100,99961,100,100077,100,99953,100,100088,100,99946,100,100097,100,99944,100,100103,100,99938,100
2019-06-28 09:30:00.000000091,99993,100,99979,100,100015,100,99978,200,100040,100,99968,100,100054,100,99966,100,100058,100,99962,100,100065,100,99961,100,100077,100,99953,100,100088,100,99946,100,100097,100,99944,100,100103,100,99938,100
2019-06-28 09:30:00.000000092,99993,100,99979,100,100015,100,99978,200,100040,100,99968,100,100054,100,99966,100,100058,100,99962,100,100065,100,99961,100,100077,100,99953,100,100088,100,99946,100,100097,100,99944,100,100103,100,99938,100
2019-06-28 09:30:00.000000095,99993,100,99979,100,100015,100,99978,200,100040,100,99968,100,100054,100,99966,100,100058,100,99962,100,100065,100,99961,100,100077,100,99953,100,100088,100,99946,100,100097,100,99944,100,100103,100,99938,100
2019-06-28 09:30:00.000000096,100015,100,99979,100,100040,100,99978,200,100054,100,99968,100,100058,100,99966,100,100065,100,99962,100,100077,100,99961,100,100086,100,99953,100,100088,100,99946,100,100097,100,99944,100,100103,100,99938,100
2019-06-28 09:30:00.000000097,100040,100,99979,100,100054,100,99978,200,100058,100,99968,100,100065,100,99966,100,100077,100,99962,100,100086,100,99961,100,100088,100,99953,100,100097,100,99946,100,100103,100,99944,100,100124,100,99938,100
2019-06-28 09:30:10.000000000,100040,576,99979,576,100054,100,99978,200,100058,100,99968,100,100065,100,99966,100,100077,100,99962,100,100086,100,99961,100,100088,100,99953,100,100097,100,99946,100,100103,100,99944,100,100124,100,99938,100
2019-06-28 09:30:19.693520387,100040,576,99979,576,100054,100,99978,200,100058,100,99968,100,100065,100,99966,100,100077,100,99962,100,100086,100,99961,100,100088,100,99953,100,100097,100,99946,100,100103,100,99944,100,100124,100,99938,100
2019-06-28 09:30:20.000000000,100040,576,99979,576,100054,100,99978,200,100058,100,99968,100,100065,100,99966,100,100077,100,99962,100,100086,100,99961,100,100088,100,99953,100,100097,100,99946,100,100103,100,99944,100,100124,100,99938,100
2019-06-28 09:30:29.040829741,100015,100,99979,576,100040,576,99978,200,100054,100,99968,100,100058,100,99966,100,100065,100,99962,100,100077,100,99961,100,100086,100,99953,100,100088,100,99946,100,100097,100,99944,100,100103,100,99938,100
2019-06-28 09:30:30.000000000,100015,262,99979,262,100040,257,99978,357,100054,257,99968,257,100058,100,99966,100,100065,100,99962,100,100077,100,99961,100,100086,100,99953,100,100088,100,99946,100,100097,100,99944,100,100103,100,99938,100
2019-06-28 09:30:38.737022175,100015,262,99979,262,100040,257,99978,357,100054,257,99968,257,100058,100,99966,100,100065,100,99962,100,100077,100,99961,100,100086,100,99953,100,100088,100,99946,100,100097,100,99944,100,100103,100,99938,100
2019-06-28 09:30:40.000000000,100015,262,99979,262,100040,257,99978,357,100054,257,99968,257,100058,100,99966,100,100065,100,99962,100,100077,100,99961,100,100086,100,99953,100,100088,100,99946,100,100097,100,99944,100,100103,100,99938,100
2019-06-28 09:30:50.000000000,100015,338,99979,338,100040,338,99978,438,100054,100,99968,100,100058,100,99966,100,100065,100,99962,100,100077,100,99961,100,100086,100,99953,100,100088,100,99946,100,100097,100,99944,100,100103,100,99938,100
2019-06-28 09:30:51.053349959,100015,338,99979,238,100040,338,99978,438,100054,100,99968,100,100058,100,99966,100,100065,100,99962,100,100077,100,99961,100,100086,100,99953,100,100088,100,99946,100,100097,100,99944,100,100103,100,99938,100
2019-06-28 09:31:00.000000000,100015,195,99978,295,100040,195,99968,195,100054,195,99966,195,100058,195,99962,195,100065,195,99961,195,100077,100,99953,100,100086,100,99946,100,100088,100,99944,100,100097,100,99938,100,100103,100,99935,100
2019-06-28 09:31:10.000000000,100015,219,99978,319,100040,219,99968,219,100054,219,99966,219,100058,219,99962,219,100065,100,99961,100,100077,100,99953,100,100086,100,99946,100,100088,100,99944,100,100097,100,99938,100,100103,100,99935,100
2019-06-28 09:31:10.735523263,100015,219,99978,319,100040,219,99968,219,100054,219,99966,219,100058,219,99962,219,100065,100,99961,100,100077,100,99953,100,100086,100,99946,100,100088,100,99944,100,100097,100,99938,100,100103,100,99935,100
2019-06-28 09:31:15.212579375,100015,219,99978,319,100040,219,99968,219,100054,219,99966,219,100058,219,99962,219,100065,100,99961,100,100077,100,99953,100,100086,100,99946,100,100088,100,99944,100,100097,100,99938,100,100103,100,99935,100
2019-06-28 09:31:15.660008418,100015,219,99978,319,100040,219,99968,219,100054,219,99966,219,100058,219,99962,219,100065,100,99961,100,100077,100,99953,100,100086,100,99946,100,100088,100,99944,100,100097,100,99938,100,100103,100,99935,100
2019-06-28 09:31:16.244182560,100015,219,99978,319,100040,219,99968,219,100054,219,99966,219,100058,219,99962,219,100065,100,99961,100,100077,100,99953,100,100086,100,99946,100,100088,100,99944,100,100097,100,99938,100,100103,100,99935,100
2019-06-28 09:31:18.213974349,100015,219,99978,319,100040,219,99968,219,100054,219,99966,219,100058,219,99962,219,100065,100,99961,100,100077,100,99953,100,100086,100,99946,100,100097,100,99944,100,100103,100,99938,100,100124,100,99935,100
2019-06-28 09:31:20.000000000,100015,338,99978,438,100040,338,99968,338,100054,100,99966,100,100058,100,99962,100,100065,100,99961,100,100077,100,99953,100,100086,100,99946,100,100097,100,99944,100,100103,100,99938,100,100124,100,99935,100
2019-06-28 09:31:30.000000000,100015,262,99978,362,100040,257,99968,257,100054,257,99966,257,100058,100,99962,100,100065,100,99961,100,100077,100,99953,100,100086,100,99946,100,100097,100,99944,100,100103,100,99938,100,100124,100,99935,100
2019-06-28 09:31:30.946232063,100015,262,99978,362,100040,257,99968,257,100054,257,99966,257,100058,100,99962,100,100065,100,99961,100,100077,100,99953,100,100086,100,99946,100,100103,100,99944,100,100124,100,99938,100,100131,100,99935,100
2019-06-28 09:31:40.000000000,100015,338,99978,438,100040,338,99968,338,100054,100,99966,100,100058,100,99962,100,100065,100,99961,100,100077,100,99953,100,100086,100,99946,100,100103,100,99944,100,100124,100,99938,100,100131,100,99935,100
2019-06-28 09:31:50.000000000,100015,338,99978,438,100040,338,99968,338,100054,100,99966,100,100058,100,99962,100,100065,100,99961,100,100077,100,99953,100,100086,100,99946,100,100103,100,99944,100,100124,100,99938,100,100131,100,99935,100
2019-06-28 09:31:57.893445339,100015,338,99978,438,100040,238,99968,338,100054,100,99966,100,100058,100,99962,100,100065,100,99961,100,100077,100,99953,100,100086,100,99946,100,100103,100,99944,100,100124,100,99938,100,100131,100,99935,100
2019-06-28 09:32:00.000000000,100015,338,99978,438,100054,338,99968,338,100058,100,99966,100,100065,100,99962,100,100077,100,99961,100,100086,100,99953,100,100103,100,99946,100,100124,100,99944,100,100131,100,99938,100,100133,100,99935,100
2019-06-28 09:32:08.239505689,100015,338,99978,338,100054,338,99968,338,100058,100,99966,100,100065,100,99962,100,100077,100,99961,100,100086,100,99953,100,100103,100,99946,100,100124,100,99944,100,100131,100,99938,100,100133,100,99935,100
2019-06-28 09:32:10.000000000,100015,338,99978,338,100054,338,99968,338,100058,100,99966,100,100065,100,99962,100,100077,100,99961,100,100086,100,99953,100,100103,100,99946,100,100124,100,99944,100,100131,100,99938,100,100133,100,99935,100
2019-06-28 09:32:20.000000000,100015,262,99978,262,100054,257,99968,257,100058,257,99966,257,100065,100,99962,100,100077,100,99961,100,100086,100,99953,100,100103,100,99946,100,100124,100,99944,100,100131,100,99938,100,100133,100,99935,100
2019-06-28 09:32:22.834335182,99979,100,99978,262,100015,262,99968,257,100054,257,99966,257,100058,257,99962,100,100065,100,99961,100,100077,100,99953,100,100086,100,99946,100,100103,100,99944,100,100124,100,99938,100,100131,100,99935,100
2019-06-28 09:32:25.830109734,99979,100,99978,162,100015,262,99968,257,100054,257,99966,257,100058,257,99962,100,100065,100,99961,100,100077,100,99953,100,100086,100,99946,100,100103,100,99944,100,100124,100,99938,100,100131,100,99935,100
2019-06-28 09:32:25.913476249,99979,100,99978,162,100015,262,99968,257,100054,257,99966,257,100058,257,99962,100,100065,100,99961,100,100077,100,99953,100,100086,100,99946,100,100103,100,99944,100,100124,100,99938,100,100131,100,99930,100
2019-06-28 09:32:30.000000000,99979,195,99968,195,100015,195,99966,195,100054,195,99962,195,100058,195,99961,195,100065,195,99953,195,100077,100,99946,100,100086,100,99944,100,100103,100,99938,100,100124,100,99930,100,100131,100,99929,100
2019-06-28 09:32:40.000000000,99979,338,99968,338,100015,338,99966,338,100054,100,99962,100,100058,100,99961,100,100065,100,99953,100,100077,100,99946,100,100086,100,99944,100,100103,100,99938,100,100124,100,99930,100,100131,100,99929,100
2019-06-28 09:32:44.993650522,99979,338,99968,338,100015,338,99966,338,100054,100,99962,100,100058,100,99961,100,100065,100,99953,100,100077,100,99946,100,100086,100,99944,100,100103,100,99938,100,100124,100,99930,100,100131,100,99929,100
2019-06-28 09:32:50.000000000,99979,195,99968,195,100015,195,99966,195,100054,195,99962,195,100058,195,99961,195,100065,195,99953,195,100077,100,99946,100,100086,100,99944,100,100103,100,99938,100,100124,100,99930,100,100131,100,99929,100
2019-06-28 09:33:00.000000000,99979,195,99968,195,100015,195,99966,195,100054,195,99962,195,100058,195,99961,195,100065,195,99953,195,100077,100,99946,100,100086,100,99944,100,100103,100,99938,100,100124,100,99930,100,100131,100,99929,100
2019-06-28 09:33:10.000000000,99979,195,99968,195,100015,195,99966,195,100054,195,99962,195,100058,195,99961,195,100065,195,99953,195,100077,100,99946,100,100086,100,99944,100,100103,100,99938,100,100124,100,99930,100,100131,100,99929,100
2019-06-28 09:33:11.746513300,99978,100,99968,195,99979,195,99966,195,100015,195,99962,195,100054,195,99961,195,100058,195,99953,195,100065,195,99946,100,100077,100,99944,100,100086,100,99938,100,100103,100,99930,100,100124,100,99929,100
2019-06-28 09:33:20.000000000,99978,219,99968,219,99979,219,99966,219,100015,219,99962,219,100054,219,99961,219,100058,100,99953,100,100065,100,99946,100,100077,100,99944,100,100086,100,99938,100,100103,100,99930,100,100124,100,99929,100
2019-06-28 09:33:21.727539006,99978,219,99968,219,99979,219,99966,219,100015,219,99962,219,100054,219,99961,219,100058,100,99953,100,100065,100,99946,100,100077,100,99944,100,100086,100,99938,100,100103,100,99930,100,100124,100,99929,100
2019-06-28 09:33:30.000000000,99978,262,99968,262,99979,257,99966,257,100015,257,99962,257,100054,100,99961,100,100058,100,99953,100,100065,100,99946,100,100077,100,99944,100,100086,100,99938,100,100103,100,99930,100,100124,100,99929,100
2019-06-28 09:33:40.000000000,99978,338,99968,338,99979,338,99966,338,100015,100,99962,100,100054,100,99961,100,100058,100,99953,100,100065,100,99946,100,100077,100,99944,100,100086,100,99938,100,100103,100,99930,100,100124,100,99929,100
2019-06-28 09:33:50.000000000,99978,576,99968,576,99979,100,99966,100,100015,100,99962,100,100054,100,99961,100,100058,100,99953,100,100065,100,99946,100,100077,100,99944,100,100086,100,99938,100,100103,100,99930,100,100124,100,99929,100
2019-06-28 09:34:00.000000000,99978,219,99968,219,99979,219,99966,219,100015,219,99962,219,100054,219,99961,219,100058,100,99953,100,100065,100,99946,100,100077,100,99944,100,100086,100,99938,100,100103,100,99930,100,100124,100,99929,100
2019-06-28 09:34:10.000000000,99978,576,99968,576,99979,100,99966,100,100015,100,99962,100,100054,100,99961,100,100058,100,99953,100,100065,100,99946,100,100077,100,99944,100,100086,100,99938,100,100103,100,99930,100,100124,100,99929,100
2019-06-28 09:34:20.000000000,99978,262,99968,262,99979,257,99966,257,100015,257,99962,257,100054,100,99961,100,100058,100,99953,100,100065,100,99946,100,100077,100,99944,100,100086,100,99938,100,100103,100,99930,100,100124,100,99929,100
2019-06-28 09:34:30.000000000,99978,219,99968,219,99979,219,99966,219,100015,219,99962,219,100054,219,99961,219,100058,100,99953,100,100065,100,99946,100,100077,100,99944,100,100086,100,99938,100,100103,100,99930,100,100124,100,99929,100
2019-06-28 09:34:40.000000000,99978,195,99968,195,99979,195,99966,195,100015,195,99962,195,100054,195,99961,195,100058,195,99953,195,100065,100,99946,100,100077,100,99944,100,100086,100,99938,100,100103,100,99930,100,100124,100,99929,100
2019-06-28 09:34:45.691414795,99978,195,99968,195,99979,195,99966,195,100015,195,99962,195,100054,195,99961,195,100058,195,99953,195,100065,100,99946,100,100077,100,99944,100,100086,100,99938,100,100103,100,99930,100,100124,100,99929,100
2019-06-28 09:34:50.000000000,99978,262,99968,262,99979,257,99966,257,100015,257,99962,257,100054,100,99961,100,100058,100,99953,100,100065,100,99946,100,100077,100,99944,100,100086,100,99938,100,100103,100,99930,100,100124,100,99929,100
2019-06-28 09:34:55.888172017,99978,162,99968,262,99979,257,99966,257,100015,257,99962,257,100054,100,99961,100,100058,100,99953,100,100065,100,99946,100,100077,100,99944,100,100086,100,99938,100,100103,100,99930,100,100124,100,99929,100
2019-06-28 09:35:00.000000000,99979,219,99968,219,100015,219,99966,219,100054,219,99962,219,100058,219,99961,219,100065,100,99953,100,100077,100,99946,100,100086,100,99944,100,100103,100,99938,100,100124,100,99930,100,100131,100,99929,100
2019-06-28 09:35:01.873652002,99979,219,99968,219,100015,219,99966,219,100054,219,99962,219,100058,219,99961,219,100065,100,99953,100,100077,100,99946,100,100086,100,99944,100,100103,100,99938,100,100124,100,99930,100,100131,100,99929,100
2019-06-28 09:35:03.950322755,99979,219,99968,219,100015,119,99966,219,100054,219,99962,219,100058,219,99961,219,100065,100,99953,100,100077,100,99946,100,100086,100,99944,100,100103,100,99938,100,100124,100,99930,100,100131,100,99929,100
2019-06-28 09:35:10.000000000,99979,195,99968,195,100054,195,99966,195,100058,195,99962,195,100065,195,99961,195,100077,195,99953,195,100086,100,99946,100,100103,100,99944,100,100124,100,99938,100,100131,100,99930,100,100139,300,99929,100
2019-06-28 09:35:20.000000000,99979,576,99968,576,100054,100,99966,100,100058,100,99962,100,100065,100,99961,100,100077,100,99953,100,100086,100,99946,100,100103,100,99944,100,100124,100,99938,100,100131,100,99930,100,100139,300,99929,100
2019-06-28 09:35:30.000000000,99979,195,99968,195,100054,195,99966,195,100058,195,99962,195,100065,195,99961,195,100077,195,99953,195,100086,100,99946,100,100103,100,99944,100,100124,100,99938,100,100131,100,99930,100,100139,300,99929,100
2019-06-28 09:35:30.384649126,99979,195,99968,195,100054,195,99966,195,100058,195,99962,195,100065,195,99961,195,100077,195,99953,195,100086,100,99946,100,100103,100,99944,100,100124,100,99938,100,100131,100,99930,100,100139,300,99929,100
2019-06-28 09:35:40.000000000,99979,262,99968,262,100054,257,99966,257,100058,257,99962,257,100065,100,99961,100,100077,100,99953,100,100086,100,99946,100,100103,100,99944,100,100124,100,99938,100,100131,100,99930,100,100139,300,99929,100
2019-06-28 09:35:50.000000000,99979,338,99968,338,100054,338,99966,338,100058,100,99962,100,100065,100,99961,100,100077,100,99953,100,100086,100,99946,100,100103,100,99944,100,100124,100,99938,100,100131,100,99930,100,100139,300,99929,100
2019-06-28 09:36:00.000000000,99979,576,99968,576,100054,100,99966,100,100058,100,99962,100,100065,100,99961,100,100077,100,99953,100,100086,100,99946,100,100103,100,99944,100,100124,100,99938,100,100131,100,99930,100,100139,300,99929,100
2019-06-28 09:36:10.000000000,99979,338,99968,338,100054,338,99966,338,100058,100,99962,100,100065,100,99961,100,100077,100,99953,100,100086,100,99946,100,100103,100,99944,100,100124,100,99938,100,100131,100,99930,100,100139,300,99929,100
2019-06-28 09:36:20.000000000,99979,576,99968,576,100054,100,99966,100,100058,100,99962,100,100065,100,99961,100,100077,100,99953,100,100086,100,99946,100,100103,100,99944,100,100124,100,99938,100,100131,100,99930,100,100139,300,99929,100
2019-06-28 09:36:23.376027779,99979,576,99968,576,100054,100,99966,100,100058,100,99962,100,100065,100,99961,100,100077,100,99953,100,100086,100,99946,100,100103,100,99944,100,100124,100,99941,100,100131,100,99938,100,100139,300,99930,100
2019-06-28 09:36:30.000000000,99979,219,99968,219,100054,219,99966,219,100058,219,99962,219,100065,219,99961,219,100077,100,99953,100,100086,100,99946,100,100103,100,99944,100,100124,100,99941,100,100131,100,99938,100,100139,300,99930,100
2019-06-28 09:36:40.000000000,99979,219,99968,219,100054,219,99966,219,100058,219,99962,219,100065,219,99961,219,100077,100,99953,100,100086,100,99946,100,100103,100,99944,100,100124,100,99941,100,100131,100,99938,100,100139,300,99930,100
2019-06-28 09:36:40.582623553,99977,100,99968,219,99979,219,99966,219,100054,219,99962,219,100058,219,99961,219,100065,219,99953,100,100077,100,99946,100,100086,100,99944,100,100103,100,99941,100,100124,100,99938,100,100131,100,99930,100
2019-06-28 09:36:50.000000000,99977,576,99968,576,99979,100,99966,100,100054,100,99962,100,100058,100,99961,100,100065,100,99953,100,100077,100,99946,100,100086,100,99944,100,100103,100,99941,100,100124,100,99938,100,100131,100,99930,100
2019-06-28 09:36:58.429927108,99977,676,99968,576,99979,100,99962,100,100054,100,99961,100,100058,100,99953,100,100065,100,99946,100,100077,100,99944,100,100086,100,99941,100,100103,100,99938,100,100124,100,99930,100,100131,100,99929,100
2019-06-28 09:37:00.000000000,99977,295,99968,195,99979,195,99962,195,100054,195,99961,195,100058,195,99953,195,100065,195,99946,195,100077,100,99944,100,100086,100,99941,100,100103,100,99938,100,100124,100,99930,100,100131,100,99929,100
2019-06-28 09:37:10.000000000,99977,362,99968,262,99979,257,99962,257,100054,257,99961,257,100058,100,99953,100,100065,100,99946,100,100077,100,99944,100,100086,100,99941,100,100103,100,99938,100,100124,100,99930,100,100131,100,99929,100
2019-06-28 09:37:14.284955503,99977,462,99968,262,99979,257,99962,257,100054,257,99961,257,100058,100,99953,100,100065,100,99946,100,100077,100,99944,100,100086,100,99941,100,100103,100,99938,100,100124,100,99930,100,100131,100,99929,100
2019-06-28 09:37:20.000000000,99977,419,99968,219,99979,219,99962,219,100054,219,99961,219,100058,219,99953,219,100065,100,99946,100,100077,100,99944,100,100086,100,99941,100,100103,100,99938,100,100124,100,99930,100,100131,100,99929,100
2019-06-28 09:37:30.000000000,99977,395,99968,195,99979,195,99962,195,100054,195,99961,195,100058,195,99953,195,100065,195,99946,195,100077,100,99944,100,100086,100,99941,100,100103,100,99938,100,100124,100,99930,100,100131,100,99929,100
2019-06-28 09:37:40.000000000,99977,419,99968,219,99979,219,99962,219,100054,219,99961,219,100058,219,99953,219,100065,100,99946,100,100077,100,99944,100,100086,100,99941,100,100103,100,99938,100,100124,100,99930,100,100131,100,99929,100
2019-06-28 09:37:45.823390541,99977,519,99968,219,99979,219,99962,219,100054,219,99961,219,100058,219,99953,219,100065,100,99946,100,100077,100,99944,100,100086,100,99941,100,100103,100,99938,100,100124,100,99930,100,100131,100,99929,100
2019-06-28 09:37:50.000000000,99977,519,99968,219,99979,219,99962,219,100054,219,99961,219,100058,219,99953,219,100065,100,99946,100,100077,100,99944,100,100086,100,99941,100,100103,100,99938,100,100124,100,99930,100,100131,100,99929,100
2019-06-28 09:38:00.000000000,99977,876,99968,576,99979,100,99962,100,100054,100,99961,100,100058,100,99953,100,100065,100,99946,100,100077,100,99944,100,100086,100,99941,100,100103,100,99938,100,100124,100,99930,100,100131,100,99929,100
2019-06-28 09:38:10.000000000,99977,638,99968,338,99979,338,99962,338,100054,100,99961,100,100058,100,99953,100,100065,100,99946,100,100077,100,99944,100,100086,100,99941,100,100103,100,99938,100,100124,100,99930,100,100131,100,99929,100
2019-06-28 09:38:20.000000000,99977,562,99968,262,99979,257,99962,257,100054,257,99961,257,100058,100,99953,100,100065,100,99946,100,100077,100,99944,100,100086,100,99941,100,100103,100,99938,100,100124,100,99930,100,100131,100,99929,100
2019-06-28 09:38:30.000000000,99977,562,99968,262,99979,257,99962,257,100054,257,99961,257,100058,100,99953,100,100065,100,99946,100,100077,100,99944,100,100086,100,99941,100,100103,100,99938,100,100124,100,99930,100,100131,100,99929,100
2019-06-28 09:38:40.000000000,99977,495,99968,195,99979,195,99962,195,100054,195,99961,195,100058,195,99953,195,100065,195,99946,195,100077,100,99944,100,100086,100,99941,100,100103,100,99938,100,100124,100,99930,100,100131,100,99929,100
2019-06-28 09:38:50.000000000,99977,876,99968,576,99979,100,99962,100,100054,100,99961,100,100058,100,99953,100,100065,100,99946,100,100077,100,99944,100,100086,100,99941,100,100103,100,99938,100,100124,100,99930,100,100131,100,99929,100
2019-06-28 09:39:00.000000000,99977,519,99968,219,99979,219,99962,219,100054,219,99961,219,100058,219,99953,219,100065,100,99946,100,100077,100,99944,100,100086,100,99941,100,100103,100,99938,100,100124,100,99930,100,100131,100,99929,100
2019-06-28 09:39:10.000000000,99977,638,99968,338,99979,338,99962,338,100054,100,99961,100,100058,100,99953,100,100065,100,99946,100,100077,100,99944,100,100086,100,99941,100,100103,100,99938,100,100124,100,99930,100,100131,100,99929,100
2019-06-28 09:39:14.706465833,99977,638,99968,238,99979,338,99962,338,100054,100,99961,100,100058,100,99953,100,100065,100,99946,100,100077,100,99944,100,100086,100,99941,100,100103,100,99938,100,100124,100,99930,100,100131,100,99929,100
2019-06-28 09:39:20.000000000,99977,562,99962,262,99979,257,99961,257,100054,257,99953,257,100058,100,99946,100,100065,100,99944,100,100077,100,99941,100,100086,100,99938,100,100103,100,99930,100,100124,100,99929,100,100131,100,99928,100
2019-06-28 09:39:27.452432664,99977,562,99962,262,99979,257,99961,257,100054,257,99953,257,100058,100,99946,100,100077,100,99944,100,100086,100,99941,100,100103,100,99938,100,100124,100,99930,100,100131,100,99929,100,100139,300,99928,100
2019-06-28 09:39:30.000000000,99977,876,99962,576,99979,100,99961,100,100054,100,99953,100,100058,100,99946,100,100077,100,99944,100,100086,100,99941,100,100103,100,99938,100,100124,100,99930,100,100131,100,99929,100,100139,300,99928,100
2019-06-28 09:39:30.134213205,99977,876,99962,576,99979,100,99961,100,100054,100,99953,100,100058,100,99946,100,100077,100,99944,100,100086,100,99941,100,100124,100,99938,100,100131,100,99930,100,100139,300,99929,100,100170,100,99928,100
2019-06-28 09:39:40.000000000,99977,638,99962,338,99979,338,99961,338,100054,100,99953,100,100058,100,99946,100,100077,100,99944,100,100086,100,99941,100,100124,100,99938,100,100131,100,99930,100,100139,300,99929,100,100170,100,99928,100
2019-06-28 09:39:42.212561041,99976,100,99962,338,99977,638,99961,338,99979,338,99953,100,100054,100,99946,100,100058,100,99944,100,100077,100,99941,100,100086,100,99938,100,100124,100,99930,100,100131,100,99929,100,100139,300,99928,100
2019-06-28 09:39:50.000000000,99976,262,99962,262,99977,557,99961,257,99979,257,99953,257,100054,100,99946,100,100058,100,99944,100,100077,100,99941,100,100086,100,99938,100,100124,100,99930,100,100131,100,99929,100,100139,300,99928,100
2019-06-28 09:39:50.770961981,99976,262,99962,162,99977,557,99961,257,99979,257,99953,257,100054,100,99946,100,100058,100,99944,100,100077,100,99941,100,100086,100,99938,100,100124,100,99930,100,100131,100,99929,100,100139,200,99928,100
2019-06-28 09:39:54.795741285,99976,262,99962,62,99977,557,99961,257,99979,257,99953,257,100054,100,99946,100,100058,100,99944,100,100077,100,99941,100,100086,100,99938,100,100124,100,99930,100,100131,100,99929,100,100139,200,99928,100
2019-06-28 09:40:00.000000000,99976,338,99961,338,99977,638,99953,338,99979,100,99946,100,100054,100,99944,100,100058,100,99941,100,100077,100,99938,100,100086,100,99930,100,100124,100,99929,100,100131,100,99928,100,100139,200,99919,100
2019-06-28 09:40:03.899804942,99976,338,99961,338,99977,638,99953,338,99979,100,99946,100,100054,100,99944,100,100058,100,99941,100,100077,100,99938,100,100086,100,99930,100,100124,100,99929,100,100131,100,99928,100,100139,200,99919,100
2019-06-28 09:40:10.000000000,99976,195,99961,195,99977,495,99953,195,99979,195,99946,195,100054,195,99944,195,100058,195,99941,195,100077,100,99938,100,100086,100,99930,100,100124,100,99929,100,100131,100,99928,100,100139,200,99919,100
2019-06-28 09:40:14.607156879,99976,195,99961,195,99977,495,99953,195,99979,195,99946,195,100054,95,99944,195,100058,195,99941,195,100077,100,99938,100,100086,100,99930,100,100124,100,99929,100,100131,100,99928,100,100139,200,99919,100
2019-06-28 09:40:20.000000000,99976,195,99961,195,99977,495,99953,195,99979,195,99946,195,100058,195,99944,195,100077,195,99941,195,100086,100,99938,100,100124,100,99930,100,100131,100,99929,100,100139,200,99928,100,100170,100,99919,100
2019-06-28 09:40:30.000000000,99976,262,99961,262,99977,557,99953,257,99979,257,99946,257,100058,100,99944,100,100077,100,99941,100,100086,100,99938,100,100124,100,99930,100,100131,100,99929,100,100139,200,99928,100,100170,100,99919,100
2019-06-28 09:40:40.000000000,99976,576,99961,576,99977,400,99953,100,99979,100,99946,100,100058,100,99944,100,100077,100,99941,100,100086,100,99938,100,100124,100,99930,100,100131,100,99929,100,100139,200,99928,100,100170,100,99919,100
2019-06-28 09:40:42.308525658,99976,576,99961,476,99977,400,99953,100,99979,100,99946,100,100058,100,99944,100,100077,100,99941,100,100086,100,99938,100,100124,100,99930,100,100131,100,99929,100,100139,200,99919,100,100170,100,99917,100
2019-06-28 09:40:50.000000000,99976,219,99953,219,99977,519,99946,219,99979,219,99944,219,100058,219,99941,219,100077,100,99938,100,100086,100,99930,100,100124,100,99929,100,100131,100,99919,100,100139,200,99917,100,100170,100,99906,100
2019-06-28 09:41:00.000000000,99976,262,99953,262,99977,557,99946,257,99979,257,99944,257,100058,100,99941,100,100077,100,99938,100,100086,100,99930,100,100124,100,99929,100,100131,100,99919,100,100139,200,99917,100,100170,100,99906,100
2019-06-28 09:41:02.385101481,99962,100,99953,262,99976,262,99946,257,99977,557,99944,257,99979,257,99941,100,100058,100,99938,100,100077,100,99930,100,100086,100,99929,100,100124,100,99919,100,100131,100,99917,100,100139,200,99887,100
2019-06-28 09:41:10.000000000,99962,576,99953,576,99976,100,99946,100,99977,400,99944,100,99979,100,99941,100,100058,100,99938,100,100077,100,99930,100,100086,100,99929,100,100124,100,99919,100,100131,100,99917,100,100139,200,99887,100
2019-06-28 09:41:20.000000000,99962,195,99953,195,99976,195,99946,195,99977,495,99944,195,99979,195,99941,195,100058,195,99938,195,100077,100,99930,100,100086,100,99929,100,100124,100,99919,100,100131,100,99917,100,100139,200,99887,100
2019-06-28 09:41:30.000000000,99962,195,99953,195,99976,195,99946,195,99977,495,99944,195,99979,195,99941,195,100058,195,99938,195,100077,100,99930,100,100086,100,99929,100,100124,100,99919,100,100131,100,99917,100,100139,200,99887,100
2019-06-28 09:41:32.181223427,99962,195,99953,195,99976,195,99946,195,99977,495,99944,195,99979,195,99941,195,100058,195,99938,195,100077,100,99930,100,100086,100,99929,100,100124,100,99919,100,100131,100,99917,100,100139,200,99887,100
2019-06-28 09:41:40.000000000,99962,576,99953,576,99976,100,99946,100,99977,400,99944,100,99979,100,99941,100,100058,100,99938,100,100077,100,99930,100,100086,100,99929,100,100124,100,99919,100,100131,100,99917,100,100139,200,99887,100
2019-06-28 09:41:50.000000000,99962,219,99953,219,99976,219,99946,219,99977,519,99944,219,99979,219,99941,219,100058,100,99938,100,100077,100,99930,100,100086,100,99929,100,100124,100,99919,100,100131,100,99917,100,100139,200,99887,100
2019-06-28 09:41:53.092791195,99962,219,99953,119,99976,219,99946,219,99977,519,99944,219,99979,219,99941,219,100058,100,99938,100,100077,100,99930,100,100086,100,99929,100,100124,100,99919,100,100131,100,99917,100,100139,200,99887,100
2019-06-28 09:42:00.000000000,99962,195,99946,195,99976,195,99944,195,99977,495,99941,195,99979,195,99938,195,100058,195,99930,195,100077,100,99929,100,100086,100,99919,100,100124,100,99917,100,100131,100,99887,100,100139,200,99868,100
2019-06-28 09:42:00.705137340,99962,195,99946,95,99976,195,99944,195,99977,495,99941,195,99979,195,99938,195,100058,195,99930,95,100077,100,99929,100,100086,100,99919,100,100124,100,99917,100,100131,100,99887,100,100139,200,99868,100
2019-06-28 09:42:10.000000000,99962,576,99944,576,99976,100,99941,100,99977,400,99938,100,99979,100,99929,100,100058,100,99919,100,100077,100,99917,100,100086,100,99887,100,100124,100,99868,100,100131,100,99862,100,100139,200,99849,100
2019-06-28 09:42:17.190004643,99962,576,99944,476,99976,100,99941,100,99977,400,99938,100,99979,100,99929,100,100058,100,99919,100,100077,100,99917,100,100086,100,99887,100,100124,100,99868,100,100131,100,99862,100,100139,200,99849,100
2019-06-28 09:42:20.000000000,99962,195,99941,195,99976,195,99938,195,99977,495,99929,195,99979,195,99919,195,100058,195,99917,195,100077,100,99887,100,100086,100,99868,100,100124,100,99862,100,100131,100,99849,100,100139,200,99844,100
2019-06-28 09:42:30.000000000,99962,195,99941,195,99976,195,99938,195,99977,495,99929,195,99979,195,99919,195,100058,195,99917,195,100077,100,99887,100,100086,100,99868,100,100124,100,99862,100,100131,100,99849,100,100139,200,99844,100
2019-06-28 09:42:36.741559578,99945,100,99941,195,99962,195,99938,195,99976,195,99929,195,99977,495,99919,195,99979,195,99917,195,100058,195,99887,100,100077,100,99868,100,100086,100,99862,100,100124,100,99849,100,100131,100,99844,100
2019-06-28 09:42:40.000000000,99945,576,99941,576,99962,100,99938,100,99976,100,99929,100,99977,400,99919,100,99979,100,99917,100,100058,100,99887,100,100077,100,99868,100,100086,100,99862,100,100124,100,99849,100,100131,100,99844,100
2019-06-28 09:42:50.000000000,99945,338,99941,338,99962,338,99938,338,99976,100,99929,100,99977,400,99919,100,99979,100,99917,100,100058,100,99887,100,100077,100,99868,100,100086,100,99862,100,100124,100,99849,100,100131,100,99844,100
2019-06-28 09:43:00.000000000,99945,576,99941,576,99962,100,99938,100,99976,100,99929,100,99977,400,99919,100,99979,100,99917,100,100058,100,99887,100,100077,100,99868,100,100086,100,99862,100,100124,100,99849,100,100131,100,99844,100
2019-06-28 09:43:10.000000000,99945,262,99941,262,99962,257,99938,257,99976,257,99929,257,99977,400,99919,100,99979,100,99917,100,100058,100,99887,100,100077,100,99868,100,100086,100,99862,100,100124,100,99849,100,100131,100,99844,100
2019-06-28 09:43:20.000000000,99945,576,99941,576,99962,100,99938,100,99976,100,99929,100,99977,400,99919,100,99979,100,99917,100,100058,100,99887,100,100077,100,99868,100,100086,100,99862,100,100124,100,99849,100,100131,100,99844,100
2019-06-28 09:43:30.000000000,99945,576,99941,576,99962,100,99938,100,99976,100,99929,100,99977,400,99919,100,99979,100,99917,100,100058,100,99887,100,100077,100,99868,100,100086,100,99862,100,100124,100,99849,100,100131,100,99844,100
2019-06-28 09:43:33.521939419,99945,476,99941,576,99962,100,99938,100,99976,100,99929,100,99977,400,99919,100,99979,100,99917,100,100058,100,99887,100,100077,100,99868,100,100086,100,99862,100,100124,100,99849,100,100131,100,99844,100
2019-06-28 09:43:40.000000000,99962,576,99941,576,99976,100,99938,100,99977,400,99929,100,99979,100,99919,100,100058,100,99917,100,100077,100,99887,100,100086,100,99868,100,100124,100,99862,100,100131,100,99849,100,100139,200,99844,100
2019-06-28 09:43:46.815417727,99962,476,99941,576,99976,100,99938,100,99977,400,99929,100,99979,100,99919,100,100058,100,99917,100,100077,100,99887,100,100086,100,99868,100,100124,100,99862,100,100131,100,99849,100,100139,100,99844,100
2019-06-28 09:43:50.000000000,99976,576,99941,576,99977,400,99938,100,99979,100,99929,100,100058,100,99919,100,100077,100,99917,100,100086,100,99887,100,100124,100,99868,100,100131,100,99862,100,100139,100,99849,100,100366,100,99844,100
2019-06-28 09:43:58.809111040,99976,576,99941,576,99977,400,99938,100,99979,100,99929,100,100058,100,99919,100,100077,100,99917,100,100086,100,99887,100,100124,100,99868,100,100131,100,99862,100,100139,100,99849,100,100366,100,99844,100
2019-06-28 09:44:00.000000000,99976,195,99941,195,99977,495,99938,195,99979,195,99929,195,100058,195,99919,195,100077,195,99917,195,100086,100,99887,100,100124,100,99868,100,100131,100,99862,100,100139,100,99849,100,100366,100,99844,100
2019-06-28 09:44:03.861969295,99976,95,99941,195,99977,495,99938,195,99979,195,99929,195,100058,195,99919,195,100077,195,99917,195,100086,100,99887,100,100124,100,99868,100,100131,100,99862,100,100139,100,99844,100,100366,100,99700,100
2019-06-28 09:44:10.000000000,99977,519,99941,219,99979,219,99938,219,100058,219,99929,219,100077,219,99919,219,100086,100,99917,100,100124,100,99887,100,100131,100,99868,100,100139,100,99862,100,100366,100,99844,100,100643,100,99700,100
2019-06-28 09:44:15.179308175,99977,419,99941,219,99979,219,99938,219,100058,219,99929,219,100077,219,99919,219,100086,100,99917,100,100124,100,99887,100,100131,100,99868,100,100139,100,99862,100,100643,100,99844,100,,,99700,100
2019-06-28 09:44:20.000000000,99977,462,99941,262,99979,257,99938,257,100058,257,99929,257,100077,100,99919,100,100086,100,99917,100,100124,100,99887,100,100131,100,99868,100,100139,100,99862,100,100643,100,99844,100,,,99700,100
2019-06-28 09:44:30.000000000,99977,395,99941,195,99979,195,99938,195,100058,195,99929,195,100077,195,99919,195,100086,195,99917,195,100124,100,99887,100,100131,100,99868,100,100139,100,99862,100,100643,100,99844,100,,,99700,100
2019-06-28 09:44:37.801493223,99977,295,99941,195,99979,195,99938,195,100058,195,99929,195,100077,95,99919,195,100086,195,99917,195,100124,100,99887,100,100131,100,99868,100,100139,100,99862,100,100643,100,99844,100,,,99700,100
2019-06-28 09:44:40.000000000,99977,295,99941,195,99979,195,99938,195,100058,195,99929,195,100086,195,99919,195,100124,195,99917,195,100131,100,99887,100,100139,100,99868,100,100643,100,99862,100,,,99844,100,,,99700,100
2019-06-28 09:44:50.000000000,99977,319,99941,219,99979,219,99938,219,100058,219,99929,219,100086,219,99919,219,100124,100,99917,100,100131,100,99887,100,100139,100,99868,100,100643,100,99862,100,,,99844,100,,,99700,100
2019-06-28 09:45:00.000000000,99977,676,99941,576,99979,100,99938,100,100058,100,99929,100,100086,100,99919,100,100124,100,99917,100,100131,100,99887,100,100139,100,99868,100,100643,100,99862,100,,,99844,100,,,99700,100
2019-06-28 09:45:02.185701627,99977,676,99941,576,99979,100,99938,100,100058,100,99929,100,100086,100,99919,100,100124,100,99917,100,100131,100,99887,100,100139,100,99868,100,100643,100,99862,100,100881,100,99844,100,,,99700,100
2019-06-28 09:45:07.881981861,99977,576,99941,576,99979,100,99938,100,100058,100,99929,100,100086,100,99919,100,100124,100,99917,100,100131,100,99887,100,100139,100,99868,100,100643,100,99862,100,100881,100,99844,100,,,99700,100
2019-06-28 09:45:10.000000000,99977,219,99941,219,99979,219,99938,219,100058,219,99929,219,100086,219,99919,219,100124,100,99917,100,100131,100,99887,100,100139,100,99868,100,100643,100,99862,100,100881,100,99844,100,,,99700,100
2019-06-28 09:45:10.274527368,99977,219,99941,219,99979,219,99938,219,100058,219,99929,219,100086,219,99919,219,100124,100,99917,100,100131,100,99887,100,100139,100,99868,100,100643,100,99862,100,100794,100,99844,100,100881,100,99700,100
2019-06-28 09:45:13.044578285,99977,219,99941,219,99979,219,99938,219,100058,219,99929,219,100086,219,99919,219,100124,100,99917,100,100131,100,99887,100,100139,100,99862,100,100643,100,99844,100,100794,100,99700,100,100881,100,99581,100
2019-06-28 09:45:20.000000000,99977,219,99941,219,99979,219,99938,219,100058,219,99929,219,100086,219,99919,219,100124,100,99917,100,100131,100,99887,100,100139,100,99862,100,100643,100,99844,100,100794,100,99700,100,100881,100,99581,100
2019-06-28 09:45:30.000000000,99977,219,99941,219,99979,219,99938,219,100058,219,99929,219,100086,219,99919,219,100124,100,99917,100,100131,100,99887,100,100139,100,99862,100,100643,100,99844,100,100794,100,99700,100,100881,100,99581,100
2019-06-28 09:45:40.000000000,99977,338,99941,338,99979,338,99938,338,100058,100,99929,100,100086,100,99919,100,100124,100,99917,100,100131,100,99887,100,100139,100,99862,100,100643,100,99844,100,100794,100,99700,100,100881,100,99581,100
2019-06-28 09:45:50.000000000,99977,576,99941,576,99979,100,99938,100,100058,100,99929,100,100086,100,99919,100,100124,100,99917,100,100131,100,99887,100,100139,100,99862,100,100643,100,99844,100,100794,100,99700,100,100881,100,99581,100
2019-06-28 09:46:00.000000000,99977,195,99941,195,99979,195,99938,195,100058,195,99929,195,100086,195,99919,195,100124,195,99917,195,100131,100,99887,100,100139,100,99862,100,100643,100,99844,100,100794,100,99700,100,100881,100,99581,100
2019-06-28 09:46:02.680453557,99977,195,99941,195,99979,195,99938,195,100058,195,99929,195,100086,195,99919,195,100124,195,99917,195,100131,100,99887,100,100139,100,99862,100,100643,100,99844,100,100794,100,99700,100,100816,100,99581,100
2019-06-28 09:46:10.000000000,99977,576,99941,576,99979,100,99938,100,100058,100,99929,100,100086,100,99919,100,100124,100,99917,100,100131,100,99887,100,100139,100,99862,100,100643,100,99844,100,100794,100,99700,100,100816,100,99581,100
2019-06-28 09:46:20.000000000,99977,338,99941,338,99979,338,99938,338,100058,100,99929,100,100086,100,99919,100,100124,100,99917,100,100131,100,99887,100,100139,100,99862,100,100643,100,99844,100,100794,100,99700,100,100816,100,99581,100
2019-06-28 09:46:21.516289173,99977,238,99941,238,99979,338,99938,338,100058,100,99929,100,100086,100,99919,100,100124,100,99917,100,100131,100,99887,100,100139,100,99862,100,100643,100,99844,100,100794,100,99700,100,100816,100,99581,100
2019-06-28 09:46:23.853694443,99977,238,99941,238,99979,338,99938,338,100058,100,99929,100,100086,100,99919,100,100124,100,99917,100,100131,100,99887,100,100139,100,99862,100,100395,100,99844,100,100643,100,99700,100,100794,100,99581,100
2019-06-28 09:46:30.000000000,99979,338,99938,338,100058,338,99929,338,100086,100,99919,100,100124,100,99917,100,100131,100,99887,100,100139,100,99862,100,100395,100,99844,100,100643,100,99700,100,100794,100,99581,100,100816,100,99461,100
2019-06-28 09:46:40.000000000,99979,219,99938,219,100058,219,99929,219,100086,219,99919,219,100124,219,99917,219,100131,100,99887,100,100139,100,99862,100,100395,100,99844,100,100643,100,99700,100,100794,100,99581,100,100816,100,99461,100
2019-06-28 09:46:41.203860440,99979,219,99977,100,100058,219,99938,219,100086,219,99929,219,100124,219,99919,219,100131,100,99917,219,100139,100,99887,100,100395,100,99862,100,100643,100,99844,100,100794,100,99700,100,100816,100,99581,100
2019-06-28 09:46:43.903429002,99979,219,99977,100,100058,219,99938,219,100086,219,99929,219,100124,219,99919,219,100139,100,99917,219,100395,100,99887,100,100517,100,99862,100,100643,100,99844,100,100794,100,99700,100,100816,100,99581,100
2019-06-28 09:46:50.000000000,99979,195,99977,195,100058,195,99938,195,100086,195,99929,195,100124,195,99919,195,100139,195,99917,195,100395,100,99887,100,100517,100,99862,100,100643,100,99844,100,100794,100,99700,100,100816,100,99581,100
2019-06-28 09:47:00.000000000,99979,195,99977,195,100058,195,99938,195,100086,195,99929,195,100124,195,99919,195,100139,195,99917,195,100395,100,99887,100,100517,100,99862,100,100643,100,99844,100,100794,100,99700,100,100816,100,99581,100
2019-06-28 09:47:10.000000000,99979,262,99977,262,100058,257,99938,257,100086,257,99929,257,100124,100,99919,100,100139,100,99917,100,100395,100,99887,100,100517,100,99862,100,100643,100,99844,100,100794,100,99700,100,100816,100,99581,100
2019-06-28 09:47:17.501872765,99979,262,99977,262,100058,257,99938,257,100086,257,99929,257,100124,100,99917,100,100139,100,99887,100,100395,100,99862,100,100517,100,99844,100,100643,100,99700,100,100794,100,99581,100,100816,100,99461,100
2019-06-28 09:47:20.000000000,99979,262,99977,262,100058,257,99938,257,100086,257,99929,257,100124,100,99917,100,100139,100,99887,100,100395,100,99862,100,100517,100,99844,100,100643,100,99700,100,100794,100,99581,100,100816,100,99461,100
2019-06-28 09:47:23.060259498,99979,262,99977,162,100058,257,99938,257,100086,257,99929,257,100124,100,99917,100,100139,100,99887,100,100395,100,99862,100,100517,100,99844,100,100643,100,99581,100,100794,100,99461,100,100816,100,99358,100
2019-06-28 09:47:30.000000000,99979,219,99938,219,100058,219,99929,219,100086,219,99917,219,100124,219,99887,219,100139,100,99862,100,100395,100,99844,100,100517,100,99581,100,100643,100,99461,100,100794,100,99358,100,100816,100,99351,100
2019-06-28 09:47:32.594137499,99979,219,99938,119,100058,219,99929,219,100086,219,99917,219,100124,219,99887,219,100139,100,99862,100,100395,100,99844,100,100517,100,99581,100,100643,100,99461,100,100794,100,99358,100,100816,100,99351,100
2019-06-28 09:47:40.000000000,99979,262,99929,262,100058,257,99917,257,100086,257,99887,257,100124,100,99862,100,100139,100,99844,100,100395,100,99581,100,100517,100,99461,100,100643,100,99358,100,100794,100,99351,100,100816,100,99293,100
2019-06-28 09:47:50.000000000,99979,338,99929,338,100058,338,99917,338,100086,100,99887,100,100124,100,99862,100,100139,100,99844,100,100395,100,99581,100,100517,100,99461,100,100643,100,99358,100,100794,100,99351,100,100816,100,99293,100
2019-06-28 09:48:00.000000000,99979,262,99929,262,100058,257,99917,257,100086,257,99887,257,100124,100,99862,100,100139,100,99844,100,100395,100,99581,100,100517,100,99461,100,100643,100,99358,100,100794,100,99351,100,100816,100,99293,100
2019-06-28 09:48:04.002710704,99977,100,99929,262,99979,262,99917,257,100058,257,99887,257,100086,257,99862,100,100124,100,99844,100,100139,100,99581,100,100395,100,99461,100,100517,100,99358,100,100643,100,99351,100,100794,100,99293,100
2019-06-28 09:48:09.136471469,99977,100,99929,262,99979,262,99917,257,100058,257,99887,257,100086,257,99862,100,100124,100,99844,100,100139,100,99661,100,100395,100,99581,100,100517,100,99461,100,100643,100,99358,100,100794,100,99351,100
2019-06-28 09:48:10.000000000,99977,338,99929,338,99979,338,99917,338,100058,100,99887,100,100086,100,99862,100,100124,100,99844,100,100139,100,99661,100,100395,100,99581,100,100517,100,99461,100,100643,100,99358,100,100794,100,99351,100
2019-06-28 09:48:18.468863218,99977,438,99929,338,99979,338,99917,338,100058,100,99887,100,100086,100,99862,100,100124,100,99844,100,100139,100,99661,100,100395,100,99581,100,100517,100,99461,100,100643,100,99358,100,100794,100,99351,100
2019-06-28 09:48:20.000000000,99977,319,99929,219,99979,219,99917,219,100058,219,99887,219,100086,219,99862,219,100124,100,99844,100,100139,100,99661,100,100395,100,99581,100,100517,100,99461,100,100643,100,99358,100,100794,100,99351,100
2019-06-28 09:48:20.082778755,99977,319,99929,219,99979,219,99917,219,100058,219,99887,219,100086,219,99862,219,100124,100,99844,100,100139,100,99721,100,100395,100,99661,100,100517,100,99581,100,100643,100,99461,100,100794,100,99358,100
2019-06-28 09:48:30.000000000,99977,438,99929,338,99979,338,99917,338,100058,100,99887,100,100086,100,99862,100,100124,100,99844,100,100139,100,99721,100,100395,100,99661,100,100517,100,99581,100,100643,100,99461,100,100794,100,99358,100
2019-06-28 09:48:35.848316932,99977,438,99929,338,99979,338,99917,338,100058,100,99887,100,100086,100,99862,100,100124,100,99844,100,100139,100,99721,100,100395,100,99689,100,100517,100,99661,100,100643,100,99581,100,100794,100,99461,100
2019-06-28 09:48:40.000000000,99977,438,99929,338,99979,338,99917,338,100058,100,99887,100,100086,100,99862,100,100124,100,99844,100,100139,100,99721,100,100395,100,99689,100,100517,100,99661,100,100643,100,99581,100,100794,100,99461,100
2019-06-28 09:48:50.000000000,99977,319,99929,219,99979,219,99917,219,100058,219,99887,219,100086,219,99862,219,100124,100,99844,100,100139,100,99721,100,100395,100,99689,100,100517,100,99661,100,100643,100,99581,100,100794,100,99461,100
2019-06-28 09:48:59.792374825,99977,319,99929,219,99979,219,99917,219,100058,219,99887,219,100086,219,99862,219,100124,100,99844,100,100139,100,99721,100,100395,100,99689,100,100517,100,99661,100,100643,100,99581,100,100794,100,99461,100
2019-06-28 09:49:00.000000000,99977,438,99929,338,99979,338,99917,338,100058,100,99887,100,100086,100,99862,100,100124,100,99844,100,100139,100,99721,100,100395,100,99689,100,100517,100,99661,100,100643,100,99581,100,100794,100,99461,100
2019-06-28 09:49:10.000000000,99977,676,99929,576,99979,100,99917,100,100058,100,99887,100,100086,100,99862,100,100124,100,99844,100,100139,100,99721,100,100395,100,99689,100,100517,100,99661,100,100643,100,99581,100,100794,100,99461,100
2019-06-28 09:49:20.000000000,99977,676,99929,576,99979,100,99917,100,100058,100,99887,100,100086,100,99862,100,100124,100,99844,100,100139,100,99721,100,100395,100,99689,100,100517,100,99661,100,100643,100,99581,100,100794,100,99461,100
2019-06-28 09:49:24.393617443,99977,676,99929,576,99979,100,99917,100,100058,100,99887,100,100086,100,99862,100,100124,100,99844,100,100139,100,99808,100,100395,100,99721,100,100517,100,99689,100,100643,100,99661,100,100794,100,99581,100
2019-06-28 09:49:27.242060967,99977,676,99929,576,99979,100,99917,100,100024,100,99887,100,100058,100,99862,100,100086,100,99844,100,100124,100,99808,100,100139,100,99721,100,100395,100,99689,100,100517,100,99661,100,100643,100,99581,100
2019-06-28 09:49:30.000000000,99977,295,99929,195,99979,195,99917,195,100024,195,99887,195,100058,195,99862,195,100086,195,99844,195,100124,100,99808,100,100139,100,99721,100,100395,100,99689,100,100517,100,99661,100,100643,100,99581,100
2019-06-28 09:49:37.089805289,99977,295,99929,195,99979,195,99917,195,100024,195,99887,195,100058,195,99886,100,100086,195,99862,195,100124,100,99844,195,100139,100,99808,100,100395,100,99721,100,100517,100,99689,100,100643,100,99661,100
2019-06-28 09:49:40.000000000,99977,438,99929,338,99979,338,99917,338,100024,100,99887,100,100058,100,99886,100,100086,100,99862,100,100124,100,99844,100,100139,100,99808,100,100395,100,99721,100,100517,100,99689,100,100643,100,99661,100
2019-06-28 09:49:49.015288156,99977,438,99929,338,99979,338,99917,338,100024,100,99887,100,100033,100,99886,100,100058,100,99862,100,100086,100,99844,100,100124,100,99808,100,100139,100,99721,100,100395,100,99689,100,100517,100,99661,100
2019-06-28 09:49:50.000000000,99977,319,99929,219,99979,219,99917,219,100024,219,99887,219,100033,219,99886,219,100058,100,99862,100,100086,100,99844,100,100124,100,99808,100,100139,100,99721,100,100395,100,99689,100,100517,100,99661,100
2019-06-28 09:49:57.132166166,99977,419,99929,219,99979,219,99917,219,100024,219,99887,219,100033,219,99886,219,100058,100,99862,100,100086,100,99844,100,100124,100,99808,100,100139,100,99721,100,100395,100,99689,100,100517,100,99661,100
2019-06-28 09:50:00.000000000,99977,462,99929,262,99979,257,99917,257,100024,257,99887,257,100033,100,99886,100,100058,100,99862,100,100086,100,99844,100,100124,100,99808,100,100139,100,99721,100,100395,100,99689,100,100517,100,99661,100
2019-06-28 09:50:10.000000000,99977,462,99929,262,99979,257,99917,257,100024,257,99887,257,100033,100,99886,100,100058,100,99862,100,100086,100,99844,100,100124,100,99808,100,100139,100,99721,100,100395,100,99689,100,100517,100,99661,100
2019-06-28 09:50:20.000000000,99977,395,99929,195,99979,195,99917,195,100024,195,99887,195,100033,195,99886,195,100058,195,99862,195,100086,100,99844,100,100124,100,99808,100,100139,100,99721,100,100395,100,99689,100,100517,100,99661,100
2019-06-28 09:50:30.000000000,99977,395,99929,195,99979,195,99917,195,100024,195,99887,195,100033,195,99886,195,100058,195,99862,195,100086,100,99844,100,100124,100,99808,100,100139,100,99721,100,100395,100,99689,100,100517,100,99661,100
2019-06-28 09:50:40.000000000,99977,538,99929,338,99979,338,99917,338,100024,100,99887,100,100033,100,99886,100,100058,100,99862,100,100086,100,99844,100,100124,100,99808,100,100139,100,99721,100,100395,100,99689,100,100517,100,99661,100
2019-06-28 09:50:50.000000000,99977,538,99929,338,99979,338,99917,338,100024,100,99887,100,100033,100,99886,100,100058,100,99862,100,100086,100,99844,100,100124,100,99808,100,100139,100,99721,100,100395,100,99689,100,100517,100,99661,100
2019-06-28 09:51:00.000000000,99977,462,99929,262,99979,257,99917,257,100024,257,99887,257,100033,100,99886,100,100058,100,99862,100,100086,100,99844,100,100124,100,99808,100,100139,100,99721,100,100395,100,99689,100,100517,100,99661,100
2019-06-28 09:51:02.688175581,99977,462,99929,262,99979,257,99917,257,99989,100,99887,257,100024,257,99886,100,100033,100,99862,100,100058,100,99844,100,100086,100,99808,100,100124,100,99721,100,100139,100,99689,100,100395,100,99661,100
2019-06-28 09:51:10.000000000,99977,395,99929,195,99979,195,99917,195,99989,195,99887,195,100024,195,99886,195,100033,195,99862,195,100058,100,99844,100,100086,100,99808,100,100124,100,99721,100,100139,100,99689,100,100395,100,99661,100
2019-06-28 09:51:12.554890899,99977,395,99929,195,99979,195,99917,195,99989,195,99887,195,100024,195,99886,195,100033,195,99862,195,100058,100,99844,100,100086,100,99808,100,100124,100,99771,100,100139,100,99721,100,100395,100,99689,100
2019-06-28 09:51:20.000000000,99977,776,99929,576,99979,100,99917,100,99989,100,99887,100,100024,100,99886,100,100033,100,99862,100,100058,100,99844,100,100086,100,99808,100,100124,100,99771,100,100139,100,99721,100,100395,100,99689,100
2019-06-28 09:51:30.000000000,99977,462,99929,262,99979,257,99917,257,99989,257,99887,257,100024,100,99886,100,100033,100,99862,100,100058,100,99844,100,100086,100,99808,100,100124,100,99771,100,100139,100,99721,100,100395,100,99689,100
2019-06-28 09:51:40.000000000,99977,419,99929,219,99979,219,99917,219,99989,219,99887,219,100024,219,99886,219,100033,100,99862,100,100058,100,99844,100,100086,100,99808,100,100124,100,99771,100,100139,100,99721,100,100395,100,99689,100
2019-06-28 09:51:50.000000000,99977,462,99929,262,99979,257,99917,257,99989,257,99887,257,100024,100,99886,100,100033,100,99862,100,100058,100,99844,100,100086,100,99808,100,100124,100,99771,100,100139,100,99721,100,100395,100,99689,100
2019-06-28 09:52:00.000000000,99977,419,99929,219,99979,219,99917,219,99989,219,99887,219,100024,219,99886,219,100033,100,99862,100,100058,100,99844,100,100086,100,99808,100,100124,100,99771,100,100139,100,99721,100,100395,100,99689,100
2019-06-28 09:52:10.000000000,99977,419,99929,219,99979,219,99917,219,99989,219,99887,219,100024,219,99886,219,100033,100,99862,100,100058,100,99844,100,100086,100,99808,100,100124,100,99771,100,100139,100,99721,100,100395,100,99689,100
2019-06-28 09:52:20.000000000,99977,419,99929,219,99979,219,99917,219,99989,219,99887,219,100024,219,99886,219,100033,100,99862,100,100058,100,99844,100,100086,100,99808,100,100124,100,99771,100,100139,100,99721,100,100395,100,99689,100
2019-06-28 09:52:30.000000000,99977,395,99929,195,99979,195,99917,195,99989,195,99887,195,100024,195,99886,195,100033,195,99862,195,100058,100,99844,100,100086,100,99808,100,100124,100,99771,100,100139,100,99721,100,100395,100,99689,100
2019-06-28 09:52:40.000000000,99977,538,99929,338,99979,338,99917,338,99989,100,99887,100,100024,100,99886,100,100033,100,99862,100,100058,100,99844,100,100086,100,99808,100,100124,100,99771,100,100139,100,99721,100,100395,100,99689,100
2019-06-28 09:52:50.000000000,99977,419,99929,219,99979,219,99917,219,99989,219,99887,219,100024,219,99886,219,100033,100,99862,100,100058,100,99844,100,100086,100,99808,100,100124,100,99771,100,100139,100,99721,100,100395,100,99689,100
2019-06-28 09:52:55.924528513,99977,419,99929,219,99979,219,99917,219,99989,219,99887,219,100019,100,99886,219,100024,219,99862,100,100033,100,99844,100,100058,100,99808,100,100086,100,99771,100,100124,100,99721,100,100139,100,99689,100
2019-06-28 09:52:57.572829254,99977,419,99929,219,99979,219,99917,219,99989,119,99887,219,100019,100,99886,219,100024,219,99862,100,100033,100,99844,100,100058,100,99808,100,100086,100,99771,100,100124,100,99721,100,100139,100,99689,100
2019-06-28 09:52:59.571102940,99977,419,99929,119,99979,219,99917,219,99989,119,99887,219,100019,100,99886,219,100024,219,99862,100,100033,100,99844,100,100058,100,99808,100,100086,100,99771,100,100124,100,99721,100,100139,100,99689,100
2019-06-28 09:53:00.000000000,99977,538,99917,338,99979,338,99887,338,100019,100,99886,100,100024,100,99862,100,100033,100,99844,100,100058,100,99808,100,100086,100,99771,100,100124,100,99721,100,100139,100,99689,100,100395,100,99661,100
2019-06-28 09:53:06.433428093,99977,538,99917,238,99979,338,99887,338,100019,100,99886,100,100024,100,99862,100,100033,100,99844,100,100058,100,99808,100,100086,100,99721,100,100124,100,99689,100,100139,100,99661,100,100395,100,99613,100
2019-06-28 09:53:10.000000000,99977,538,99887,338,99979,338,99886,338,100019,100,99862,100,100024,100,99844,100,100033,100,99808,100,100058,100,99721,100,100086,100,99689,100,100124,100,99661,100,100139,100,99613,100,100395,100,99581,100
2019-06-28 09:53:20.000000000,99977,462,99887,262,99979,257,99886,257,100019,257,99862,257,100024,100,99844,100,100033,100,99808,100,100058,100,99721,100,100086,100,99689,100,100124,100,99661,100,100139,100,99613,100,100395,100,99581,100
2019-06-28 09:53:26.693082656,99977,462,99887,262,99979,257,99886,257,100019,257,99862,257,100024,100,99844,100,100033,100,99808,100,100058,100,99721,100,100086,100,99689,100,100124,100,99613,100,100139,100,99581,100,100197,100,99461,100
2019-06-28 09:53:30.000000000,99977,776,99887,576,99979,100,99886,100,100019,100,99862,100,100024,100,99844,100,100033,100,99808,100,100058,100,99721,100,100086,100,99689,100,100124,100,99613,100,100139,100,99581,100,100197,100,99461,100
2019-06-28 09:53:40.000000000,99977,538,99887,338,99979,338,99886,338,100019,100,99862,100,100024,100,99844,100,100033,100,99808,100,100058,100,99721,100,100086,100,99689,100,100124,100,99613,100,100139,100,99581,100,100197,100,99461,100
2019-06-28 09:53:47.820793281,99977,538,99887,338,99979,338,99886,338,100019,100,99862,100,100024,100,99844,100,100033,100,99808,100,100058,100,99794,100,100086,100,99721,100,100124,100,99689,100,100139,100,99613,100,100197,100,99581,100
2019-06-28 09:53:48.815301075,99977,538,99887,338,99979,338,99886,338,100019,100,99862,100,100024,100,99844,100,100033,100,99808,100,100058,100,99794,100,100086,100,99721,100,100124,100,99689,100,100139,100,99669,100,100197,100,99613,100
2019-06-28 09:53:50.000000000,99977,538,99887,338,99979,338,99886,338,100019,100,99862,100,100024,100,99844,100,100033,100,99808,100,100058,100,99794,100,100086,100,99721,100,100124,100,99689,100,100139,100,99669,100,100197,100,99613,100
2019-06-28 09:53:52.337240376,99977,538,99887,338,99979,338,99886,338,100019,100,99862,100,100024,100,99844,100,100033,100,99808,100,100058,100,99794,100,100086,100,99777,100,100124,100,99721,100,100139,100,99689,100,100197,100,99669,100
2019-06-28 09:54:00.000000000,99977,462,99887,262,99979,257,99886,257,100019,257,99862,257,100024,100,99844,100,100033,100,99808,100,100058,100,99794,100,100086,100,99777,100,100124,100,99721,100,100139,100,99689,100,100197,100,99669,100
2019-06-28 09:54:10.000000000,99977,462,99887,262,99979,257,99886,257,100019,257,99862,257,100024,100,99844,100,100033,100,99808,100,100058,100,99794,100,100086,100,99777,100,100124,100,99721,100,100139,100,99689,100,100197,100,99669,100
2019-06-28 09:54:16.042337935,99977,362,99930,100,99979,257,99887,262,100019,257,99886,257,100024,100,99862,257,100033,100,99844,100,100058,100,99808,100,100086,100,99794,100,100124,100,99777,100,100139,100,99721,100,100197,100,99689,100
2019-06-28 09:54:20.000000000,99977,295,99930,195,99979,195,99887,195,100019,195,99886,195,100024,195,99862,195,100033,195,99844,195,100058,100,99808,100,100086,100,99794,100,100124,100,99777,100,100139,100,99721,100,100197,100,99689,100
2019-06-28 09:54:20.363475899,99977,295,99930,95,99979,195,99887,195,100019,195,99886,195,100024,195,99862,195,100033,195,99844,195,100058,100,99808,100,100086,100,99794,100,100124,100,99777,100,100139,100,99721,100,100197,100,99689,100
2019-06-28 09:54:30.000000000,99977,362,99887,262,99979,257,99886,257,100019,257,99862,257,100024,100,99844,100,100033,100,99808,100,100058,100,99794,100,100086,100,99777,100,100124,100,99721,100,100139,100,99689,100,100197,100,99669,100
2019-06-28 09:54:40.000000000,99977,295,99887,195,99979,195,99886,195,100019,195,99862,195,100024,195,99844,195,100033,195,99808,195,100058,100,99794,100,100086,100,99777,100,100124,100,99721,100,100139,100,99689,100,100197,100,99669,100
2019-06-28 09:54:50.000000000,99977,438,99887,338,99979,338,99886,338,100019,100,99862,100,100024,100,99844,100,100033,100,99808,100,100058,100,99794,100,100086,100,99777,100,100124,100,99721,100,100139,100,99689,100,100197,100,99669,100
2019-06-28 09:54:55.491703303,99977,438,99887,338,99979,338,99886,338,100019,100,99862,100,100024,100,99844,100,100033,100,99808,100,100058,100,99794,100,100086,100,99777,100,100124,100,99721,100,100139,100,99689,100,100197,100,99669,100
2019-06-28 09:55:00.000000000,99977,438,99887,338,99979,338,99886,338,100019,100,99862,100,100024,100,99844,100,100033,100,99808,100,100058,100,99794,100,100086,100,99777,100,100124,100,99721,100,100139,100,99689,100,100197,100,99669,100
2019-06-28 09:55:05.633557246,99930,100,99887,338,99977,438,99886,338,99979,338,99862,100,100019,100,99844,100,100024,100,99808,100,100033,100,99794,100,100058,100,99777,100,100086,100,99721,100,100124,100,99689,100,100139,100,99669,100
2019-06-28 09:55:10.000000000,99930,338,99887,338,99977,438,99886,338,99979,100,99862,100,100019,100,99844,100,100024,100,99808,100,100033,100,99794,100,100058,100,99777,100,100086,100,99721,100,100124,100,99689,100,100139,100,99669,100
2019-06-28 09:55:20.000000000,99930,195,99887,195,99977,295,99886,195,99979,195,99862,195,100019,195,99844,195,100024,195,99808,195,100033,100,99794,100,100058,100,99777,100,100086,100,99721,100,100124,100,99689,100,100139,100,99669,100
2019-06-28 09:55:30.000000000,99930,338,99887,338,99977,438,99886,338,99979,100,99862,100,100019,100,99844,100,100024,100,99808,100,100033,100,99794,100,100058,100,99777,100,100086,100,99721,100,100124,100,99689,100,100139,100,99669,100
2019-06-28 09:55:40.000000000,99930,338,99887,338,99977,438,99886,338,99979,100,99862,100,100019,100,99844,100,100024,100,99808,100,100033,100,99794,100,100058,100,99777,100,100086,100,99721,100,100124,100,99689,100,100139,100,99669,100
2019-06-28 09:55:46.095361903,99930,338,99887,238,99977,438,99886,338,99979,100,99862,100,100019,100,99844,100,100024,100,99808,100,100033,100,99794,100,100058,100,99777,100,100086,100,99721,100,100124,100,99689,100,100139,100,99669,100
2019-06-28 09:55:50.000000000,99930,195,99886,195,99977,295,99862,195,99979,195,99844,195,100019,195,99808,195,100024,195,99794,195,100033,100,99777,100,100058,100,99721,100,100086,100,99689,100,100124,100,99669,100,100139,100,99613,100
2019-06-28 09:56:00.000000000,99930,576,99886,576,99977,200,99862,100,99979,100,99844,100,100019,100,99808,100,100024,100,99794,100,100033,100,99777,100,100058,100,99721,100,100086,100,99689,100,100124,100,99669,100,100139,100,99613,100
2019-06-28 09:56:10.000000000,99930,576,99886,576,99977,200,99862,100,99979,100,99844,100,100019,100,99808,100,100024,100,99794,100,100033,100,99777,100,100058,100,99721,100,100086,100,99689,100,100124,100,99669,100,100139,100,99613,100
2019-06-28 09:56:19.381857007,99930,576,99886,476,99977,200,99862,100,99979,100,99844,100,100019,100,99808,100,100024,100,99794,100,100033,100,99777,100,100058,100,99721,100,100086,100,99689,100,100124,100,99669,100,100139,100,99613,100
2019-06-28 09:56:20.000000000,99930,219,99862,219,99977,319,99844,219,99979,219,99808,219,100019,219,99794,219,100024,100,99777,100,100033,100,99721,100,100058,100,99689,100,100086,100,99669,100,100124,100,99613,100,100139,100,99581,100
2019-06-28 09:56:21.702258938,99930,219,99862,119,99977,319,99844,219,99979,219,99808,219,100019,219,99794,219,100024,100,99777,100,100033,100,99721,100,100058,100,99689,100,100086,100,99669,100,100124,100,99613,100,100139,100,99581,100
2019-06-28 09:56:30.000000000,99930,262,99844,262,99977,357,99808,257,99979,257,99794,257,100019,100,99777,100,100024,100,99721,100,100033,100,99689,100,100058,100,99669,100,100086,100,99613,100,100124,100,99581,100,100139,100,99511,100
2019-06-28 09:56:34.279169778,99930,262,99844,162,99977,357,99808,257,99979,257,99794,257,100019,100,99777,100,100024,100,99721,100,100033,100,99689,100,100058,100,99669,100,100086,100,99613,100,100124,100,99581,100,100139,100,99511,100
2019-06-28 09:56:34.644504853,99930,262,99844,62,99977,357,99808,257,99979,257,99794,257,100019,100,99777,100,100024,100,99721,100,100033,100,99689,100,100058,100,99669,100,100086,100,99613,100,100124,100,99581,100,100139,100,99511,100
2019-06-28 09:56:39.460971675,99844,38,99808,257,99930,262,99794,257,99977,357,99777,100,99979,257,99721,100,100019,100,99689,100,100024,100,99669,100,100033,100,99613,100,100058,100,99581,100,100086,100,99511,100,100124,100,99461,100
2019-06-28 09:56:40.000000000,99844,276,99808,338,99930,338,99794,338,99977,200,99777,100,99979,100,99721,100,100019,100,99689,100,100024,100,99669,100,100033,100,99613,100,100058,100,99581,100,100086,100,99511,100,100124,100,99461,100
2019-06-28 09:56:50.000000000,99844,514,99808,576,99930,100,99794,100,99977,200,99777,100,99979,100,99721,100,100019,100,99689,100,100024,100,99669,100,100033,100,99613,100,100058,100,99581,100,100086,100,99511,100,100124,100,99461,100
2019-06-28 09:57:00.000000000,99844,276,99808,338,99930,338,99794,338,99977,200,99777,100,99979,100,99721,100,100019,100,99689,100,100024,100,99669,100,100033,100,99613,100,100058,100,99581,100,100086,100,99511,100,100124,100,99461,100
2019-06-28 09:57:10.000000000,99844,514,99808,576,99930,100,99794,100,99977,200,99777,100,99979,100,99721,100,100019,100,99689,100,100024,100,99669,100,100033,100,99613,100,100058,100,99581,100,100086,100,99511,100,100124,100,99461,100
2019-06-28 09:57:15.914406004,99844,514,99808,476,99930,100,99794,100,99977,200,99777,100,99979,100,99721,100,100019,100,99689,100,100024,100,99669,100,100033,100,99613,100,100058,100,99581,100,100086,100,99511,100,100124,100,99461,100
2019-06-28 09:57:20.000000000,99844,514,99794,576,99930,100,99777,100,99977,200,99721,100,99979,100,99689,100,100019,100,99669,100,100024,100,99613,100,100033,100,99581,100,100058,100,99511,100,100086,100,99461,100,100124,100,99351,100
2019-06-28 09:57:30.000000000,99844,157,99794,219,99930,219,99777,219,99977,319,99721,219,99979,219,99689,219,100019,100,99669,100,100024,100,99613,100,100033,100,99581,100,100058,100,99511,100,100086,100,99461,100,100124,100,99351,100
2019-06-28 09:57:30.056605571,99844,157,99794,119,99930,219,99777,219,99977,319,99721,219,99979,219,99689,219,100019,100,99669,100,100024,100,99613,100,100033,100,99581,100,100058,100,99511,100,100086,100,99351,100,100124,100,99293,100
2019-06-28 09:57:36.672007591,99808,100,99794,119,99844,157,99777,219,99930,219,99721,219,99977,319,99689,219,99979,219,99669,100,100019,100,99613,100,100024,100,99581,100,100033,100,99511,100,100058,100,99351,100,100086,100,99293,100
2019-06-28 09:57:40.000000000,99808,338,99777,338,99844,276,99721,338,99930,100,99689,100,99977,200,99669,100,99979,100,99613,100,100019,100,99581,100,100024,100,99511,100,100033,100,99351,100,100058,100,99293,100,100086,100,99284,100
2019-06-28 09:57:46.196521130,99808,338,99777,238,99844,276,99721,338,99930,100,99689,100,99977,200,99669,100,99979,100,99613,100,100019,100,99581,100,100024,100,99351,100,100033,100,99293,100,100058,100,99284,100,100086,100,,
2019-06-28 09:57:50.000000000,99808,195,99721,195,99844,133,99689,195,99930,195,99669,195,99977,295,99613,195,99979,195,99581,195,100019,100,99351,100,100024,100,99293,100,100033,100,99284,100,100058,100,,,100086,100,,
2019-06-28 09:58:00.000000000,99808,262,99721,262,99844,195,99689,257,99930,257,99669,257,99977,200,99613,100,99979,100,99581,100,100019,100,99351,100,100024,100,99293,100,100033,100,99284,100,100058,100,,,100086,100,,
2019-06-28 09:58:02.410007297,99808,262,99721,162,99844,195,99689,257,99930,257,99669,257,99977,200,99613,100,99979,100,99581,100,100019,100,99351,100,100024,100,99293,100,100033,100,99284,100,100058,100,,,100086,100,,
2019-06-28 09:58:10.000000000,99808,262,99689,262,99844,195,99669,257,99930,257,99613,257,99977,200,99581,100,99979,100,99351,100,100019,100,99293,100,100024,100,99284,100,100033,100,,,100058,100,,,100086,100,,
2019-06-28 09:58:20.000000000,99808,262,99689,262,99844,195,99669,257,99930,257,99613,257,99977,200,99581,100,99979,100,99351,100,100019,100,99293,100,100024,100,99284,100,100033,100,,,100058,100,,,100086,100,,
2019-06-28 09:58:30.000000000,99808,338,99689,338,99844,276,99669,338,99930,100,99613,100,99977,200,99581,100,99979,100,99351,100,100019,100,99293,100,100024,100,99284,100,100033,100,,,100058,100,,,100086,100,,
2019-06-28 09:58:40.000000000,99808,338,99689,338,99844,276,99669,338,99930,100,99613,100,99977,200,99581,100,99979,100,99351,100,100019,100,99293,100,100024,100,99284,100,100033,100,,,100058,100,,,100086,100,,
2019-06-28 09:58:49.743693497,99808,338,99689,338,99844,276,99669,338,99930,100,99613,100,99977,200,99581,100,99979,100,99351,100,100019,100,99293,100,100024,100,99284,100,100033,100,99146,100,100058,100,,,100086,100,,
2019-06-28 09:58:50.000000000,99808,262,99689,262,99844,195,99669,257,99930,257,99613,257,99977,200,99581,100,99979,100,99351,100,100019,100,99293,100,100024,100,99284,100,100033,100,99146,100,100058,100,,,100086,100,,
2019-06-28 09:58:52.991704683,99777,100,99689,262,99808,262,99669,257,99844,195,99613,257,99930,257,99581,100,99977,200,99351,100,99979,100,99293,100,100019,100,99284,100,100024,100,99146,100,100033,100,,,100058,100,,
2019-06-28 09:59:00.000000000,99777,195,99689,195,99808,195,99669,195,99844,133,99613,195,99930,195,99581,195,99977,295,99351,195,99979,100,99293,100,100019,100,99284,100,100024,100,99146,100,100033,100,,,100058,100,,
2019-06-28 09:59:06.278739771,99777,295,99689,195,99808,195,99669,195,99844,133,99613,195,99930,195,99581,195,99977,295,99351,195,99979,100,99293,100,100019,100,99284,100,100024,100,99146,100,100033,100,,,100058,100,,
2019-06-28 09:59:10.000000000,99777,362,99689,262,99808,257,99669,257,99844,195,99613,257,99930,100,99581,100,99977,200,99351,100,99979,100,99293,100,100019,100,99284,100,100024,100,99146,100,100033,100,,,100058,100,,
2019-06-28 09:59:20.000000000,99777,676,99689,576,99808,100,99669,100,99844,38,99613,100,99930,100,99581,100,99977,200,99351,100,99979,100,99293,100,100019,100,99284,100,100024,100,99146,100,100033,100,,,100058,100,,
2019-06-28 09:59:22.891670625,99777,676,99689,576,99808,100,99669,100,99844,38,99581,100,99930,100,99541,100,99977,200,99351,100,99979,100,99293,100,100019,100,99284,100,100024,100,99146,100,100033,100,,,100058,100,,
2019-06-28 09:59:23.065869073,99777,676,99689,576,99808,100,99669,100,99844,38,99581,100,99930,100,99541,100,99977,200,99351,100,99979,100,99293,100,100019,100,99284,100,100024,100,99273,100,100033,100,99146,100,100058,100,,
2019-06-28 09:59:30.000000000,99777,676,99689,576,99808,100,99669,100,99844,38,99581,100,99930,100,99541,100,99977,200,99351,100,99979,100,99293,100,100019,100,99284,100,100024,100,99273,100,100033,100,99146,100,100058,100,,
2019-06-28 09:59:40.000000000,99777,438,99689,338,99808,338,99669,338,99844,38,99581,100,99930,100,99541,100,99977,200,99351,100,99979,100,99293,100,100019,100,99284,100,100024,100,99273,100,100033,100,99146,100,100058,100,,
2019-06-28 09:59:50.000000000,99777,319,99689,219,99808,219,99669,219,99844,157,99581,219,99930,219,99541,219,99977,200,99351,100,99979,100,99293,100,100019,100,99284,100,100024,100,99273,100,100033,100,99146,100,100058,100,,
2019-06-28 09:59:52.994450188,99777,319,99689,119,99808,219,99669,219,99844,157,99581,219,99930,219,99541,219,99977,200,99351,100,99979,100,99293,100,100019,100,99284,100,100033,100,99273,100,100058,100,99146,100,100086,100,,
2019-06-28 09:59:59.549990033,99777,319,99689,119,99808,219,99669,219,99844,157,99581,219,99930,219,99541,119,99977,200,99351,100,99979,100,99293,100,100019,100,99284,100,100033,100,99273,100,100058,100,99228,100,100086,100,99146,100
2019-06-28 10:00:00.000000000,99777,295,99669,195,99808,195,99581,195,99844,133,99351,195,99930,195,99293,195,99977,295,99284,195,99979,100,99273,100,100019,100,99228,100,100033,100,99146,100,100058,100,,,100086,100,,
2019-06-28 10:00:10.000000000,99777,676,99669,576,99808,100,99581,100,99844,38,99351,100,99930,100,99293,100,99977,200,99284,100,99979,100,99273,100,100019,100,99228,100,100033,100,99146,100,100058,100,,,100086,100,,
2019-06-28 10:00:20.000000000,99777,362,99669,262,99808,257,99581,257,99844,195,99351,257,99930,100,99293,100,99977,200,99284,100,99979,100,99273,100,100019,100,99228,100,100033,100,99146,100,100058,100,,,100086,100,,
2019-06-28 10:00:23.825412812,99777,362,99669,162,99808,257,99581,257,99844,195,99351,257,99930,100,99293,100,99977,200,99284,100,99979,100,99273,100,100019,100,99228,100,100033,100,99146,100,100058,100,,,100124,100,,
2019-06-28 10:00:30.000000000,99777,295,99581,195,99808,195,99351,195,99844,133,99293,195,99930,195,99284,195,99977,295,99273,195,99979,100,99228,100,100019,100,99146,100,100033,100,,,100058,100,,,100124,100,,
2019-06-28 10:00:39.342016850,99777,295,99581,195,99808,195,99351,195,99844,133,99293,195,99930,195,99284,195,99977,195,99273,195,99979,100,99228,100,100019,100,99146,100,100033,100,,,100058,100,,,100124,100,,
2019-06-28 10:00:40.000000000,99777,362,99581,262,99808,257,99351,257,99844,195,99293,257,99930,100,99284,100,99977,100,99273,100,99979,100,99228,100,100019,100,99146,100,100033,100,,,100058,100,,,100124,100,,
2019-06-28 10:00:50.000000000,99777,362,99581,262,99808,257,99351,257,99844,195,99293,257,99930,100,99284,100,99977,100,99273,100,99979,100,99228,100,100019,100,99146,100,100033,100,,,100058,100,,,100124,100,,
2019-06-28 10:00:55.368516058,99777,362,99581,262,99808,257,99351,257,99844,195,99293,257,99930,100,99284,100,99977,100,99273,100,99979,100,99228,100,100019,100,99146,100,100033,100,99121,100,100058,100,,,100124,100,,
2019-06-28 10:01:00.000000000,99777,362,99581,262,99808,257,99351,257,99844,195,99293,257,99930,100,99284,100,99977,100,99273,100,99979,100,99228,100,100019,100,99146,100,100033,100,99121,100,100058,100,,,100124,100,,
2019-06-28 10:01:10.000000000,99777,295,99581,195,99808,195,99351,195,99844,133,99293,195,99930,195,99284,195,99977,195,99273,195,99979,100,99228,100,100019,100,99146,100,100033,100,99121,100,100058,100,,,100124,100,,
2019-06-28 10:01:20.000000000,99777,319,99581,219,99808,219,99351,219,99844,157,99293,219,99930,219,99284,219,99977,100,99273,100,99979,100,99228,100,100019,100,99146,100,100033,100,99121,100,100058,100,,,100124,100,,
2019-06-28 10:01:30.000000000,99777,676,99581,576,99808,100,99351,100,99844,38,99293,100,99930,100,99284,100,99977,100,99273,100,99979,100,99228,100,100019,100,99146,100,100033,100,99121,100,100058,100,,,100124,100,,
2019-06-28 10:01:32.775723477,99777,676,99581,476,99808,100,99351,100,99844,38,99293,100,99930,100,99284,100,99977,100,99273,100,99979,100,99228,100,100019,100,99146,100,100033,100,99121,100,100058,100,,,100124,100,,
2019-06-28 10:01:40.000000000,99777,319,99351,219,99808,219,99293,219,99844,157,99284,219,99930,219,99273,219,99977,100,99228,100,99979,100,99146,100,100019,100,99121,100,100033,100,,,100058,100,,,100124,100,,
2019-06-28 10:01:50.000000000,99777,438,99351,338,99808,338,99293,338,99844,38,99284,100,99930,100,99273,100,99977,100,99228,100,99979,100,99146,100,100019,100,99121,100,100033,100,,,100058,100,,,100124,100,,
2019-06-28 10:01:54.846095314,99777,438,99351,238,99808,338,99293,338,99844,38,99273,100,99930,100,99228,100,99977,100,99146,100,99979,100,99121,100,100019,100,,,100033,100,,,100058,100,,,100124,100,,
2019-06-28 10:01:56.021704485,99499,100,99351,238,99777,438,99293,338,99808,338,99273,100,99844,38,99228,100,99930,100,99146,100,99977,100,99121,100,99979,100,,,100019,100,,,100033,100,,,100058,100,,
2019-06-28 10:01:58.500509448,99499,100,99351,138,99777,438,99293,338,99808,338,99273,100,99844,38,99228,100,99930,100,99146,100,99977,100,99121,100,99979,100,,,100019,100,,,100033,100,,,100058,100,,
2019-06-28 10:02:00.000000000,99499,338,99293,338,99777,438,99273,338,99808,100,99228,100,99844,38,99146,100,99930,100,99121,100,99977,100,,,99979,100,,,100019,100,,,100033,100,,,100058,100,,
2019-06-28 10:02:10.000000000,99499,219,99293,219,99777,319,99273,219,99808,219,99228,219,99844,157,99146,219,99930,100,99121,100,99977,100,,,99979,100,,,100019,100,,,100033,100,,,100058,100,,
2019-06-28 10:02:20.000000000,99499,219,99293,219,99777,319,99273,219,99808,219,99228,219,99844,157,99146,219,99930,100,99121,100,99977,100,,,99979,100,,,100019,100,,,100033,100,,,100058,100,,
2019-06-28 10:02:30.000000000,99499,338,99293,338,99777,438,99273,338,99808,100,99228,100,99844,38,99146,100,99930,100,99121,100,99977,100,,,99979,100,,,100019,100,,,100033,100,,,100058,100,,
2019-06-28 10:02:36.673499794,99499,338,99293,338,99777,438,99273,338,99808,100,99230,100,99844,38,99228,100,99930,100,99146,100,99977,100,99121,100,99979,100,,,100019,100,,,100033,100,,,100058,100,,
2019-06-28 10:02:40.000000000,99499,195,99293,195,99777,295,99273,195,99808,195,99230,195,99844,133,99228,195,99930,195,99146,195,99977,100,99121,100,99979,100,,,100019,100,,,100033,100,,,100058,100,,
2019-06-28 10:02:50.000000000,99499,219,99293,219,99777,319,99273,219,99808,219,99230,219,99844,157,99228,219,99930,100,99146,100,99977,100,99121,100,99979,100,,,100019,100,,,100033,100,,,100058,100,,
2019-06-28 10:03:00.000000000,99499,219,99293,219,99777,319,99273,219,99808,219,99230,219,99844,157,99228,219,99930,100,99146,100,99977,100,99121,100,99979,100,,,100019,100,,,100033,100,,,100058,100,,
2019-06-28 10:03:03.414195025,99499,219,99293,219,99777,319,99273,219,99808,219,99230,219,99844,157,99228,219,99883,100,99146,100,99930,100,99121,100,99977,100,,,99979,100,,,100019,100,,,100033,100,,
2019-06-28 10:03:10.000000000,99499,195,99293,195,99777,295,99273,195,99808,195,99230,195,99844,133,99228,195,99883,195,99146,195,99930,100,99121,100,99977,100,,,99979,100,,,100019,100,,,100033,100,,
2019-06-28 10:03:20.000000000,99499,195,99293,195,99777,295,99273,195,99808,195,99230,195,99844,133,99228,195,99883,195,99146,195,99930,100,99121,100,99977,100,,,99979,100,,,100019,100,,,100033,100,,
2019-06-28 10:03:30.000000000,99499,338,99293,338,99777,438,99273,338,99808,100,99230,100,99844,38,99228,100,99883,100,99146,100,99930,100,99121,100,99977,100,,,99979,100,,,100019,100,,,100033,100,,
2019-06-28 10:03:30.595076460,99499,338,99293,338,99777,438,99273,338,99789,100,99230,100,99808,100,99228,100,99844,38,99146,100,99883,100,,,99930,100,,,99977,100,,,99979,100,,,100019,100,,
2019-06-28 10:03:37.479157249,99499,238,99293,338,99777,438,99273,338,99789,100,99230,100,99808,100,99228,100,99844,38,99146,100,99883,100,,,99930,100,,,99977,100,,,99979,100,,,100019,100,,
2019-06-28 10:03:40.000000000,99777,362,99293,262,99789,257,99273,257,99808,257,99230,257,99844,38,99228,100,99883,100,99146,100,99930,100,,,99977,100,,,99979,100,,,100019,100,,,100033,100,,
2019-06-28 10:03:50.000000000,99777,319,99293,219,99789,219,99273,219,99808,219,99230,219,99844,157,99228,219,99883,100,99146,100,99930,100,,,99977,100,,,99979,100,,,100019,100,,,100033,100,,
2019-06-28 10:04:00.000000000,99777,438,99293,338,99789,338,99273,338,99808,100,99230,100,99844,38,99228,100,99883,100,99146,100,99930,100,,,99977,100,,,99979,100,,,100019,100,,,100033,100,,
2019-06-28 10:04:02.141874785,99777,438,99293,338,99789,338,99273,338,99808,100,99230,100,99839,100,99228,100,99844,38,99146,100,99883,100,,,99930,100,,,99977,100,,,99979,100,,,100019,100,,
2019-06-28 10:04:10.000000000,99777,676,99293,576,99789,100,99273,100,99808,100,99230,100,99839,100,99228,100,99844,38,99146,100,99883,100,,,99930,100,,,99977,100,,,99979,100,,,100019,100,,
2019-06-28 10:04:20.000000000,99777,295,99293,195,99789,195,99273,195,99808,195,99230,195,99839,195,99228,195,99844,133,99146,195,99883,100,,,99930,100,,,99977,100,,,99979,100,,,100019,100,,
2019-06-28 10:04:30.000000000,99777,438,99293,338,99789,338,99273,338,99808,100,99230,100,99839,100,99228,100,99844,38,99146,100,99883,100,,,99930,100,,,99977,100,,,99979,100,,,100019,100,,
2019-06-28 10:04:36.865197992,99777,438,99606,100,99789,338,99293,338,99808,100,99273,338,99839,100,99230,100,99844,38,99228,100,99883,100,99146,100,99930,100,,,99977,100,,,99979,100,,,100019,100,,
2019-06-28 10:04:40.000000000,99777,295,99606,195,99789,195,99293,195,99808,195,99273,195,99839,195,99230,195,99844,133,99228,195,99883,100,99146,100,99930,100,,,99977,100,,,99979,100,,,100019,100,,
2019-06-28 10:04:50.000000000,99777,438,99606,338,99789,338,99293,338,99808,100,99273,100,99839,100,99230,100,99844,38,99228,100,99883,100,99146,100,99930,100,,,99977,100,,,99979,100,,,100019,100,,
2019-06-28 10:05:00.000000000,99777,362,99606,262,99789,257,99293,257,99808,257,99273,257,99839,100,99230,100,99844,38,99228,100,99883,100,99146,100,99930,100,,,99977,100,,,99979,100,,,100019,100,,
2019-06-28 10:05:10.000000000,99777,676,99606,576,99789,100,99293,100,99808,100,99273,100,99839,100,99230,100,99844,38,99228,100,99883,100,99146,100,99930,100,,,99977,100,,,99979,100,,,100019,100,,
2019-06-28 10:05:20.000000000,99777,295,99606,195,99789,195,99293,195,99808,195,99273,195,99839,195,99230,195,99844,133,99228,195,99883,100,99146,100,99930,100,,,99977,100,,,99979,100,,,100019,100,,
2019-06-28 10:05:26.369853345,99777,295,99606,195,99789,95,99293,195,99808,195,99273,195,99839,195,99230,195,99844,133,99228,195,99883,100,99146,100,99930,100,,,99977,100,,,99979,100,,,100019,100,,
2019-06-28 10:05:30.000000000,99777,295,99606,195,99808,195,99293,195,99839,195,99273,195,99844,133,99230,195,99883,195,99228,195,99930,100,99146,100,99977,100,,,99979,100,,,100019,100,,,100033,100,,
2019-06-28 10:05:40.000000000,99777,319,99606,219,99808,219,99293,219,99839,219,99273,219,99844,157,99230,219,99883,100,99228,100,99930,100,99146,100,99977,100,,,99979,100,,,100019,100,,,100033,100,,
2019-06-28 10:05:50.000000000,99777,438,99606,338,99808,338,99293,338,99839,100,99273,100,99844,38,99230,100,99883,100,99228,100,99930,100,99146,100,99977,100,,,99979,100,,,100019,100,,,100033,100,,
2019-06-28 10:06:00.000000000,99777,295,99606,195,99808,195,99293,195,99839,195,99273,195,99844,133,99230,195,99883,195,99228,195,99930,100,99146,100,99977,100,,,99979,100,,,100019,100,,,100033,100,,
2019-06-28 10:06:07.370296527,99777,195,99606,195,99808,195,99293,195,99839,195,99273,195,99844,133,99230,195,99883,195,99228,195,99930,100,99146,100,99977,100,,,99979,100,,,100019,100,,,100033,100,,
2019-06-28 10:06:10.000000000,99777,195,99606,195,99808,195,99293,195,99839,195,99273,195,99844,133,99230,195,99883,195,99228,195,99930,100,99146,100,99977,100,,,99979,100,,,100019,100,,,100033,100,,
2019-06-28 10:06:16.674355985,99776,100,99606,195,99777,195,99293,195,99808,195,99273,195,99839,195,99230,195,99844,133,99228,195,99883,195,99146,100,99930,100,,,99977,100,,,99979,100,,,100019,100,,
2019-06-28 10:06:20.000000000,99776,338,99606,338,99777,338,99293,338,99808,100,99273,100,99839,100,99230,100,99844,38,99228,100,99883,100,99146,100,99930,100,,,99977,100,,,99979,100,,,100019,100,,
2019-06-28 10:06:30.000000000,99776,195,99606,195,99777,195,99293,195,99808,195,99273,195,99839,195,99230,195,99844,133,99228,195,99883,100,99146,100,99930,100,,,99977,100,,,99979,100,,,100019,100,,
2019-06-28 10:06:40.000000000,99776,195,99606,195,99777,195,99293,195,99808,195,99273,195,99839,195,99230,195,99844,133,99228,195,99883,100,99146,100,99930,100,,,99977,100,,,99979,100,,,100019,100,,
2019-06-28 10:06:50.000000000,99776,338,99606,338,99777,338,99293,338,99808,100,99273,100,99839,100,99230,100,99844,38,99228,100,99883,100,99146,100,99930,100,,,99977,100,,,99979,100,,,100019,100,,
2019-06-28 10:06:52.486901928,99776,338,99606,338,99777,338,99293,338,99782,100,99273,100,99808,100,99230,100,99839,100,99228,100,99844,38,99146,100,99930,100,,,99977,100,,,99979,100,,,100019,100,,
2019-06-28 10:07:00.000000000,99776,576,99606,576,99777,100,99293,100,99782,100,99273,100,99808,100,99230,100,99839,100,99228,100,99844,38,99146,100,99930,100,,,99977,100,,,99979,100,,,100019,100,,
2019-06-28 10:07:06.445061663,99676,100,99606,576,99776,576,99293,100,99777,100,99273,100,99782,100,99230,100,99808,100,99228,100,99839,100,99146,100,99844,38,,,99930,100,,,99977,100,,,99979,100,,
2019-06-28 10:07:10.000000000,99676,219,99606,219,99776,219,99293,219,99777,219,99273,219,99782,219,99230,219,99808,100,99228,100,99839,100,99146,100,99844,38,,,99930,100,,,99977,100,,,99979,100,,
2019-06-28 10:07:10.915350568,99676,219,99606,219,99776,219,99507,100,99777,219,99293,219,99782,219,99273,219,99808,100,99230,119,99839,100,99228,100,99844,38,99146,100,99930,100,,,99977,100,,,99979,100,,
2019-06-28 10:07:11.616650322,99676,219,99607,100,99776,219,99606,219,99777,219,99507,100,99782,219,99293,219,99808,100,99273,219,99839,100,99230,119,99844,38,99228,100,99930,100,99146,100,99977,100,,,99979,100,,
2019-06-28 10:07:20.000000000,99676,338,99607,338,99776,338,99606,338,99777,100,99507,100,99782,100,99293,100,99808,100,99273,100,99839,100,99228,100,99844,38,99146,100,99930,100,,,99977,100,,,99979,100,,
2019-06-28 10:07:26.617010733,99676,338,99607,338,99776,338,99606,338,99777,200,99507,100,99782,100,99293,100,99808,100,99273,100,99839,100,99228,100,99844,38,99146,100,99930,100,,,99977,100,,,99979,100,,
2019-06-28 10:07:30.000000000,99676,219,99607,219,99776,219,99606,219,99777,319,99507,219,99782,219,99293,219,99808,100,99273,100,99839,100,99228,100,99844,38,99146,100,99930,100,,,99977,100,,,99979,100,,
2019-06-28 10:07:36.935365476,99676,219,99607,219,99776,219,99606,219,99777,319,99507,219,99782,219,99293,219,99808,100,99273,100,99809,100,99228,100,99839,100,99146,100,99844,38,,,99930,100,,,99977,100,,
2019-06-28 10:07:40.000000000,99676,262,99607,262,99776,257,99606,257,99777,357,99507,257,99782,100,99293,100,99808,100,99273,100,99809,100,99228,100,99839,100,99146,100,99844,38,,,99930,100,,,99977,100,,
2019-06-28 10:07:40.686081544,99630,100,99607,262,99676,262,99606,157,99776,257,99507,257,99777,357,99293,100,99782,100,99273,100,99808,100,99228,100,99809,100,99146,100,99839,100,,,99844,38,,,99930,100,,
2019-06-28 10:07:49.142515158,99630,100,99607,262,99676,262,99606,157,99776,257,99507,257,99777,357,99502,100,99782,100,99293,100,99808,100,99273,100,99809,100,99228,100,99839,100,99146,100,99844,38,,,99930,100,,
2019-06-28 10:07:50.000000000,99630,338,99607,338,99676,338,99507,338,99776,100,99502,100,99777,200,99293,100,99782,100,99273,100,99808,100,99228,100,99809,100,99146,100,99839,100,,,99844,38,,,99930,100,,
2019-06-28 10:07:59.282703638,99630,338,99607,238,99676,338,99507,338,99776,100,99502,100,99777,200,99293,100,99782,100,99273,100,99808,100,99228,100,99809,100,99146,100,99839,100,,,99844,38,,,99930,100,,
2019-06-28 10:07:59.720439924,99630,338,99607,238,99676,338,99586,100,99776,100,99507,338,99777,200,99502,100,99782,100,99293,100,99808,100,99273,100,99809,100,99228,100,99839,100,99146,100,99844,38,,,99930,100,,
2019-06-28 10:08:00.000000000,99630,219,99586,219,99676,219,99507,219,99776,219,99502,219,99777,319,99293,219,99782,100,99273,100,99808,100,99228,100,99809,100,99146,100,99839,100,,,99844,38,,,99930,100,,
2019-06-28 10:08:06.282241873,99630,219,99586,219,99676,219,99507,219,99776,219,99502,219,99777,219,99293,219,99782,100,99273,100,99808,100,99228,100,99809,100,99146,100,99839,100,,,99844,38,,,99930,100,,
2019-06-28 10:08:10.000000000,99630,262,99586,262,99676,257,99507,257,99776,257,99502,257,99777,100,99293,100,99782,100,99273,100,99808,100,99228,100,99809,100,99146,100,99839,100,,,99844,38,,,99930,100,,
2019-06-28 10:08:20.000000000,99630,219,99586,219,99676,219,99507,219,99776,219,99502,219,99777,219,99293,219,99782,100,99273,100,99808,100,99228,100,99809,100,99146,100,99839,100,,,99844,38,,,99930,100,,
2019-06-28 10:08:28.646176737,99630,119,99586,219,99676,219,99507,219,99776,219,99502,219,99777,219,99293,219,99782,100,99273,100,99808,100,99228,100,99809,100,99146,100,99839,100,,,99844,38,,,99930,100,,
2019-06-28 10:08:30.000000000,99676,262,99586,262,99776,257,99507,257,99777,257,99502,257,99782,100,99293,100,99808,100,99273,100,99809,100,99228,100,99839,100,99146,100,99844,38,,,99930,100,,,99977,100,,
2019-06-28 10:08:30.797139828,99676,262,99586,262,99776,257,99507,257,99777,257,99502,257,99782,100,99293,100,99808,100,99273,100,99809,100,99228,100,99839,100,99146,100,99844,38,,,99930,100,,,99977,100,,
2019-06-28 10:08:40.000000000,99676,338,99586,338,99776,338,99507,338,99777,100,99502,100,99782,100,99293,100,99808,100,99273,100,99809,100,99228,100,99839,100,99146,100,99844,38,,,99930,100,,,99977,100,,
2019-06-28 10:08:50.000000000,99676,195,99586,195,99776,195,99507,195,99777,195,99502,195,99782,195,99293,195,99808,195,99273,195,99809,100,99228,100,99839,100,99146,100,99844,38,,,99930,100,,,99977,100,,
2019-06-28 10:09:00.000000000,99676,262,99586,262,99776,257,99507,257,99777,257,99502,257,99782,100,99293,100,99808,100,99273,100,99809,100,99228,100,99839,100,99146,100,99844,38,,,99930,100,,,99977,100,,
2019-06-28 10:09:04.913126477,99676,262,99586,262,99776,257,99507,257,99777,257,99502,257,99782,100,99293,100,99808,100,99273,100,99809,100,99228,100,99839,100,99146,100,99844,38,,,99930,100,,,99977,100,,
2019-06-28 10:09:10.000000000,99676,576,99586,576,99776,100,99507,100,99777,100,99502,100,99782,100,99293,100,99808,100,99273,100,99809,100,99228,100,99839,100,99146,100,99844,38,,,99930,100,,,99977,100,,
2019-06-28 10:09:11.958289723,99676,476,99586,576,99776,100,99507,100,99777,100,99502,100,99782,100,99293,100,99808,100,99273,100,99809,100,99228,100,99839,100,99146,100,99844,38,,,99930,100,,,99977,100,,
2019-06-28 10:09:17.078529746,99676,476,99630,100,99776,100,99586,576,99777,100,99507,100,99782,100,99502,100,99808,100,99293,100,99809,100,99273,100,99839,100,99228,100,99844,38,99146,100,99930,100,,,99977,100,,
2019-06-28 10:09:20.000000000,99776,576,99630,576,99777,100,99586,100,99782,100,99507,100,99808,100,99502,100,99809,100,99293,100,99839,100,99273,100,99844,38,99228,100,99930,100,99146,100,99977,100,,,99979,100,,
2019-06-28 10:09:30.000000000,99776,338,99630,338,99777,338,99586,338,99782,100,99507,100,99808,100,99502,100,99809,100,99293,100,99839,100,99273,100,99844,38,99228,100,99930,100,99146,100,99977,100,,,99979,100,,
2019-06-28 10:09:40.000000000,99776,195,99630,195,99777,195,99586,195,99782,195,99507,195,99808,195,99502,195,99809,195,99293,195,99839,100,99273,100,99844,38,99228,100,99930,100,99146,100,99977,100,,,99979,100,,
2019-06-28 10:09:50.000000000,99776,576,99630,576,99777,100,99586,100,99782,100,99507,100,99808,100,99502,100,99809,100,99293,100,99839,100,99273,100,99844,38,99228,100,99930,100,99146,100,99977,100,,,99979,100,,
2019-06-28 10:09:51.078606532,99776,576,99630,676,99777,100,99586,100,99782,100,99507,100,99808,100,99502,100,99809,100,99293,100,99839,100,99273,100,99844,38,99228,100,99930,100,99146,100,99977,100,,,99979,100,,
2019-06-28 10:10:00.000000000,99776,219,99630,319,99777,219,99586,219,99782,219,99507,219,99808,219,99502,219,99809,100,99293,100,99839,100,99273,100,99844,38,99228,100,99930,100,99146,100,99977,100,,,99979,100,,
2019-06-28 10:10:09.987121206,99776,219,99700,100,99777,219,99630,319,99782,219,99586,219,99808,219,99507,119,99809,100,99502,219,99839,100,99293,100,99844,38,99273,100,99930,100,99228,100,99977,100,99146,100,99979,100,,
2019-06-28 10:10:10.000000000,99776,262,99700,262,99777,257,99630,357,99782,257,99586,257,99808,100,99502,100,99809,100,99293,100,99839,100,99273,100,99844,38,99228,100,99930,100,99146,100,99977,100,,,99979,100,,
2019-06-28 10:10:20.000000000,99776,262,99700,262,99777,257,99630,357,99782,257,99586,257,99808,100,99502,100,99809,100,99293,100,99839,100,99273,100,99844,38,99228,100,99930,100,99146,100,99977,100,,,99979,100,,
2019-06-28 10:10:26.716319733,99776,262,99700,262,99777,257,99630,357,99782,257,99608,100,99808,100,99586,257,99809,100,99502,100,99839,100,99293,100,99844,38,99273,100,99930,100,99228,100,99977,100,99146,100,99979,100,,
2019-06-28 10:10:30.000000000,99776,195,99700,195,99777,195,99630,295,99782,195,99608,195,99808,195,99586,195,99809,195,99502,195,99839,100,99293,100,99844,38,99273,100,99930,100,99228,100,99977,100,99146,100,99979,100,,
2019-06-28 10:10:33.484337270,99776,195,99700,195,99777,195,99630,295,99782,195,99608,195,99808,195,99586,195,99809,195,99557,100,99839,100,99502,195,99844,38,99293,100,99930,100,99273,100,99977,100,99228,100,99979,100,99146,100
2019-06-28 10:10:38.369473705,99700,5,99630,295,99776,195,99608,195,99777,195,99586,195,99782,195,99557,100,99808,195,99502,195,99809,195,99293,100,99839,100,99273,100,99844,38,99228,100,99930,100,99146,100,99977,100,,
2019-06-28 10:10:40.000000000,99700,167,99630,362,99776,257,99608,257,99777,257,99586,257,99782,100,99557,100,99808,100,99502,100,99809,100,99293,100,99839,100,99273,100,99844,38,99228,100,99930,100,99146,100,99977,100,,
2019-06-28 10:10:45.681623032,99700,167,99630,362,99776,257,99608,257,99777,257,99586,257,99782,100,99557,100,99808,100,99536,100,99809,100,99502,100,99839,100,99293,100,99844,38,99273,100,99930,100,99228,100,99977,100,99146,100
2019-06-28 10:10:49.654805405,99700,267,99630,362,99776,257,99608,257,99777,257,99586,257,99782,100,99557,100,99808,100,99536,100,99809,100,99502,100,99839,100,99293,100,99844,38,99273,100,99930,100,99228,100,99977,100,99146,100
2019-06-28 10:10:50.000000000,99700,581,99630,676,99776,100,99608,100,99777,100,99586,100,99782,100,99557,100,99808,100,99536,100,99809,100,99502,100,99839,100,99293,100,99844,38,99273,100,99930,100,99228,100,99977,100,99146,100
2019-06-28 10:11:00.000000000,99700,267,99630,362,99776,257,99608,257,99777,257,99586,257,99782,100,99557,100,99808,100,99536,100,99809,100,99502,100,99839,100,99293,100,99844,38,99273,100,99930,100,99228,100,99977,100,99146,100
2019-06-28 10:11:10.000000000,99700,267,99630,362,99776,257,99608,257,99777,257,99586,257,99782,100,99557,100,99808,100,99536,100,99809,100,99502,100,99839,100,99293,100,99844,38,99273,100,99930,100,99228,100,99977,100,99146,100
2019-06-28 10:11:20.000000000,99700,224,99630,319,99776,219,99608,219,99777,219,99586,219,99782,219,99557,219,99808,100,99536,100,99809,100,99502,100,99839,100,99293,100,99844,38,99273,100,99930,100,99228,100,99977,100,99146,100
2019-06-28 10:11:30.000000000,99700,581,99630,676,99776,100,99608,100,99777,100,99586,100,99782,100,99557,100,99808,100,99536,100,99809,100,99502,100,99839,100,99293,100,99844,38,99273,100,99930,100,99228,100,99977,100,99146,100
2019-06-28 10:11:40.000000000,99700,581,99630,676,99776,100,99608,100,99777,100,99586,100,99782,100,99557,100,99808,100,99536,100,99809,100,99502,100,99839,100,99293,100,99844,38,99273,100,99930,100,99228,100,99977,100,99146,100
