,ask_price_1,ask_size_1,bid_price_1,bid_size_1,ask_price_2,ask_size_2,bid_price_2,bid_size_2,ask_price_3,ask_size_3,bid_price_3,bid_size_3,ask_price_4,ask_size_4,bid_price_4,bid_size_4,ask_price_5,ask_size_5,bid_price_5,bid_size_5,ask_price_6,ask_size_6,bid_price_6,bid_size_6,ask_price_7,ask_size_7,bid_price_7,bid_size_7,ask_price_8,ask_size_8,bid_price_8,bid_size_8,ask_price_9,ask_size_9,bid_price_9,bid_size_9,ask_price_10,ask_size_10,bid_price_10,bid_size_10
2019-06-28 09:30:00.000000003,,,99965,100,,,,,,,,,,,,,,,,,,,,,,,,,,,,,,,,,,,,
2019-06-28 09:30:00.000000004,,,100026,100,,,99965,100,,,,,,,,,,,,,,,,,,,,,,,,,,,,,,,,
2019-06-28 09:30:00.000000005,100052,100,100026,100,,,99965,100,,,,,,,,,,,,,,,,,,,,,,,,,,,,,,,,
2019-06-28 09:30:00.000000006,100052,100,100026,100,100085,100,99965,100,,,,,,,,,,,,,,,,,,,,,,,,,,,,,,,,
2019-06-28 09:30:00.000000009,100052,100,100026,100,100085,100,99965,100,,,99868,100,,,,,,,,,,,,,,,,,,,,,,,,,,,,
2019-06-28 09:30:00.000000010,100052,100,100026,100,100085,100,99965,100,,,99890,100,,,99868,100,,,,,,,,,,,,,,,,,,,,,,,,
2019-06-28 09:30:00.000000011,100052,100,100026,100,100085,100,99965,100,,,99890,100,,,99868,100,,,99832,100,,,,,,,,,,,,,,,,,,,,
2019-06-28 09:30:00.000000013,100039,100,99965,100,100052,100,99890,100,100057,100,99868,100,100085,100,99832,100,,,,,,,,,,,,,,,,,,,,,,,,
2019-06-28 09:30:00.000000014,100039,100,99979,100,100052,100,99965,100,100057,100,99936,100,100085,100,99890,100,,,99868,100,,,99832,100,,,,,,,,,,,,,,,,
2019-06-28 09:30:00.000000018,100039,100,99999,100,100052,100,99979,100,100057,100,99965,100,100085,100,99936,100,,,99890,100,,,99868,100,,,99832,100,,,,,,,,,,,,
2019-06-28 09:30:00.000000019,100039,100,99999,100,100052,100,99986,100,100057,100,99981,100,100085,100,99979,100,100146,100,99965,100,,,99936,100,,,99890,100,,,99868,100,,,99832,100,,,,
2019-06-28 09:30:00.000000020,100039,100,99986,100,100052,100,99981,100,100057,100,99979,100,100085,100,99965,100,100146,100,99936,100,,,99890,100,,,99868,100,,,99832,100,,,,,,,,
2019-06-28 09:30:00.000000023,100039,100,100010,100,100052,100,99986,100,100057,100,99981,100,100085,100,99979,100,100146,100,99965,100,,,99936,100,,,99890,100,,,99868,100,,,99832,100,,,,
2019-06-28 09:30:00.000000030,100039,100,100027,100,100052,100,100010,100,100057,100,99986,100,100085,100,99981,100,100146,100,99979,100,,,99965,100,,,99936,100,,,99890,100,,,99868,100,,,99832,100
2019-06-28 09:30:00.000000032,100039,100,100027,100,100052,100,100010,100,100057,100,99986,100,100085,100,99981,100,100146,100,99980,100,,,99979,100,,,99965,100,,,99936,100,,,99890,100,,,99868,100
2019-06-28 09:30:00.000000033,100039,100,100027,100,100052,100,100010,100,100057,100,100006,100,100085,100,99986,100,100146,100,99981,100,,,99980,100,,,99979,100,,,99965,100,,,99936,100,,,99890,100
2019-06-28 09:30:00.000000037,100039,100,100027,100,100052,100,100010,100,100057,100,100006,100,100085,100,99986,100,100146,100,99981,100,,,99980,100,,,99979,100,,,99965,100,,,99936,100,,,99890,100
2019-06-28 09:30:00.000000038,100028,100,100027,100,100039,100,100010,100,100052,100,100006,100,100057,100,99986,100,100085,100,99981,100,100146,100,99980,100,100174,100,99979,100,,,99965,100,,,99936,100,,,99890,100
2019-06-28 09:30:00.000000039,100028,100,100027,100,100039,100,100010,100,100052,100,100006,100,100057,100,99986,100,100085,100,99981,100,100146,100,99980,100,100174,100,99979,100,,,99965,100,,,99936,100,,,99897,100
2019-06-28 09:30:00.000000041,100028,200,100027,100,100039,100,100010,100,100052,100,100006,100,100057,100,99986,100,100085,100,99981,100,100140,100,99980,100,100146,100,99979,100,100174,100,99965,100,,,99936,100,,,99897,100
2019-06-28 09:30:00.000000043,100028,200,100027,100,100039,100,100010,100,100052,100,100006,100,100057,100,99986,100,100085,100,99981,100,100140,100,99980,100,100146,200,99979,100,100174,100,99965,100,,,99936,100,,,99903,100
2019-06-28 09:30:00.000000044,100028,200,100027,100,100039,100,100010,100,100049,100,100006,100,100052,100,99986,100,100057,100,99981,100,100085,100,99980,100,100140,100,99979,100,100146,200,99965,100,100174,100,99936,100,,,99903,100
2019-06-28 09:30:00.000000045,100028,200,100027,100,100039,100,100010,100,100049,100,100006,100,100052,100,99986,100,100057,100,99981,100,100078,100,99980,100,100085,100,99979,100,100140,100,99965,100,100146,200,99936,100,100174,100,99903,100
2019-06-28 09:30:00.000000046,100028,200,100027,100,100039,100,100010,100,100049,100,100006,100,100052,100,99986,100,100057,100,99981,100,100078,100,99980,100,100085,100,99979,100,100090,100,99965,100,100095,100,99936,100,100140,100,99903,100
2019-06-28 09:30:00.000000049,100028,300,100027,100,100039,100,100010,100,100049,100,100006,100,100052,100,99986,100,100057,100,99981,100,100078,100,99980,100,100085,100,99979,100,100090,100,99965,100,100095,100,99936,100,100140,100,99903,100
2019-06-28 09:30:00.000000051,100028,300,100027,100,100039,100,100010,100,100049,100,100006,100,100052,100,99986,100,100057,100,99981,100,100078,100,99980,100,100085,100,99979,100,100090,100,99965,100,100095,100,99936,100,100140,100,99903,100
2019-06-28 09:30:00.000000052,100028,300,100027,100,100039,100,100010,100,100049,100,100006,100,100052,100,99986,100,100057,100,99981,100,100078,100,99980,100,100085,100,99979,100,100090,100,99965,100,100095,100,99936,100,100140,100,99934,100
2019-06-28 09:30:00.000000054,100028,300,100027,100,100039,100,100010,100,100049,100,100006,100,100052,100,99986,100,100057,100,99981,100,100078,100,99980,100,100085,100,99979,100,100090,100,99965,100,100095,100,99936,100,100140,100,99934,100
2019-06-28 09:30:00.000000055,100028,300,100027,100,100039,100,100010,100,100049,100,100006,100,100052,100,99999,100,100057,100,99986,100,100078,100,99981,100,100085,100,99980,100,100090,100,99979,100,100095,100,99965,100,100140,100,99936,100
2019-06-28 09:30:00.000000057,100028,200,100027,100,100039,100,100010,100,100049,100,100006,100,100052,100,99999,100,100057,100,99986,100,100078,100,99981,100,100085,100,99980,100,100090,100,99979,100,100095,100,99965,100,100140,100,99936,100
2019-06-28 09:30:00.000000058,100028,200,100027,100,100039,100,100010,100,100049,100,100006,100,100052,100,99999,100,100057,100,99986,100,100078,100,99981,100,100085,100,99980,100,100090,100,99979,100,100095,100,99965,100,100140,100,99936,100
2019-06-28 09:30:00.000000059,100028,200,100027,100,100039,100,100010,100,100049,100,100006,100,100052,100,99999,100,100057,100,99986,100,100065,100,99981,100,100078,100,99980,100,100085,100,99979,100,100090,100,99965,100,100095,100,99936,100
2019-06-28 09:30:00.000000060,100028,200,100010,100,100039,100,100006,100,100049,100,99999,100,100052,100,99986,100,100056,100,99981,100,100057,100,99980,100,100065,100,99979,100,100078,100,99965,100,100085,100,99936,100,100090,100,99934,100
2019-06-28 09:30:00.000000063,100028,200,100010,100,100039,100,100006,100,100049,100,99999,100,100052,100,99986,100,100056,100,99981,100,100057,100,99980,100,100065,100,99979,100,100078,100,99965,100,100085,100,99936,100,100090,100,99934,100
2019-06-28 09:30:00.000000065,100028,200,100010,100,100039,100,100006,100,100049,100,99999,100,100052,100,99986,100,100056,100,99981,100,100057,100,99980,100,100065,100,99979,100,100078,100,99965,100,100085,100,99936,100,100090,100,99934,100
2019-06-28 09:30:00.000000069,100028,200,100010,100,100039,100,100006,100,100049,100,99999,100,100052,100,99986,100,100056,100,99981,100,100057,100,99980,100,100065,100,99979,100,100078,100,99965,100,100085,100,99936,100,100090,100,99935,100
2019-06-28 09:30:00.000000070,100028,200,100010,100,100039,100,100006,100,100049,100,99999,100,100052,100,99986,100,100056,100,99981,100,100057,100,99980,100,100065,100,99979,100,100078,100,99965,100,100085,100,99936,100,100090,100,99935,100
2019-06-28 09:30:00.000000071,100028,200,100006,100,100039,100,99999,100,100049,100,99986,100,100052,100,99981,100,100056,100,99980,100,100057,100,99979,100,100065,100,99965,100,100078,100,99936,100,100085,100,99935,100,100090,100,99934,100
2019-06-28 09:30:00.000000074,100028,200,100006,100,100039,100,99999,100,100049,100,99986,100,100052,100,99981,100,100056,100,99980,100,100057,100,99979,100,100065,100,99965,100,100078,100,99936,100,100085,100,99935,100,100090,100,99934,100
2019-06-28 09:30:00.000000075,100027,100,100006,100,100028,200,99999,100,100039,100,99986,100,100049,100,99981,100,100052,100,99980,100,100056,100,99979,100,100057,100,99965,100,100065,100,99936,100,100078,100,99935,100,100085,100,99934,100
2019-06-28 09:30:00.000000076,100027,100,100006,100,100028,200,99999,100,100039,100,99986,100,100049,100,99981,100,100052,100,99980,100,100056,100,99979,100,100057,100,99965,100,100065,100,99936,100,100078,100,99935,100,100085,100,99934,100
2019-06-28 09:30:00.000000079,100027,100,100006,100,100028,200,99999,100,100039,100,99986,100,100049,100,99981,100,100052,100,99980,100,100056,100,99979,100,100057,100,99965,100,100065,100,99936,100,100078,100,99935,100,100085,100,99934,100
2019-06-28 09:30:00.000000082,100027,100,100006,100,100028,200,99999,100,100039,100,99986,100,100049,100,99981,100,100052,100,99980,100,100056,100,99979,100,100057,100,99965,100,100065,100,99936,100,100078,100,99935,100,100085,100,99934,100
2019-06-28 09:30:00.000000083,100027,100,100006,100,100028,200,99999,100,100039,100,99986,100,100049,100,99981,100,100052,100,99980,100,100056,100,99979,100,100057,100,99965,100,100065,100,99936,100,100078,100,99935,100,100085,100,99934,100
2019-06-28 09:30:00.000000084,100027,100,100006,100,100028,200,99999,100,100039,100,99986,100,100049,100,99981,100,100052,100,99980,100,100056,100,99979,100,100057,100,99965,100,100065,100,99951,100,100078,100,99936,100,100085,100,99935,100
2019-06-28 09:30:00.000000086,100027,100,100006,100,100028,200,99999,100,100039,100,99986,100,100049,100,99981,100,100052,100,99980,100,100056,100,99979,100,100057,100,99965,100,100065,100,99951,100,100078,100,99936,100,100085,100,99935,100
2019-06-28 09:30:00.000000092,100027,100,100006,100,100028,200,99999,100,100039,100,99986,100,100049,100,99981,100,100052,100,99980,100,100056,100,99979,100,100057,100,99976,100,100065,100,99965,100,100078,100,99951,100,100085,100,99936,100
2019-06-28 09:30:00.000000096,100027,100,100006,100,100028,200,99999,100,100039,100,99986,100,100049,100,99981,100,100052,100,99980,100,100056,100,99979,100,100057,100,99976,100,100065,100,99965,100,100078,100,99951,100,100085,100,99936,100
2019-06-28 09:30:00.000000098,100008,100,100006,100,100027,100,99999,100,100028,200,99986,100,100039,100,99981,100,100049,100,99980,100,100052,100,99979,100,100056,100,99976,100,100057,100,99965,100,100065,100,99951,100,100078,100,99936,100
2019-06-28 09:30:00.000000099,100008,100,100006,100,100027,100,99999,100,100028,200,99986,100,100039,100,99981,100,100049,100,99980,100,100052,100,99979,100,100056,100,99976,100,100057,100,99965,100,100065,100,99951,100,100077,100,99936,100
2019-06-28 09:30:07.260157014,100008,100,100006,100,100027,100,99999,100,100028,200,99986,100,100039,100,99981,100,100049,100,99980,100,100052,100,99979,100,100056,100,99976,100,100057,100,99965,100,100065,100,99951,100,100077,100,99936,100
2019-06-28 09:30:08.084166305,100027,100,100006,100,100028,200,99999,100,100039,100,99986,100,100049,100,99983,100,100052,100,99981,100,100056,100,99980,100,100057,100,99979,100,100065,100,99976,100,100077,100,99965,100,100078,100,99951,100
2019-06-28 09:30:10.000000000,100027,259,100006,259,100028,355,99999,255,100039,255,99986,255,100049,100,99983,100,100052,100,99981,100,100056,100,99980,100,100057,100,99979,100,100065,100,99976,100,100077,100,99965,100,100078,100,99951,100
2019-06-28 09:30:15.584494709,100027,159,100006,259,100028,355,99999,255,100039,255,99986,255,100049,100,99983,100,100052,100,99981,100,100056,100,99980,100,100057,100,99979,100,100065,100,99976,100,100077,100,99965,100,100078,100,99951,100
2019-06-28 09:30:20.000000000,100028,317,100006,217,100039,217,99999,217,100049,217,99986,217,100052,217,99983,217,100056,100,99981,100,100057,100,99980,100,100065,100,99979,100,100077,100,99976,100,100078,100,99965,100,100085,100,99951,100
2019-06-28 09:30:21.003980012,100013,100,100006,217,100028,317,99999,217,100039,217,99986,217,100049,217,99983,217,100052,217,99981,100,100056,100,99980,100,100057,100,99979,100,100065,100,99976,100,100077,100,99965,100,100078,100,99951,100
2019-06-28 09:30:30.000000000,100013,569,100006,569,100028,200,99999,100,100039,100,99986,100,100049,100,99983,100,100052,100,99981,100,100056,100,99980,100,100057,100,99979,100,100065,100,99976,100,100077,100,99965,100,100078,100,99951,100
2019-06-28 09:30:33.797873938,100013,469,100006,569,100028,200,99999,100,100039,100,99986,100,100049,100,99983,100,100052,100,99981,100,100056,100,99980,100,100057,100,99979,100,100065,100,99976,100,100077,100,99965,100,100078,100,99951,100
2019-06-28 09:30:34.921140941,100013,469,100006,569,100028,200,99999,100,100039,100,99986,100,100049,100,99983,100,100052,100,99981,100,100056,100,99980,100,100057,100,99979,100,100065,100,99976,100,100077,100,99965,100,100078,100,99951,100
2019-06-28 09:30:34.970756573,100013,369,100006,569,100028,200,99999,100,100039,100,99986,100,100049,100,99983,100,100052,100,99981,100,100056,100,99980,100,100057,100,99979,100,100065,100,99976,100,100078,100,99965,100,100085,100,99951,100
2019-06-28 09:30:40.000000000,100028,359,100006,259,100039,255,99999,255,100049,255,99986,255,100052,100,99983,100,100056,100,99981,100,100057,100,99980,100,100065,100,99979,100,100078,100,99976,100,100085,100,99965,100,100090,100,99951,100
2019-06-28 09:30:50.000000000,100028,294,100006,194,100039,194,99999,194,100049,194,99986,194,100052,194,99983,194,100056,194,99981,194,100057,100,99980,100,100065,100,99979,100,100078,100,99976,100,100085,100,99965,100,100090,100,99951,100
2019-06-28 09:30:53.699933716,100028,294,100006,194,100039,194,99999,194,100049,194,99986,194,100052,194,99983,194,100056,194,99981,194,100057,100,99980,100,100065,100,99979,100,100078,100,99976,100,100085,100,99965,100,100090,100,99951,100
2019-06-28 09:30:59.222120294,100028,294,100006,194,100039,194,99999,194,100049,194,99986,194,100052,194,99983,194,100056,194,99981,94,100057,100,99980,100,100065,100,99979,100,100078,100,99976,100,100085,100,99965,100,100090,100,99951,100
2019-06-28 09:31:00.000000000,100028,317,100006,217,100039,217,99999,217,100049,217,99986,217,100052,217,99983,217,100056,100,99980,100,100057,100,99979,100,100065,100,99976,100,100078,100,99965,100,100085,100,99951,100,100090,100,99936,100
2019-06-28 09:31:10.000000000,100028,669,100006,569,100039,100,99999,100,100049,100,99986,100,100052,100,99983,100,100056,100,99980,100,100057,100,99979,100,100065,100,99976,100,100078,100,99965,100,100085,100,99951,100,100090,100,99936,100
2019-06-28 09:31:20.000000000,100028,317,100006,217,100039,217,99999,217,100049,217,99986,217,100052,217,99983,217,100056,100,99980,100,100057,100,99979,100,100065,100,99976,100,100078,100,99965,100,100085,100,99951,100,100090,100,99936,100
2019-06-28 09:31:20.435283186,100028,217,100006,217,100039,217,99999,217,100049,217,99986,217,100052,217,99983,217,100056,100,99980,100,100057,100,99979,100,100065,100,99976,100,100078,100,99965,100,100085,100,99951,100,100090,100,99936,100
2019-06-28 09:31:30.000000000,100028,259,100006,259,100039,255,99999,255,100049,255,99986,255,100052,100,99983,100,100056,100,99980,100,100057,100,99979,100,100065,100,99976,100,100078,100,99965,100,100085,100,99951,100,100090,100,99936,100
2019-06-28 09:31:40.000000000,100028,334,100006,334,100039,334,99999,334,100049,100,99986,100,100052,100,99983,100,100056,100,99980,100,100057,100,99979,100,100065,100,99976,100,100078,100,99965,100,100085,100,99951,100,100090,100,99936,100
2019-06-28 09:31:46.461895973,100028,334,100006,334,100039,334,99999,334,100049,100,99986,100,100052,100,99983,100,100056,100,99980,100,100057,100,99979,100,100065,100,99976,100,100078,100,99965,100,100085,100,99955,100,100090,100,99951,100
2019-06-28 09:31:50.000000000,100028,217,100006,217,100039,217,99999,217,100049,217,99986,217,100052,217,99983,217,100056,100,99980,100,100057,100,99979,100,100065,100,99976,100,100078,100,99965,100,100085,100,99955,100,100090,100,99951,100
2019-06-28 09:31:58.628615160,100028,217,100006,217,100039,217,99999,117,100049,217,99986,217,100052,217,99983,217,100056,100,99980,100,100057,100,99979,100,100065,100,99976,100,100078,100,99965,100,100085,100,99955,100,100090,100,99951,100
2019-06-28 09:32:00.000000000,100028,334,100006,334,100039,334,99986,334,100049,100,99983,100,100052,100,99980,100,100056,100,99979,100,100057,100,99976,100,100065,100,99965,100,100078,100,99955,100,100085,100,99951,100,100090,100,99936,100
2019-06-28 09:32:05.168605477,100027,100,100006,334,100028,334,99986,334,100039,334,99983,100,100049,100,99980,100,100052,100,99979,100,100056,100,99976,100,100057,100,99965,100,100065,100,99955,100,100078,100,99951,100,100085,100,99936,100
2019-06-28 09:32:08.030624256,100027,100,100013,100,100028,334,100006,334,100039,334,99986,334,100049,100,99983,100,100052,100,99980,100,100056,100,99979,100,100057,100,99976,100,100065,100,99965,100,100078,100,99955,100,100085,100,99951,100
2019-06-28 09:32:10.000000000,100027,334,100013,334,100028,334,100006,334,100039,100,99986,100,100049,100,99983,100,100052,100,99980,100,100056,100,99979,100,100057,100,99976,100,100065,100,99965,100,100078,100,99955,100,100085,100,99951,100
2019-06-28 09:32:20.000000000,100027,194,100013,194,100028,194,100006,194,100039,194,99986,194,100049,194,99983,194,100052,194,99980,194,100056,100,99979,100,100057,100,99976,100,100065,100,99965,100,100078,100,99955,100,100085,100,99951,100
2019-06-28 09:32:22.485664523,100027,194,100013,194,100028,194,100006,194,100039,194,99986,194,100049,194,99983,194,100052,194,99980,194,100056,100,99979,100,100057,100,99976,100,100065,100,99965,100,100078,100,99955,100,100085,100,99951,100
2019-06-28 09:32:30.000000000,100027,194,100013,194,100028,194,100006,194,100039,194,99986,194,100049,194,99983,194,100052,194,99980,194,100056,100,99979,100,100057,100,99976,100,100065,100,99965,100,100078,100,99955,100,100085,100,99951,100
2019-06-28 09:32:40.000000000,100027,334,100013,334,100028,334,100006,334,100039,100,99986,100,100049,100,99983,100,100052,100,99980,100,100056,100,99979,100,100057,100,99976,100,100065,100,99965,100,100078,100,99955,100,100085,100,99951,100
2019-06-28 09:32:40.652417972,100027,334,100013,434,100028,334,100006,334,100039,100,99986,100,100049,100,99983,100,100056,100,99980,100,100057,100,99979,100,100065,100,99976,100,100078,100,99965,100,100085,100,99955,100,100090,100,99951,100
2019-06-28 09:32:42.362091178,100027,334,100013,534,100028,334,100006,334,100039,100,99986,100,100049,100,99983,100,100056,100,99980,100,100057,100,99979,100,100065,100,99976,100,100078,100,99965,100,100090,100,99955,100,100136,100,99951,100
2019-06-28 09:32:50.000000000,100027,569,100013,769,100028,100,100006,100,100039,100,99986,100,100049,100,99983,100,100056,100,99980,100,100057,100,99979,100,100065,100,99976,100,100078,100,99965,100,100090,100,99955,100,100136,100,99951,100
2019-06-28 09:33:00.000000000,100027,217,100013,417,100028,217,100006,217,100039,217,99986,217,100049,217,99983,217,100056,100,99980,100,100057,100,99979,100,100065,100,99976,100,100078,100,99965,100,100090,100,99955,100,100136,100,99951,100
2019-06-28 09:33:07.400302288,100027,217,100013,417,100028,217,100006,217,100039,217,99986,217,100049,217,99983,217,100056,100,99980,100,100057,100,99979,100,100065,100,99976,100,100078,100,99965,100,100090,100,99955,100,100136,100,99951,100
2019-06-28 09:33:10.000000000,100027,194,100013,394,100028,194,100006,194,100039,194,99986,194,100049,194,99983,194,100056,194,99980,194,100057,100,99979,100,100065,100,99976,100,100078,100,99965,100,100090,100,99955,100,100136,100,99951,100
2019-06-28 09:33:20.000000000,100027,194,100013,394,100028,194,100006,194,100039,194,99986,194,100049,194,99983,194,100056,194,99980,194,100057,100,99979,100,100065,100,99976,100,100078,100,99965,100,100090,100,99955,100,100136,100,99951,100
2019-06-28 09:33:30.000000000,100027,334,100013,534,100028,334,100006,334,100039,100,99986,100,100049,100,99983,100,100056,100,99980,100,100057,100,99979,100,100065,100,99976,100,100078,100,99965,100,100090,100,99955,100,100136,100,99951,100
2019-06-28 09:33:35.597729324,100027,334,100013,534,100028,334,100006,334,100039,100,99986,100,100049,100,99983,100,100056,100,99980,100,100057,100,99979,100,100065,100,99965,100,100078,100,99955,100,100090,100,99951,100,100136,100,99935,100
2019-06-28 09:33:40.000000000,100027,194,100013,394,100028,194,100006,194,100039,194,99986,194,100049,194,99983,194,100056,194,99980,194,100057,100,99979,100,100065,100,99965,100,100078,100,99955,100,100090,100,99951,100,100136,100,99935,100
2019-06-28 09:33:43.174616342,100027,194,100013,394,100028,194,100006,194,100039,194,99986,194,100049,194,99983,194,100056,194,99980,194,100057,100,99979,100,100065,100,99965,100,100078,100,99955,100,100090,100,99951,100,100136,100,99934,100
2019-06-28 09:33:50.000000000,100027,334,100013,534,100028,334,100006,334,100039,100,99986,100,100049,100,99983,100,100056,100,99980,100,100057,100,99979,100,100065,100,99965,100,100078,100,99955,100,100090,100,99951,100,100136,100,99934,100
2019-06-28 09:34:00.000000000,100027,194,100013,394,100028,194,100006,194,100039,194,99986,194,100049,194,99983,194,100056,194,99980,194,100057,100,99979,100,100065,100,99965,100,100078,100,99955,100,100090,100,99951,100,100136,100,99934,100
2019-06-28 09:34:03.579042802,100027,94,100013,394,100028,194,100006,194,100039,194,99986,194,100049,194,99983,194,100056,194,99980,194,100057,100,99979,100,100065,100,99965,100,100078,100,99955,100,100090,100,99951,100,100136,100,99934,100
2019-06-28 09:34:10.000000000,100028,259,100013,459,100039,255,100006,255,100049,255,99986,255,100056,100,99983,100,100057,100,99980,100,100065,100,99979,100,100078,100,99965,100,100090,100,99955,100,100136,100,99951,100,100140,100,99934,100
2019-06-28 09:34:10.219800727,100028,159,100013,459,100039,255,100006,255,100049,255,99986,255,100056,100,99983,100,100057,100,99980,100,100065,100,99979,100,100078,100,99965,100,100090,100,99955,100,100136,100,99951,100,100140,100,99934,100
2019-06-28 09:34:19.232796947,100028,59,100013,459,100039,255,100006,255,100049,255,99986,255,100056,100,99980,100,100057,100,99979,100,100065,100,99965,100,100078,100,99955,100,100090,100,99951,100,100136,100,99934,100,100140,100,99930,100
2019-06-28 09:34:20.000000000,100039,334,100013,534,100049,334,100006,334,100056,100,99986,100,100057,100,99980,100,100065,100,99979,100,100078,100,99965,100,100090,100,99955,100,100136,100,99951,100,100140,100,99934,100,100145,100,99930,100
2019-06-28 09:34:30.000000000,100039,569,100013,769,100049,100,100006,100,100056,100,99986,100,100057,100,99980,100,100065,100,99979,100,100078,100,99965,100,100090,100,99955,100,100136,100,99951,100,100140,100,99934,100,100145,100,99930,100
2019-06-28 09:34:32.959645969,100039,569,100028,100,100049,100,100013,669,100056,100,100006,100,100057,100,99986,100,100065,100,99980,100,100078,100,99979,100,100090,100,99965,100,100136,100,99955,100,100140,100,99951,100,100145,100,99934,100
2019-06-28 09:34:33.323558051,100039,469,100028,100,100049,100,100013,669,100056,100,100006,100,100057,100,99986,100,100065,100,99980,100,100078,100,99979,100,100090,100,99965,100,100136,100,99955,100,100140,100,99951,100,100145,100,99934,100
2019-06-28 09:34:40.000000000,100049,569,100028,569,100056,100,100013,200,100057,100,100006,100,100065,100,99986,100,100078,100,99980,100,100090,100,99979,100,100136,100,99965,100,100140,100,99955,100,100145,100,99951,100,100146,200,99934,100
2019-06-28 09:34:50.000000000,100049,259,100028,259,100056,255,100013,355,100057,255,100006,255,100065,100,99986,100,100078,100,99980,100,100090,100,99979,100,100136,100,99965,100,100140,100,99955,100,100145,100,99951,100,100146,200,99934,100
2019-06-28 09:35:00.000000000,100049,259,100028,259,100056,255,100013,355,100057,255,100006,255,100065,100,99986,100,100078,100,99980,100,100090,100,99979,100,100136,100,99965,100,100140,100,99955,100,100145,100,99951,100,100146,200,99934,100
2019-06-28 09:35:10.000000000,100049,259,100028,259,100056,255,100013,355,100057,255,100006,255,100065,100,99986,100,100078,100,99980,100,100090,100,99979,100,100136,100,99965,100,100140,100,99955,100,100145,100,99951,100,100146,200,99934,100
2019-06-28 09:35:20.000000000,100049,217,100028,217,100056,217,100013,317,100057,217,100006,217,100065,217,99986,217,100078,100,99980,100,100090,100,99979,100,100136,100,99965,100,100140,100,99955,100,100145,100,99951,100,100146,200,99934,100
2019-06-28 09:35:30.000000000,100049,217,100028,217,100056,217,100013,317,100057,217,100006,217,100065,217,99986,217,100078,100,99980,100,100090,100,99979,100,100136,100,99965,100,100140,100,99955,100,100145,100,99951,100,100146,200,99934,100
2019-06-28 09:35:36.962462106,100049,217,100028,217,100056,217,100013,317,100057,217,100006,217,100065,217,99986,217,100078,100,99980,100,100136,100,99979,100,100140,100,99965,100,100145,100,99955,100,100146,200,99951,100,100151,100,99934,100
2019-06-28 09:35:40.000000000,100049,334,100028,334,100056,334,100013,434,100057,100,100006,100,100065,100,99986,100,100078,100,99980,100,100136,100,99979,100,100140,100,99965,100,100145,100,99955,100,100146,200,99951,100,100151,100,99934,100
2019-06-28 09:35:46.210743991,100049,334,100028,334,100056,334,100013,434,100057,100,100006,100,100065,100,99986,100,100078,100,99980,100,100132,100,99979,100,100136,100,99965,100,100140,100,99955,100,100145,100,99951,100,100146,200,99934,100
2019-06-28 09:35:50.000000000,100049,334,100028,334,100056,334,100013,434,100057,100,100006,100,100065,100,99986,100,100078,100,99980,100,100132,100,99979,100,100136,100,99965,100,100140,100,99955,100,100145,100,99951,100,100146,200,99934,100
2019-06-28 09:36:00.000000000,100049,259,100028,259,100056,255,100013,355,100057,255,100006,255,100065,100,99986,100,100078,100,99980,100,100132,100,99979,100,100136,100,99965,100,100140,100,99955,100,100145,100,99951,100,100146,200,99934,100
2019-06-28 09:36:10.000000000,100049,334,100028,334,100056,334,100013,434,100057,100,100006,100,100065,100,99986,100,100078,100,99980,100,100132,100,99979,100,100136,100,99965,100,100140,100,99955,100,100145,100,99951,100,100146,200,99934,100
2019-06-28 09:36:20.000000000,100049,334,100028,334,100056,334,100013,434,100057,100,100006,100,100065,100,99986,100,100078,100,99980,100,100132,100,99979,100,100136,100,99965,100,100140,100,99955,100,100145,100,99951,100,100146,200,99934,100
2019-06-28 09:36:30.000000000,100049,194,100028,194,100056,194,100013,294,100057,194,100006,194,100065,194,99986,194,100078,194,99980,194,100132,100,99979,100,100136,100,99965,100,100140,100,99955,100,100145,100,99951,100,100146,200,99934,100
2019-06-28 09:36:40.000000000,100049,569,100028,569,100056,100,100013,200,100057,100,100006,100,100065,100,99986,100,100078,100,99980,100,100132,100,99979,100,100136,100,99965,100,100140,100,99955,100,100145,100,99951,100,100146,200,99934,100
2019-06-28 09:36:50.000000000,100049,569,100028,569,100056,100,100013,200,100057,100,100006,100,100065,100,99986,100,100078,100,99980,100,100132,100,99979,100,100136,100,99965,100,100140,100,99955,100,100145,100,99951,100,100146,200,99934,100
2019-06-28 09:36:53.375903777,100049,569,100028,569,100056,100,100013,200,100057,100,100006,100,100058,100,99986,100,100065,100,99980,100,100078,100,99979,100,100132,100,99965,100,100136,100,99955,100,100140,100,99951,100,100146,200,99934,100
2019-06-28 09:37:00.000000000,100049,194,100028,194,100056,194,100013,294,100057,194,100006,194,100058,194,99986,194,100065,194,99980,194,100078,100,99979,100,100132,100,99965,100,100136,100,99955,100,100140,100,99951,100,100146,200,99934,100
2019-06-28 09:37:10.000000000,100049,217,100028,217,100056,217,100013,317,100057,217,100006,217,100058,217,99986,217,100065,100,99980,100,100078,100,99979,100,100132,100,99965,100,100136,100,99955,100,100140,100,99951,100,100146,200,99934,100
2019-06-28 09:37:10.170285794,100038,100,100028,217,100049,217,100013,317,100056,217,100006,217,100057,217,99986,217,100058,217,99980,100,100065,100,99979,100,100078,100,99965,100,100132,100,99955,100,100136,100,99951,100,100140,100,99934,100
2019-06-28 09:37:20.000000000,100038,217,100028,217,100049,217,100013,317,100056,217,100006,217,100057,217,99986,217,100058,100,99980,100,100065,100,99979,100,100078,100,99965,100,100132,100,99955,100,100136,100,99951,100,100140,100,99934,100
2019-06-28 09:37:30.000000000,100038,334,100028,334,100049,334,100013,434,100056,100,100006,100,100057,100,99986,100,100058,100,99980,100,100065,100,99979,100,100078,100,99965,100,100132,100,99955,100,100136,100,99951,100,100140,100,99934,100
2019-06-28 09:37:33.972495696,100038,334,100028,334,100049,334,100013,434,100056,100,100006,100,100057,100,99986,100,100058,100,99980,100,100065,100,99979,100,100078,100,99965,100,100132,100,99955,100,100136,100,99951,100,100140,100,99930,100
2019-06-28 09:37:40.000000000,100038,259,100028,259,100049,255,100013,355,100056,255,100006,255,100057,100,99986,100,100058,100,99980,100,100065,100,99979,100,100078,100,99965,100,100132,100,99955,100,100136,100,99951,100,100140,100,99930,100
2019-06-28 09:37:50.000000000,100038,217,100028,217,100049,217,100013,317,100056,217,100006,217,100057,217,99986,217,100058,100,99980,100,100065,100,99979,100,100078,100,99965,100,100132,100,99955,100,100136,100,99951,100,100140,100,99930,100
2019-06-28 09:38:00.000000000,100038,569,100028,569,100049,100,100013,200,100056,100,100006,100,100057,100,99986,100,100058,100,99980,100,100065,100,99979,100,100078,100,99965,100,100132,100,99955,100,100136,100,99951,100,100140,100,99930,100
2019-06-28 09:38:10.000000000,100038,194,100028,194,100049,194,100013,294,100056,194,100006,194,100057,194,99986,194,100058,194,99980,194,100065,100,99979,100,100078,100,99965,100,100132,100,99955,100,100136,100,99951,100,100140,100,99930,100
2019-06-28 09:38:20.000000000,100038,259,100028,259,100049,255,100013,355,100056,255,100006,255,100057,100,99986,100,100058,100,99980,100,100065,100,99979,100,100078,100,99965,100,100132,100,99955,100,100136,100,99951,100,100140,100,99930,100
2019-06-28 09:38:24.569426393,100038,159,100028,259,100049,255,100013,355,100056,155,100006,255,100057,100,99986,100,100058,100,99980,100,100065,100,99979,100,100078,100,99965,100,100132,100,99955,100,100136,100,99951,100,100140,100,99930,100
2019-06-28 09:38:30.000000000,100049,569,100028,569,100057,100,100013,200,100058,100,100006,100,100065,100,99986,100,100078,100,99980,100,100132,100,99979,100,100136,100,99965,100,100140,100,99955,100,100146,200,99951,100,100151,100,99930,100
2019-06-28 09:38:32.474776039,100049,469,100028,569,100057,100,100013,200,100058,100,100006,100,100065,100,99986,100,100078,100,99980,100,100132,100,99979,100,100136,100,99965,100,100140,100,99955,100,100146,200,99951,100,100151,100,99930,100
2019-06-28 09:38:40.000000000,100057,259,100028,259,100058,255,100013,355,100065,255,100006,255,100078,100,99986,100,100132,100,99980,100,100136,100,99979,100,100140,100,99965,100,100146,200,99955,100,100151,100,99951,100,100166,100,99930,100
2019-06-28 09:38:50.000000000,100057,194,100028,194,100058,194,100013,294,100065,194,100006,194,100078,194,99986,194,100132,194,99980,194,100136,100,99979,100,100140,100,99965,100,100146,200,99955,100,100151,100,99951,100,100166,100,99930,100
2019-06-28 09:38:50.131271107,100057,94,100028,194,100058,194,100013,294,100065,194,100006,194,100078,194,99986,194,100132,194,99980,194,100136,100,99979,100,100140,100,99965,100,100146,200,99955,100,100151,100,99951,100,100166,100,99930,100
2019-06-28 09:39:00.000000000,100058,334,100028,334,100065,334,100013,434,100078,100,100006,100,100132,100,99986,100,100136,100,99980,100,100140,100,99979,100,100146,200,99965,100,100151,100,99955,100,100166,100,99951,100,100190,100,99930,100
2019-06-28 09:39:06.588491659,100058,334,100028,334,100065,334,100013,434,100078,100,100006,100,100132,100,99986,100,100136,100,99980,100,100140,100,99979,100,100146,200,99965,100,100151,100,99955,100,100166,100,99951,100,100190,100,99930,100
2019-06-28 09:39:10.000000000,100058,194,100028,194,100065,194,100013,294,100078,194,100006,194,100132,194,99986,194,100136,194,99980,194,100140,100,99979,100,100146,200,99965,100,100151,100,99955,100,100166,100,99951,100,100190,100,99930,100
2019-06-28 09:39:17.284282819,100058,194,100049,100,100065,194,100028,94,100078,194,100013,294,100132,194,100006,194,100136,194,99986,194,100140,100,99980,194,100146,200,99979,100,100151,100,99965,100,100166,100,99955,100,100190,100,99951,100
2019-06-28 09:39:20.000000000,100058,259,100049,259,100065,255,100013,355,100078,255,100006,255,100132,100,99986,100,100136,100,99980,100,100140,100,99979,100,100146,200,99965,100,100151,100,99955,100,100166,100,99951,100,100190,100,99930,100
2019-06-28 09:39:30.000000000,100058,259,100049,259,100065,255,100013,355,100078,255,100006,255,100132,100,99986,100,100136,100,99980,100,100140,100,99979,100,100146,200,99965,100,100151,100,99955,100,100166,100,99951,100,100190,100,99930,100
2019-06-28 09:39:31.765698341,100058,159,100049,259,100065,255,100013,355,100078,255,100006,255,100132,100,99986,100,100136,100,99980,100,100140,100,99979,100,100146,200,99965,100,100151,100,99955,100,100166,100,99951,100,100190,100,99930,100
2019-06-28 09:39:37.791389711,100058,59,100049,259,100065,255,100013,355,100078,255,100006,255,100132,100,99986,100,100136,100,99980,100,100140,100,99979,100,100146,200,99965,100,100151,100,99955,100,100166,100,99951,100,100190,100,99926,100
2019-06-28 09:39:40.000000000,100065,334,100049,334,100078,334,100013,434,100132,100,100006,100,100136,100,99986,100,100140,100,99980,100,100146,200,99979,100,100151,100,99965,100,100166,100,99955,100,100190,100,99951,100,100271,100,99926,100
2019-06-28 09:39:50.000000000,100065,334,100049,334,100078,334,100013,434,100132,100,100006,100,100136,100,99986,100,100140,100,99980,100,100146,200,99979,100,100151,100,99965,100,100166,100,99955,100,100190,100,99951,100,100271,100,99926,100
2019-06-28 09:40:00.000000000,100065,334,100049,334,100078,334,100013,434,100132,100,100006,100,100136,100,99986,100,100140,100,99980,100,100146,200,99979,100,100151,100,99965,100,100166,100,99955,100,100190,100,99951,100,100271,100,99926,100
2019-06-28 09:40:05.070258955,100065,334,100058,100,100078,334,100049,334,100132,100,100013,434,100136,100,100006,100,100140,100,99986,100,100146,200,99980,100,100151,100,99979,100,100166,100,99965,100,100190,100,99955,100,100271,100,99951,100
2019-06-28 09:40:10.000000000,100065,569,100058,569,100078,100,100049,100,100132,100,100013,200,100136,100,100006,100,100140,100,99986,100,100146,200,99980,100,100151,100,99979,100,100166,100,99965,100,100190,100,99955,100,100271,100,99951,100
2019-06-28 09:40:11.289540595,100065,469,100058,569,100078,100,100049,100,100136,100,100013,200,100140,100,100006,100,100146,200,99986,100,100151,100,99980,100,100166,100,99979,100,100190,100,99965,100,100271,100,99955,100,100303,100,99951,100
2019-06-28 09:40:16.658994738,100065,469,100058,569,100078,100,100049,100,100136,100,100013,200,100140,100,100006,100,100146,200,99986,100,100151,100,99980,100,100166,100,99979,100,100190,100,99955,100,100271,100,99951,100,100303,100,99926,100
2019-06-28 09:40:19.427695763,100065,469,100059,100,100078,100,100058,569,100136,100,100049,100,100140,100,100013,100,100146,200,100006,100,100151,100,99986,100,100166,100,99980,100,100190,100,99979,100,100271,100,99955,100,100303,100,99951,100
2019-06-28 09:40:20.000000000,100078,569,100059,569,100136,100,100058,100,100140,100,100049,100,100146,200,100013,100,100151,100,100006,100,100166,100,99986,100,100190,100,99980,100,100271,100,99979,100,100303,100,99955,100,100316,100,99951,100
2019-06-28 09:40:30.000000000,100078,259,100059,259,100136,255,100058,255,100140,255,100049,255,100146,200,100013,100,100151,100,100006,100,100166,100,99986,100,100190,100,99980,100,100271,100,99979,100,100303,100,99955,100,100316,100,99951,100
2019-06-28 09:40:34.542870802,100078,259,100059,259,100136,255,100058,255,100140,255,100049,255,100146,200,100013,100,100151,100,100006,100,100166,100,99986,100,100190,100,99980,100,100271,100,99979,100,100303,100,99955,100,100316,100,99951,100
2019-06-28 09:40:40.000000000,100078,259,100059,259,100136,255,100058,255,100140,255,100049,255,100146,200,100013,100,100151,100,100006,100,100166,100,99986,100,100190,100,99980,100,100271,100,99979,100,100303,100,99955,100,100316,100,99951,100
2019-06-28 09:40:50.000000000,100078,569,100059,569,100136,100,100058,100,100140,100,100049,100,100146,200,100013,100,100151,100,100006,100,100166,100,99986,100,100190,100,99980,100,100271,100,99979,100,100303,100,99955,100,100316,100,99951,100
2019-06-28 09:41:00.000000000,100078,217,100059,217,100136,217,100058,217,100140,217,100049,217,100146,317,100013,217,100151,100,100006,100,100166,100,99986,100,100190,100,99980,100,100271,100,99979,100,100303,100,99955,100,100316,100,99951,100
2019-06-28 09:41:10.000000000,100078,569,100059,569,100136,100,100058,100,100140,100,100049,100,100146,200,100013,100,100151,100,100006,100,100166,100,99986,100,100190,100,99980,100,100271,100,99979,100,100303,100,99955,100,100316,100,99951,100
2019-06-28 09:41:20.000000000,100078,217,100059,217,100136,217,100058,217,100140,217,100049,217,100146,317,100013,217,100151,100,100006,100,100166,100,99986,100,100190,100,99980,100,100271,100,99979,100,100303,100,99955,100,100316,100,99951,100
2019-06-28 09:41:30.000000000,100078,569,100059,569,100136,100,100058,100,100140,100,100049,100,100146,200,100013,100,100151,100,100006,100,100166,100,99986,100,100190,100,99980,100,100271,100,99979,100,100303,100,99955,100,100316,100,99951,100
2019-06-28 09:41:32.696689748,100078,569,100059,569,100136,100,100058,100,100140,100,100049,100,100146,200,100013,100,100151,100,100006,100,100166,100,99986,100,100190,100,99980,100,100271,100,99979,100,100303,100,99955,100,100316,100,99951,100
2019-06-28 09:41:38.379067765,100078,569,100059,569,100136,100,100058,100,100140,100,100049,100,100146,200,100013,100,100151,100,100006,100,100166,100,99986,100,100190,100,99980,100,100271,100,99979,100,100303,100,99955,100,100316,100,99951,100
2019-06-28 09:41:40.000000000,100078,194,100059,194,100136,194,100058,194,100140,194,100049,194,100146,294,100013,194,100151,194,100006,194,100166,100,99986,100,100190,100,99980,100,100271,100,99979,100,100303,100,99955,100,100316,100,99951,100
2019-06-28 09:41:47.877947890,100078,194,100059,294,100136,194,100058,194,100140,194,100049,194,100146,294,100013,194,100151,194,100006,194,100166,100,99986,100,100190,100,99980,100,100271,100,99979,100,100303,100,99955,100,100316,100,99951,100
2019-06-28 09:41:50.000000000,100078,194,100059,294,100136,194,100058,194,100140,194,100049,194,100146,294,100013,194,100151,194,100006,194,100166,100,99986,100,100190,100,99980,100,100271,100,99979,100,100303,100,99955,100,100316,100,99951,100
2019-06-28 09:42:00.000000000,100078,259,100059,359,100136,255,100058,255,100140,255,100049,255,100146,200,100013,100,100151,100,100006,100,100166,100,99986,100,100190,100,99980,100,100271,100,99979,100,100303,100,99955,100,100316,100,99951,100
2019-06-28 09:42:08.754696020,100078,259,100059,359,100136,255,100058,255,100140,255,100049,255,100146,200,100013,100,100151,100,100006,100,100166,100,99986,100,100190,100,99980,100,100303,100,99979,100,100316,100,99955,100,100699,100,99951,100
2019-06-28 09:42:10.000000000,100078,569,100059,669,100136,100,100058,100,100140,100,100049,100,100146,200,100013,100,100151,100,100006,100,100166,100,99986,100,100190,100,99980,100,100303,100,99979,100,100316,100,99955,100,100699,100,99951,100
2019-06-28 09:42:20.000000000,100078,194,100059,294,100136,194,100058,194,100140,194,100049,194,100146,294,100013,194,100151,194,100006,194,100166,100,99986,100,100190,100,99980,100,100303,100,99979,100,100316,100,99955,100,100699,100,99951,100
2019-06-28 09:42:24.504614025,100078,194,100059,294,100136,194,100058,194,100140,194,100049,194,100146,294,100013,194,100151,194,100006,194,100166,100,99986,100,100190,100,99980,100,100303,100,99979,100,100316,100,99955,100,100699,100,99951,100
2019-06-28 09:42:26.475057873,100078,94,100059,294,100136,194,100058,194,100140,194,100049,194,100146,294,100013,194,100151,194,100006,194,100166,100,99986,100,100190,100,99980,100,100303,100,99979,100,100316,100,99955,100,100699,100,99951,100
2019-06-28 09:42:30.000000000,100136,217,100059,317,100140,217,100058,217,100146,317,100049,217,100151,217,100013,217,100166,100,100006,100,100190,100,99986,100,100303,100,99980,100,100316,100,99979,100,100699,100,99955,100,100707,100,99951,100
2019-06-28 09:42:31.965669751,100136,217,100059,317,100140,217,100058,217,100146,317,100049,217,100151,217,100013,217,100166,100,99986,100,100190,100,99980,100,100303,100,99979,100,100316,100,99955,100,100699,100,99951,100,100707,100,99926,100
2019-06-28 09:42:40.000000000,100136,259,100059,359,100140,255,100058,255,100146,355,100049,255,100151,100,100013,100,100166,100,99986,100,100190,100,99980,100,100303,100,99979,100,100316,100,99955,100,100699,100,99951,100,100707,100,99926,100
2019-06-28 09:42:40.668974588,100136,259,100065,100,100140,255,100059,359,100146,355,100058,255,100151,100,100049,255,100166,100,100013,100,100190,100,99986,100,100303,100,99980,100,100316,100,99979,100,100699,100,99955,100,100707,100,99951,100
2019-06-28 09:42:50.000000000,100136,569,100065,569,100140,100,100059,200,100146,200,100058,100,100151,100,100049,100,100166,100,100013,100,100190,100,99986,100,100303,100,99980,100,100316,100,99979,100,100699,100,99955,100,100707,100,99951,100
2019-06-28 09:42:50.855393519,100136,569,100065,569,100140,100,100059,200,100146,200,100058,100,100151,100,100049,100,100166,100,100013,100,100190,100,99986,100,100303,100,99980,100,100316,100,99979,100,100699,100,99955,100,100707,100,99951,100
2019-06-28 09:43:00.000000000,100136,259,100065,259,100140,255,100059,355,100146,355,100058,255,100151,100,100049,100,100166,100,100013,100,100190,100,99986,100,100303,100,99980,100,100316,100,99979,100,100699,100,99955,100,100707,100,99951,100
2019-06-28 09:43:10.000000000,100136,569,100065,569,100140,100,100059,200,100146,200,100058,100,100151,100,100049,100,100166,100,100013,100,100190,100,99986,100,100303,100,99980,100,100316,100,99979,100,100699,100,99955,100,100707,100,99951,100
2019-06-28 09:43:20.000000000,100136,259,100065,259,100140,255,100059,355,100146,355,100058,255,100151,100,100049,100,100166,100,100013,100,100190,100,99986,100,100303,100,99980,100,100316,100,99979,100,100699,100,99955,100,100707,100,99951,100
2019-06-28 09:43:29.978533524,100136,259,100065,259,100140,255,100059,355,100146,355,100058,255,100151,100,100049,100,100166,100,100013,100,100190,100,99986,100,100303,100,99980,100,100316,100,99979,100,100699,100,99955,100,100707,100,99951,100
2019-06-28 09:43:30.000000000,100136,569,100065,569,100140,100,100059,200,100146,200,100058,100,100151,100,100049,100,100166,100,100013,100,100190,100,99986,100,100303,100,99980,100,100316,100,99979,100,100699,100,99955,100,100707,100,99951,100
2019-06-28 09:43:37.869011987,100136,569,100065,669,100140,100,100059,200,100146,200,100058,100,100151,100,100049,100,100166,100,100013,100,100190,100,99986,100,100303,100,99980,100,100316,100,99979,100,100699,100,99955,100,100707,100,99951,100
2019-06-28 09:43:40.000000000,100136,194,100065,294,100140,194,100059,294,100146,294,100058,194,100151,194,100049,194,100166,194,100013,194,100190,100,99986,100,100303,100,99980,100,100316,100,99979,100,100699,100,99955,100,100707,100,99951,100
2019-06-28 09:43:44.141836885,100136,194,100065,294,100140,194,100059,294,100146,294,100058,94,100151,194,100049,194,100166,194,100013,194,100190,100,99986,100,100303,100,99980,100,100316,100,99979,100,100699,100,99955,100,100707,100,99951,100
2019-06-28 09:43:48.010564018,100136,94,100065,294,100140,194,100059,294,100146,294,100058,94,100151,194,100049,194,100166,194,100013,194,100190,100,99986,100,100303,100,99980,100,100316,100,99979,100,100699,100,99955,100,100707,100,99951,100
2019-06-28 09:43:50.000000000,100140,194,100065,294,100146,294,100059,294,100151,194,100049,194,100166,194,100013,194,100190,194,99986,194,100303,100,99980,100,100316,100,99979,100,100699,100,99955,100,100707,100,99951,100,100779,100,99926,100
2019-06-28 09:44:00.000000000,100140,217,100065,317,100146,317,100059,317,100151,217,100049,217,100166,217,100013,217,100190,100,99986,100,100303,100,99980,100,100316,100,99979,100,100699,100,99955,100,100707,100,99951,100,100779,100,99926,100
2019-06-28 09:44:10.000000000,100140,569,100065,669,100146,200,100059,200,100151,100,100049,100,100166,100,100013,100,100190,100,99986,100,100303,100,99980,100,100316,100,99979,100,100699,100,99955,100,100707,100,99951,100,100779,100,99926,100
2019-06-28 09:44:20.000000000,100140,259,100065,359,100146,355,100059,355,100151,255,100049,255,100166,100,100013,100,100190,100,99986,100,100303,100,99980,100,100316,100,99979,100,100699,100,99955,100,100707,100,99951,100,100779,100,99926,100
2019-06-28 09:44:22.047029524,100140,159,100065,359,100146,355,100059,355,100151,255,100049,255,100166,100,100013,100,100190,100,99986,100,100303,100,99980,100,100316,100,99979,100,100699,100,99955,100,100707,100,99951,100,100779,100,99926,100
2019-06-28 09:44:30.000000000,100146,359,100065,359,100151,255,100059,355,100166,255,100049,255,100190,100,100013,100,100303,100,99986,100,100316,100,99980,100,100699,100,99979,100,100707,100,99955,100,100779,100,99951,100,100971,100,99926,100
2019-06-28 09:44:40.000000000,100146,359,100065,359,100151,255,100059,355,100166,255,100049,255,100190,100,100013,100,100303,100,99986,100,100316,100,99980,100,100699,100,99979,100,100707,100,99955,100,100779,100,99951,100,100971,100,99926,100
2019-06-28 09:44:41.351470501,100146,259,100065,359,100151,255,100059,355,100166,255,100049,255,100190,100,100013,100,100303,100,99986,100,100316,100,99980,100,100699,100,99979,100,100707,100,99955,100,100779,100,99951,100,100971,100,99926,100
2019-06-28 09:44:50.000000000,100146,217,100065,317,100151,217,100059,317,100166,217,100049,217,100190,217,100013,217,100303,100,99986,100,100316,100,99980,100,100699,100,99979,100,100707,100,99955,100,100779,100,99951,100,100971,100,99926,100
2019-06-28 09:44:51.413582736,100146,217,100065,317,100151,217,100059,317,100166,217,100049,217,100190,217,100013,217,100303,100,99986,100,100316,100,99980,100,100595,100,99979,100,100699,100,99955,100,100707,100,99951,100,100779,100,99926,100
2019-06-28 09:45:00.000000000,100146,194,100065,294,100151,194,100059,294,100166,194,100049,194,100190,194,100013,194,100303,194,99986,194,100316,100,99980,100,100595,100,99979,100,100699,100,99955,100,100707,100,99951,100,100779,100,99926,100
2019-06-28 09:45:10.000000000,100146,217,100065,317,100151,217,100059,317,100166,217,100049,217,100190,217,100013,217,100303,100,99986,100,100316,100,99980,100,100595,100,99979,100,100699,100,99955,100,100707,100,99951,100,100779,100,99926,100
2019-06-28 09:45:20.000000000,100146,569,100065,669,100151,100,100059,200,100166,100,100049,100,100190,100,100013,100,100303,100,99986,100,100316,100,99980,100,100595,100,99979,100,100699,100,99955,100,100707,100,99951,100,100779,100,99926,100
2019-06-28 09:45:24.261234450,100146,569,100140,100,100151,100,100065,669,100166,100,100059,200,100190,100,100049,100,100303,100,100013,100,100316,100,99986,100,100595,100,99980,100,100699,100,99979,100,100707,100,99955,100,100779,100,99951,100
2019-06-28 09:45:25.950757278,100146,569,100140,100,100151,100,100065,669,100166,100,100059,200,100190,100,100049,100,100302,100,100013,100,100303,100,99986,100,100316,100,99980,100,100595,100,99979,100,100699,100,99955,100,100707,100,99926,100
2019-06-28 09:45:30.000000000,100146,334,100140,334,100151,334,100065,434,100166,100,100059,200,100190,100,100049,100,100302,100,100013,100,100303,100,99986,100,100316,100,99980,100,100595,100,99979,100,100699,100,99955,100,100707,100,99926,100
2019-06-28 09:45:35.034284613,100146,334,100140,234,100151,334,100065,434,100166,100,100059,200,100190,100,100049,100,100302,100,100013,100,100303,100,99986,100,100316,100,99980,100,100595,100,99979,100,100699,100,99955,100,100707,100,99926,100
2019-06-28 09:45:40.000000000,100146,259,100065,359,100151,255,100059,355,100166,255,100049,255,100190,100,100013,100,100302,100,99986,100,100303,100,99980,100,100316,100,99979,100,100595,100,99955,100,100699,100,99926,100,100707,100,99912,100
2019-06-28 09:45:50.000000000,100146,569,100065,669,100151,100,100059,200,100166,100,100049,100,100190,100,100013,100,100302,100,99986,100,100303,100,99980,100,100316,100,99979,100,100595,100,99955,100,100699,100,99926,100,100707,100,99912,100
2019-06-28 09:45:59.035475275,100146,569,100110,100,100151,100,100065,669,100166,100,100059,200,100190,100,100049,100,100302,100,100013,100,100303,100,99986,100,100316,100,99980,100,100595,100,99979,100,100707,100,99955,100,100779,100,99926,100
2019-06-28 09:46:00.000000000,100146,194,100110,194,100151,194,100065,294,100166,194,100059,294,100190,194,100049,194,100302,194,100013,194,100303,100,99986,100,100316,100,99980,100,100595,100,99979,100,100707,100,99955,100,100779,100,99926,100
2019-06-28 09:46:10.000000000,100146,194,100110,194,100151,194,100065,294,100166,194,100059,294,100190,194,100049,194,100302,194,100013,194,100303,100,99986,100,100316,100,99980,100,100595,100,99979,100,100707,100,99955,100,100779,100,99926,100
2019-06-28 09:46:12.210807790,100145,100,100110,194,100146,194,100065,294,100151,194,100059,294,100166,194,100049,194,100190,194,100013,194,100302,194,99980,100,100303,100,99979,100,100316,100,99955,100,100595,100,99926,100,100707,100,99912,100
2019-06-28 09:46:20.000000000,100145,569,100110,569,100146,100,100065,200,100151,100,100059,200,100166,100,100049,100,100190,100,100013,100,100302,100,99980,100,100303,100,99979,100,100316,100,99955,100,100595,100,99926,100,100707,100,99912,100
2019-06-28 09:46:30.000000000,100145,194,100110,194,100146,194,100065,294,100151,194,100059,294,100166,194,100049,194,100190,194,100013,194,100302,100,99980,100,100303,100,99979,100,100316,100,99955,100,100595,100,99926,100,100707,100,99912,100
2019-06-28 09:46:30.265418289,100145,194,100110,194,100146,194,100065,294,100151,194,100059,294,100166,194,100049,194,100190,194,100013,194,100302,100,99980,100,100303,100,99979,100,100316,100,99955,100,100595,100,99926,100,100707,100,99912,100
2019-06-28 09:46:33.312499169,100145,194,100110,194,100146,194,100065,294,100151,194,100059,294,100166,194,100049,194,100190,194,100013,194,100302,100,99980,100,100303,100,99979,100,100316,100,99955,100,100595,100,99926,100,100707,100,99912,100
2019-06-28 09:46:40.000000000,100145,259,100110,259,100146,255,100065,355,100151,255,100059,355,100166,100,100049,100,100190,100,100013,100,100302,100,99980,100,100303,100,99979,100,100316,100,99955,100,100595,100,99926,100,100707,100,99912,100
2019-06-28 09:46:50.000000000,100145,217,100110,217,100146,217,100065,317,100151,217,100059,317,100166,217,100049,217,100190,100,100013,100,100302,100,99980,100,100303,100,99979,100,100316,100,99955,100,100595,100,99926,100,100707,100,99912,100
2019-06-28 09:46:57.180373339,100145,217,100110,217,100146,217,100090,100,100151,217,100065,317,100166,217,100059,317,100190,100,100049,217,100303,100,100013,100,100316,100,99980,100,100595,100,99979,100,100707,100,99955,100,100779,100,99926,100
2019-06-28 09:47:00.000000000,100145,569,100110,569,100146,100,100090,100,100151,100,100065,200,100166,100,100059,200,100190,100,100049,100,100303,100,100013,100,100316,100,99980,100,100595,100,99979,100,100707,100,99955,100,100779,100,99926,100
2019-06-28 09:47:06.202046486,100145,469,100110,569,100146,100,100090,100,100151,100,100065,200,100166,100,100059,200,100190,100,100049,100,100303,100,100013,100,100316,100,99980,100,100595,100,99979,100,100707,100,99955,100,100779,100,99926,100
2019-06-28 09:47:10.000000000,100146,217,100110,217,100151,217,100090,217,100166,217,100065,317,100190,217,100059,317,100303,100,100049,100,100316,100,100013,100,100595,100,99980,100,100707,100,99979,100,100779,100,99955,100,100971,100,99926,100
2019-06-28 09:47:20.000000000,100146,334,100110,334,100151,334,100090,334,100166,100,100065,200,100190,100,100059,200,100303,100,100049,100,100316,100,100013,100,100595,100,99980,100,100707,100,99979,100,100779,100,99955,100,100971,100,99926,100
2019-06-28 09:47:29.754865207,100146,334,100110,334,100151,334,100090,334,100166,100,100065,200,100190,100,100059,200,100303,100,100049,100,100316,100,100013,100,100595,100,99980,100,100707,100,99979,100,100779,100,99967,100,101025,100,99955,100
2019-06-28 09:47:30.000000000,100146,259,100110,259,100151,255,100090,255,100166,255,100065,355,100190,100,100059,200,100303,100,100049,100,100316,100,100013,100,100595,100,99980,100,100707,100,99979,100,100779,100,99967,100,101025,100,99955,100
2019-06-28 09:47:40.000000000,100146,217,100110,217,100151,217,100090,217,100166,217,100065,317,100190,217,100059,317,100303,100,100049,100,100316,100,100013,100,100595,100,99980,100,100707,100,99979,100,100779,100,99967,100,101025,100,99955,100
2019-06-28 09:47:43.577453510,100146,217,100110,217,100151,217,100090,217,100166,217,100065,317,100190,217,100059,317,100303,100,100049,100,100316,100,100013,100,100595,100,99980,100,100707,100,99979,100,100779,100,99967,100,101025,100,99965,100
2019-06-28 09:47:50.000000000,100146,334,100110,334,100151,334,100090,334,100166,100,100065,200,100190,100,100059,200,100303,100,100049,100,100316,100,100013,100,100595,100,99980,100,100707,100,99979,100,100779,100,99967,100,101025,100,99965,100
2019-06-28 09:48:00.000000000,100146,569,100110,569,100151,100,100090,100,100166,100,100065,200,100190,100,100059,200,100303,100,100049,100,100316,100,100013,100,100595,100,99980,100,100707,100,99979,100,100779,100,99967,100,101025,100,99965,100
2019-06-28 09:48:00.255724826,100146,569,100110,569,100151,100,100090,100,100166,100,100065,200,100190,100,100059,100,100303,100,100049,100,100316,100,100013,100,100595,100,99980,100,100707,100,99979,100,100779,100,99967,100,101025,100,99965,100
2019-06-28 09:48:10.000000000,100146,259,100110,259,100151,255,100090,255,100166,255,100065,355,100190,100,100059,100,100303,100,100049,100,100316,100,100013,100,100595,100,99980,100,100707,100,99979,100,100779,100,99967,100,101025,100,99965,100
2019-06-28 09:48:20.000000000,100146,569,100110,569,100151,100,100090,100,100166,100,100065,200,100190,100,100059,100,100303,100,100049,100,100316,100,100013,100,100595,100,99980,100,100707,100,99979,100,100779,100,99967,100,101025,100,99965,100
2019-06-28 09:48:22.080406262,100146,569,100110,569,100151,100,100090,100,100166,100,100065,200,100190,100,100059,100,100303,100,100049,100,100316,100,100038,100,100595,100,100013,100,100707,100,99980,100,100779,100,99979,100,101025,100,99967,100
2019-06-28 09:48:30.000000000,100146,569,100110,569,100151,100,100090,100,100166,100,100065,200,100190,100,100059,100,100303,100,100049,100,100316,100,100038,100,100595,100,100013,100,100707,100,99980,100,100779,100,99979,100,101025,100,99967,100
2019-06-28 09:48:40.000000000,100146,217,100110,217,100151,217,100090,217,100166,217,100065,317,100190,217,100059,217,100303,100,100049,100,100316,100,100038,100,100595,100,100013,100,100707,100,99980,100,100779,100,99979,100,101025,100,99967,100
2019-06-28 09:48:41.647480427,100146,217,100110,217,100151,217,100090,217,100166,217,100065,317,100190,217,100059,217,100204,100,100049,100,100303,100,100038,100,100316,100,100013,100,100595,100,99980,100,100707,100,99979,100,100779,100,99967,100
2019-06-28 09:48:50.000000000,100146,334,100110,334,100151,334,100090,334,100166,100,100065,200,100190,100,100059,100,100204,100,100049,100,100303,100,100038,100,100316,100,100013,100,100595,100,99980,100,100707,100,99979,100,100779,100,99967,100
2019-06-28 09:48:55.461535400,100146,334,100110,334,100151,334,100090,334,100166,100,100065,200,100190,100,100059,100,100204,100,100049,100,100303,100,100048,100,100316,100,100038,100,100595,100,100013,100,100707,100,99980,100,100779,100,99979,100
2019-06-28 09:48:58.360412235,100146,334,100110,334,100151,334,100090,334,100166,100,100065,200,100190,100,100059,100,100204,100,100049,100,100303,100,100048,100,100316,100,100038,100,100595,100,100013,100,100707,100,99980,100,100779,100,99979,100
2019-06-28 09:49:00.000000000,100146,569,100110,569,100151,100,100090,100,100166,100,100065,200,100190,100,100059,100,100204,100,100049,100,100303,100,100048,100,100316,100,100038,100,100595,100,100013,100,100707,100,99980,100,100779,100,99979,100
2019-06-28 09:49:10.000000000,100146,217,100110,217,100151,217,100090,217,100166,217,100065,317,100190,217,100059,217,100204,100,100049,100,100303,100,100048,100,100316,100,100038,100,100595,100,100013,100,100707,100,99980,100,100779,100,99979,100
2019-06-28 09:49:15.911185285,100146,217,100110,117,100151,217,100090,217,100166,217,100065,317,100190,217,100059,217,100204,100,100049,100,100303,100,100048,100,100316,100,100038,100,100595,100,100013,100,100707,100,99980,100,100779,100,99979,100
2019-06-28 09:49:20.000000000,100146,569,100090,569,100151,100,100065,200,100166,100,100059,100,100190,100,100049,100,100204,100,100048,100,100303,100,100038,100,100316,100,100013,100,100595,100,99980,100,100707,100,99979,100,100779,100,99967,100
2019-06-28 09:49:28.692030813,100146,569,100090,569,100151,100,100065,200,100166,100,100059,100,100190,100,100049,100,100204,100,100048,100,100303,100,100038,100,100316,100,100013,100,100595,100,99980,100,100707,100,99979,100,100779,100,99967,100
2019-06-28 09:49:30.000000000,100146,194,100090,194,100151,194,100065,294,100166,194,100059,194,100190,194,100049,194,100204,194,100048,194,100303,100,100038,100,100316,100,100013,100,100595,100,99980,100,100707,100,99979,100,100779,100,99967,100
2019-06-28 09:49:31.892714083,100146,194,100090,94,100151,194,100065,294,100166,194,100059,194,100187,100,100049,194,100190,194,100048,194,100204,194,100038,100,100303,100,100013,100,100316,100,99980,100,100595,100,99979,100,100707,100,99967,100
2019-06-28 09:49:40.000000000,100146,217,100065,317,100151,217,100059,217,100166,217,100049,217,100187,217,100048,217,100190,100,100038,100,100204,100,100013,100,100303,100,99980,100,100316,100,99979,100,100595,100,99967,100,100707,100,99965,100
2019-06-28 09:49:42.781872586,100146,217,100065,317,100151,217,100059,217,100166,217,100049,217,100187,217,100048,217,100190,100,100038,100,100204,100,100013,100,100303,100,99980,100,100316,100,99979,100,100595,100,99967,100,100707,100,99965,100
2019-06-28 09:49:50.000000000,100146,217,100065,317,100151,217,100059,217,100166,217,100049,217,100187,217,100048,217,100190,100,100038,100,100204,100,100013,100,100303,100,99980,100,100316,100,99979,100,100595,100,99967,100,100707,100,99965,100
2019-06-28 09:50:00.000000000,100146,334,100065,434,100151,334,100059,334,100166,100,100049,100,100187,100,100048,100,100190,100,100038,100,100204,100,100013,100,100303,100,99980,100,100316,100,99979,100,100595,100,99967,100,100707,100,99965,100
2019-06-28 09:50:10.000000000,100146,334,100065,434,100151,334,100059,334,100166,100,100049,100,100187,100,100048,100,100190,100,100038,100,100204,100,100013,100,100303,100,99980,100,100316,100,99979,100,100595,100,99967,100,100707,100,99965,100
2019-06-28 09:50:20.000000000,100146,217,100065,317,100151,217,100059,217,100166,217,100049,217,100187,217,100048,217,100190,100,100038,100,100204,100,100013,100,100303,100,99980,100,100316,100,99979,100,100595,100,99967,100,100707,100,99965,100
2019-06-28 09:50:30.000000000,100146,259,100065,359,100151,255,100059,255,100166,255,100049,255,100187,100,100048,100,100190,100,100038,100,100204,100,100013,100,100303,100,99980,100,100316,100,99979,100,100595,100,99967,100,100707,100,99965,100
2019-06-28 09:50:40.000000000,100146,217,100065,317,100151,217,100059,217,100166,217,100049,217,100187,217,100048,217,100190,100,100038,100,100204,100,100013,100,100303,100,99980,100,100316,100,99979,100,100595,100,99967,100,100707,100,99965,100
2019-06-28 09:50:48.008238135,100146,217,100065,317,100151,217,100059,217,100166,217,100049,117,100187,217,100048,217,100190,100,100038,100,100204,100,100013,100,100303,100,99980,100,100316,100,99979,100,100595,100,99967,100,100707,100,99965,100
2019-06-28 09:50:50.000000000,100146,194,100065,294,100151,194,100059,194,100166,194,100048,194,100187,194,100038,194,100190,194,100013,194,100204,100,99980,100,100303,100,99979,100,100316,100,99967,100,100595,100,99965,100,100707,100,99955,100
2019-06-28 09:50:51.585083945,100146,194,100111,100,100151,194,100065,294,100166,194,100059,194,100187,194,100048,194,100190,194,100038,194,100204,100,100013,194,100303,100,99980,100,100316,100,99979,100,100595,100,99967,100,100707,100,99965,100
2019-06-28 09:50:57.267580459,100146,194,100111,200,100151,194,100065,294,100166,194,100059,194,100187,194,100048,194,100190,194,100038,194,100204,100,100013,194,100303,100,99980,100,100316,100,99979,100,100595,100,99967,100,100707,100,99965,100
2019-06-28 09:51:00.000000000,100146,217,100111,317,100151,217,100065,317,100166,217,100059,217,100187,217,100048,217,100190,100,100038,100,100204,100,100013,100,100303,100,99980,100,100316,100,99979,100,100595,100,99967,100,100707,100,99965,100
2019-06-28 09:51:10.000000000,100146,217,100111,317,100151,217,100065,317,100166,217,100059,217,100187,217,100048,217,100190,100,100038,100,100204,100,100013,100,100303,100,99980,100,100316,100,99979,100,100595,100,99967,100,100707,100,99965,100
2019-06-28 09:51:20.000000000,100146,217,100111,317,100151,217,100065,317,100166,217,100059,217,100187,217,100048,217,100190,100,100038,100,100204,100,100013,100,100303,100,99980,100,100316,100,99979,100,100595,100,99967,100,100707,100,99965,100
2019-06-28 09:51:30.000000000,100146,334,100111,434,100151,334,100065,434,100166,100,100059,100,100187,100,100048,100,100190,100,100038,100,100204,100,100013,100,100303,100,99980,100,100316,100,99979,100,100595,100,99967,100,100707,100,99965,100
2019-06-28 09:51:40.000000000,100146,217,100111,317,100151,217,100065,317,100166,217,100059,217,100187,217,100048,217,100190,100,100038,100,100204,100,100013,100,100303,100,99980,100,100316,100,99979,100,100595,100,99967,100,100707,100,99965,100
2019-06-28 09:51:50.000000000,100146,569,100111,669,100151,100,100065,200,100166,100,100059,100,100187,100,100048,100,100190,100,100038,100,100204,100,100013,100,100303,100,99980,100,100316,100,99979,100,100595,100,99967,100,100707,100,99965,100
2019-06-28 09:51:55.396209188,100146,469,100111,669,100151,100,100065,200,100166,100,100059,100,100187,100,100048,100,100190,100,100038,100,100204,100,100013,100,100303,100,99980,100,100316,100,99979,100,100595,100,99967,100,100707,100,99965,100
2019-06-28 09:52:00.000000000,100151,334,100111,434,100166,334,100065,434,100187,100,100059,100,100190,100,100048,100,100204,100,100038,100,100303,100,100013,100,100316,100,99980,100,100595,100,99979,100,100707,100,99967,100,100779,100,99965,100
2019-06-28 09:52:03.582900717,100151,234,100111,434,100166,334,100065,434,100187,100,100059,100,100190,100,100048,100,100204,100,100013,100,100303,100,99980,100,100316,100,99979,100,100595,100,99967,100,100707,100,99965,100,100779,100,99955,100
2019-06-28 09:52:07.350427054,100151,234,100111,434,100166,334,100065,434,100187,100,100059,100,100190,100,100048,100,100204,100,100013,100,100301,100,99980,100,100303,100,99979,100,100316,100,99967,100,100595,100,99965,100,100707,100,99955,100
2019-06-28 09:52:10.000000000,100166,194,100111,294,100187,194,100065,294,100190,194,100059,194,100204,194,100048,194,100301,194,100013,194,100303,100,99980,100,100316,100,99979,100,100595,100,99967,100,100707,100,99965,100,100779,100,99955,100
2019-06-28 09:52:14.664343301,100166,194,100111,294,100187,194,100065,294,100190,194,100059,194,100204,194,100048,194,100301,94,100013,194,100303,100,99980,100,100316,100,99979,100,100595,100,99967,100,100707,100,99965,100,100779,100,99955,100
2019-06-28 09:52:20.000000000,100166,217,100111,317,100187,217,100065,317,100190,217,100059,217,100204,217,100048,217,100303,100,100013,100,100316,100,99980,100,100595,100,99979,100,100707,100,99967,100,100779,100,99965,100,101025,100,99955,100
2019-06-28 09:52:30.000000000,100166,569,100111,669,100187,100,100065,200,100190,100,100059,100,100204,100,100048,100,100303,100,100013,100,100316,100,99980,100,100595,100,99979,100,100707,100,99967,100,100779,100,99965,100,101025,100,99955,100
2019-06-28 09:52:32.012633277,100166,569,100111,669,100187,100,100065,200,100190,100,100059,100,100204,100,100048,100,100297,100,100013,100,100303,100,99980,100,100316,100,99979,100,100595,100,99967,100,100707,100,99965,100,100779,100,99955,100
2019-06-28 09:52:36.838022152,100166,569,100111,669,100187,100,100065,200,100190,100,100059,100,100204,100,100048,100,100297,100,100013,100,100303,100,99979,100,100316,100,99967,100,100465,100,99965,100,100595,100,99955,100,100707,100,99930,100
2019-06-28 09:52:40.000000000,100166,259,100111,359,100187,255,100065,355,100190,255,100059,255,100204,100,100048,100,100297,100,100013,100,100303,100,99979,100,100316,100,99967,100,100465,100,99965,100,100595,100,99955,100,100707,100,99930,100
2019-06-28 09:52:50.000000000,100166,569,100111,669,100187,100,100065,200,100190,100,100059,100,100204,100,100048,100,100297,100,100013,100,100303,100,99979,100,100316,100,99967,100,100465,100,99965,100,100595,100,99955,100,100707,100,99930,100
2019-06-28 09:53:00.000000000,100166,217,100111,317,100187,217,100065,317,100190,217,100059,217,100204,217,100048,217,100297,100,100013,100,100303,100,99979,100,100316,100,99967,100,100465,100,99965,100,100595,100,99955,100,100707,100,99930,100
2019-06-28 09:53:10.000000000,100166,569,100111,669,100187,100,100065,200,100190,100,100059,100,100204,100,100048,100,100297,100,100013,100,100303,100,99979,100,100316,100,99967,100,100465,100,99965,100,100595,100,99955,100,100707,100,99930,100
2019-06-28 09:53:20.000000000,100166,194,100111,294,100187,194,100065,294,100190,194,100059,194,100204,194,100048,194,100297,194,100013,194,100303,100,99979,100,100316,100,99967,100,100465,100,99965,100,100595,100,99955,100,100707,100,99930,100
2019-06-28 09:53:30.000000000,100166,334,100111,434,100187,334,100065,434,100190,100,100059,100,100204,100,100048,100,100297,100,100013,100,100303,100,99979,100,100316,100,99967,100,100465,100,99965,100,100595,100,99955,100,100707,100,99930,100
2019-06-28 09:53:40.000000000,100166,194,100111,294,100187,194,100065,294,100190,194,100059,194,100204,194,100048,194,100297,194,100013,194,100303,100,99979,100,100316,100,99967,100,100465,100,99965,100,100595,100,99955,100,100707,100,99930,100
2019-06-28 09:53:40.490693391,100166,194,100111,294,100187,194,100065,294,100190,194,100059,194,100204,194,100048,194,100297,194,100017,100,100303,100,100013,194,100316,100,99979,100,100465,100,99967,100,100595,100,99955,100,100707,100,99930,100
2019-06-28 09:53:50.000000000,100166,259,100111,359,100187,255,100065,355,100190,255,100059,255,100204,100,100048,100,100297,100,100017,100,100303,100,100013,100,100316,100,99979,100,100465,100,99967,100,100595,100,99955,100,100707,100,99930,100
2019-06-28 09:54:00.000000000,100166,194,100111,294,100187,194,100065,294,100190,194,100059,194,100204,194,100048,194,100297,194,100017,194,100303,100,100013,100,100316,100,99979,100,100465,100,99967,100,100595,100,99955,100,100707,100,99930,100
2019-06-28 09:54:02.757375219,100166,194,100111,194,100187,194,100065,294,100190,194,100059,194,100204,194,100048,194,100297,194,100017,194,100303,100,100013,100,100316,100,99979,100,100465,100,99967,100,100595,100,99955,100,100707,100,99930,100
2019-06-28 09:54:10.000000000,100166,259,100111,259,100187,255,100065,355,100190,255,100059,255,100204,100,100048,100,100297,100,100017,100,100303,100,100013,100,100316,100,99979,100,100465,100,99967,100,100595,100,99955,100,100707,100,99930,100
2019-06-28 09:54:20.000000000,100166,194,100111,194,100187,194,100065,294,100190,194,100059,194,100204,194,100048,194,100297,194,100017,194,100303,100,100013,100,100316,100,99979,100,100465,100,99967,100,100595,100,99955,100,100707,100,99930,100
2019-06-28 09:54:28.364897057,100166,194,100111,194,100187,194,100065,294,100190,194,100059,194,100204,194,100048,194,100297,194,100017,194,100303,100,100013,100,100316,100,99979,100,100465,100,99967,100,100595,100,99955,100,100707,100,99930,100
2019-06-28 09:54:30.000000000,100166,334,100111,334,100187,334,100065,434,100190,100,100059,100,100204,100,100048,100,100297,100,100017,100,100303,100,100013,100,100316,100,99979,100,100465,100,99967,100,100595,100,99955,100,100707,100,99930,100
2019-06-28 09:54:39.002572780,100166,334,100111,334,100187,334,100065,434,100190,100,100059,100,100204,100,100048,100,100297,100,100017,100,100303,100,100013,100,100316,100,99979,100,100465,100,99967,100,100595,100,99955,100,100707,100,99930,100
2019-06-28 09:54:40.000000000,100166,259,100111,259,100187,255,100065,355,100190,255,100059,255,100204,100,100048,100,100297,100,100017,100,100303,100,100013,100,100316,100,99979,100,100465,100,99967,100,100595,100,99955,100,100707,100,99930,100
2019-06-28 09:54:49.223397614,100166,259,100111,259,100187,255,100065,355,100190,255,100059,255,100204,100,100048,100,100232,100,100017,100,100297,100,100013,100,100303,100,99979,100,100316,100,99967,100,100465,100,99955,100,100595,100,99930,100
2019-06-28 09:54:50.000000000,100166,194,100111,194,100187,194,100065,294,100190,194,100059,194,100204,194,100048,194,100232,194,100017,194,100297,100,100013,100,100303,100,99979,100,100316,100,99967,100,100465,100,99955,100,100595,100,99930,100
2019-06-28 09:54:56.692437703,100166,194,100111,94,100187,194,100065,294,100190,194,100059,194,100204,194,100048,194,100232,194,100017,194,100297,100,100013,100,100303,100,99979,100,100316,100,99967,100,100465,100,99955,100,100595,100,99930,100
2019-06-28 09:55:00.000000000,100166,569,100065,669,100187,100,100059,100,100190,100,100048,100,100204,100,100017,100,100232,100,100013,100,100297,100,99979,100,100303,100,99967,100,100316,100,99955,100,100465,100,99930,100,100595,100,99926,100
2019-06-28 09:55:10.000000000,100166,217,100065,317,100187,217,100059,217,100190,217,100048,217,100204,217,100017,217,100232,100,100013,100,100297,100,99979,100,100303,100,99967,100,100316,100,99955,100,100465,100,99930,100,100595,100,99926,100
2019-06-28 09:55:20.000000000,100166,334,100065,434,100187,334,100059,334,100190,100,100048,100,100204,100,100017,100,100232,100,100013,100,100297,100,99979,100,100303,100,99967,100,100316,100,99955,100,100465,100,99930,100,100595,100,99926,100
2019-06-28 09:55:28.743508621,100150,100,100065,434,100166,334,100059,334,100187,334,100048,100,100190,100,100017,100,100204,100,100013,100,100232,100,99979,100,100297,100,99967,100,100303,100,99955,100,100316,100,99930,100,100465,100,99926,100
2019-06-28 09:55:30.000000000,100150,334,100065,434,100166,334,100059,334,100187,100,100048,100,100190,100,100017,100,100204,100,100013,100,100232,100,99979,100,100297,100,99967,100,100303,100,99955,100,100316,100,99930,100,100465,100,99926,100
2019-06-28 09:55:40.000000000,100150,194,100065,294,100166,194,100059,194,100187,194,100048,194,100190,194,100017,194,100204,194,100013,194,100232,100,99979,100,100297,100,99967,100,100303,100,99955,100,100316,100,99930,100,100465,100,99926,100
2019-06-28 09:55:50.000000000,100150,569,100065,669,100166,100,100059,100,100187,100,100048,100,100190,100,100017,100,100204,100,100013,100,100232,100,99979,100,100297,100,99967,100,100303,100,99955,100,100316,100,99930,100,100465,100,99926,100
2019-06-28 09:55:50.778996974,100150,569,100065,669,100166,100,100059,100,100187,100,100048,100,100190,100,100017,100,100204,100,100013,100,100232,100,99979,100,100297,100,99967,100,100303,100,99955,100,100316,100,99930,100,100465,100,99926,100
2019-06-28 09:55:52.338443391,100150,569,100065,669,100166,100,100059,100,100187,100,100048,100,100190,100,100017,100,100204,100,100013,100,100232,100,99979,100,100297,100,99967,100,100303,100,99955,100,100316,100,99930,100,100465,200,99926,100
2019-06-28 09:56:00.000000000,100150,194,100065,294,100166,194,100059,194,100187,194,100048,194,100190,194,100017,194,100204,194,100013,194,100232,100,99979,100,100297,100,99967,100,100303,100,99955,100,100316,100,99930,100,100465,200,99926,100
2019-06-28 09:56:10.000000000,100150,569,100065,669,100166,100,100059,100,100187,100,100048,100,100190,100,100017,100,100204,100,100013,100,100232,100,99979,100,100297,100,99967,100,100303,100,99955,100,100316,100,99930,100,100465,200,99926,100
2019-06-28 09:56:10.409333929,100150,469,100065,669,100166,100,100059,100,100190,100,100048,100,100204,100,100017,100,100232,100,100013,100,100297,100,99979,100,100303,100,99967,100,100316,100,99955,100,100465,200,99930,100,100534,100,99926,100
2019-06-28 09:56:20.000000000,100166,334,100065,434,100190,334,100059,334,100204,100,100048,100,100232,100,100017,100,100297,100,100013,100,100303,100,99979,100,100316,100,99967,100,100465,200,99955,100,100534,100,99930,100,100595,100,99926,100
2019-06-28 09:56:30.000000000,100166,259,100065,359,100190,255,100059,255,100204,255,100048,255,100232,100,100017,100,100297,100,100013,100,100303,100,99979,100,100316,100,99967,100,100465,200,99955,100,100534,100,99930,100,100595,100,99926,100
2019-06-28 09:56:33.159553073,100166,259,100112,100,100190,255,100065,359,100204,255,100059,255,100232,100,100048,255,100297,100,100017,100,100303,100,100013,100,100316,100,99979,100,100465,200,99967,100,100534,100,99955,100,100595,100,99930,100
2019-06-28 09:56:40.000000000,100166,569,100112,569,100190,100,100065,200,100204,100,100059,100,100232,100,100048,100,100297,100,100017,100,100303,100,100013,100,100316,100,99979,100,100465,200,99967,100,100534,100,99955,100,100595,100,99930,100
2019-06-28 09:56:50.000000000,100166,334,100112,334,100190,334,100065,434,100204,100,100059,100,100232,100,100048,100,100297,100,100017,100,100303,100,100013,100,100316,100,99979,100,100465,200,99967,100,100534,100,99955,100,100595,100,99930,100
2019-06-28 09:57:00.000000000,100166,569,100112,569,100190,100,100065,200,100204,100,100059,100,100232,100,100048,100,100297,100,100017,100,100303,100,100013,100,100316,100,99979,100,100465,200,99967,100,100534,100,99955,100,100595,100,99930,100
2019-06-28 09:57:10.000000000,100166,194,100112,194,100190,194,100065,294,100204,194,100059,194,100232,194,100048,194,100297,194,100017,194,100303,100,100013,100,100316,100,99979,100,100465,200,99967,100,100534,100,99955,100,100595,100,99930,100
2019-06-28 09:57:20.000000000,100166,334,100112,334,100190,334,100065,434,100204,100,100059,100,100232,100,100048,100,100297,100,100017,100,100303,100,100013,100,100316,100,99979,100,100465,200,99967,100,100534,100,99955,100,100595,100,99930,100
2019-06-28 09:57:30.000000000,100166,334,100112,334,100190,334,100065,434,100204,100,100059,100,100232,100,100048,100,100297,100,100017,100,100303,100,100013,100,100316,100,99979,100,100465,200,99967,100,100534,100,99955,100,100595,100,99930,100
2019-06-28 09:57:38.831444984,100166,334,100112,234,100190,334,100065,434,100204,100,100059,100,100232,100,100048,100,100297,100,100017,100,100303,100,100013,100,100316,100,99979,100,100465,200,99967,100,100534,100,99955,100,100595,100,99930,100
2019-06-28 09:57:40.000000000,100166,217,100065,317,100190,217,100059,217,100204,217,100048,217,100232,217,100017,217,100297,100,100013,100,100303,100,99979,100,100316,100,99967,100,100465,200,99955,100,100534,100,99930,100,100595,100,99926,100
2019-06-28 09:57:50.000000000,100166,217,100065,317,100190,217,100059,217,100204,217,100048,217,100232,217,100017,217,100297,100,100013,100,100303,100,99979,100,100316,100,99967,100,100465,200,99955,100,100534,100,99930,100,100595,100,99926,100
2019-06-28 09:58:00.000000000,100166,194,100065,294,100190,194,100059,194,100204,194,100048,194,100232,194,100017,194,100297,194,100013,194,100303,100,99979,100,100316,100,99967,100,100465,200,99955,100,100534,100,99930,100,100595,100,99926,100
2019-06-28 09:58:00.474386908,100166,194,100065,294,100190,194,100059,194,100204,194,100048,194,100232,194,100017,194,100297,194,100013,194,100303,100,99979,100,100316,100,99967,100,100465,200,99955,100,100534,100,99930,100,100595,100,99926,100
2019-06-28 09:58:10.000000000,100166,569,100065,669,100190,100,100059,100,100204,100,100048,100,100232,100,100017,100,100297,100,100013,100,100303,100,99979,100,100316,100,99967,100,100465,200,99955,100,100534,100,99930,100,100595,100,99926,100
2019-06-28 09:58:10.094012854,100166,569,100065,669,100190,100,100059,100,100204,100,100048,100,100232,100,100017,100,100297,100,100013,100,100303,100,99979,100,100316,100,99967,100,100465,200,99955,100,100534,100,99930,100,100595,100,99926,100
2019-06-28 09:58:20.000000000,100166,569,100065,669,100190,100,100059,100,100204,100,100048,100,100232,100,100017,100,100297,100,100013,100,100303,100,99979,100,100316,100,99967,100,100465,200,99955,100,100534,100,99930,100,100595,100,99926,100
2019-06-28 09:58:30.000000000,100166,334,100065,434,100190,334,100059,334,100204,100,100048,100,100232,100,100017,100,100297,100,100013,100,100303,100,99979,100,100316,100,99967,100,100465,200,99955,100,100534,100,99930,100,100595,100,99926,100
2019-06-28 09:58:36.270729081,100166,334,100065,434,100190,334,100059,334,100204,100,100048,100,100232,100,100017,100,100297,100,99979,100,100303,100,99967,100,100316,100,99955,100,100465,200,99930,100,100534,100,99926,100,100595,100,99905,100
2019-06-28 09:58:37.833590290,100166,334,100065,434,100190,334,100059,334,100204,100,100048,100,100232,100,100017,100,100303,100,99979,100,100316,100,99967,100,100465,200,99955,100,100534,100,99930,100,100595,100,99926,100,100779,100,99905,100
2019-06-28 09:58:40.000000000,100166,194,100065,294,100190,194,100059,194,100204,194,100048,194,100232,194,100017,194,100303,194,99979,194,100316,100,99967,100,100465,200,99955,100,100534,100,99930,100,100595,100,99926,100,100779,100,99905,100
2019-06-28 09:58:48.022375292,100166,94,100065,194,100190,194,100059,194,100204,194,100048,194,100232,194,100017,194,100303,194,99979,194,100316,100,99967,100,100465,200,99955,100,100534,100,99930,100,100595,100,99926,100,100779,100,99905,100
2019-06-28 09:58:50.000000000,100190,194,100065,194,100204,194,100059,194,100232,194,100048,194,100303,194,100017,194,100316,194,99979,194,100465,200,99967,100,100534,100,99955,100,100595,100,99930,100,100779,100,99926,100,101025,100,99905,100
2019-06-28 09:59:00.000000000,100190,334,100065,334,100204,334,100059,334,100232,100,100048,100,100303,100,100017,100,100316,100,99979,100,100465,200,99967,100,100534,100,99955,100,100595,100,99930,100,100779,100,99926,100,101025,100,99905,100
2019-06-28 09:59:00.919964200,100112,100,100065,334,100190,334,100059,334,100204,334,100048,100,100232,100,100017,100,100303,100,99979,100,100316,100,99967,100,100465,200,99955,100,100534,100,99930,100,100595,100,99926,100,100779,100,99905,100
2019-06-28 09:59:10.000000000,100112,259,100065,259,100190,255,100059,255,100204,255,100048,255,100232,100,100017,100,100303,100,99979,100,100316,100,99967,100,100465,200,99955,100,100534,100,99930,100,100595,100,99926,100,100779,100,99905,100
2019-06-28 09:59:20.000000000,100112,217,100065,217,100190,217,100059,217,100204,217,100048,217,100232,217,100017,217,100303,100,99979,100,100316,100,99967,100,100465,200,99955,100,100534,100,99930,100,100595,100,99926,100,100779,100,99905,100
2019-06-28 09:59:20.095900474,100102,100,100065,217,100112,217,100059,217,100190,217,100048,217,100204,217,100017,217,100232,217,99967,100,100303,100,99955,100,100316,100,99930,100,100465,200,99926,100,100534,100,99905,100,100595,100,99884,100
2019-06-28 09:59:30.000000000,100102,259,100065,259,100112,255,100059,255,100190,255,100048,255,100204,100,100017,100,100232,100,99967,100,100303,100,99955,100,100316,100,99930,100,100465,200,99926,100,100534,100,99905,100,100595,100,99884,100
2019-06-28 09:59:40.000000000,100102,194,100065,194,100112,194,100059,194,100190,194,100048,194,100204,194,100017,194,100232,194,99967,194,100303,100,99955,100,100316,100,99930,100,100465,200,99926,100,100534,100,99905,100,100595,100,99884,100
2019-06-28 09:59:46.956475057,100102,194,100065,194,100112,194,100059,94,100190,194,100048,194,100204,194,100017,194,100232,194,99967,194,100303,100,99955,100,100316,100,99930,100,100465,200,99926,100,100534,100,99905,100,100595,100,99884,100
2019-06-28 09:59:50.000000000,100102,217,100065,217,100112,217,100048,217,100190,217,100017,217,100204,217,99967,217,100232,100,99955,100,100303,100,99930,100,100316,100,99926,100,100465,200,99905,100,100534,100,99884,100,100595,100,99883,100
2019-06-28 10:00:00.000000000,100102,217,100065,217,100112,217,100048,217,100190,217,100017,217,100204,217,99967,217,100232,100,99955,100,100303,100,99930,100,100316,100,99926,100,100465,200,99905,100,100534,100,99884,100,100595,100,99883,100
2019-06-28 10:00:10.000000000,100102,194,100065,194,100112,194,100048,194,100190,194,100017,194,100204,194,99967,194,100232,194,99955,194,100303,100,99930,100,100316,100,99926,100,100465,200,99905,100,100534,100,99884,100,100595,100,99883,100
2019-06-28 10:00:20.000000000,100102,334,100065,334,100112,334,100048,334,100190,100,100017,100,100204,100,99967,100,100232,100,99955,100,100303,100,99930,100,100316,100,99926,100,100465,200,99905,100,100534,100,99884,100,100595,100,99883,100
2019-06-28 10:00:30.000000000,100102,259,100065,259,100112,255,100048,255,100190,255,100017,255,100204,100,99967,100,100232,100,99955,100,100303,100,99930,100,100316,100,99926,100,100465,200,99905,100,100534,100,99884,100,100595,100,99883,100
2019-06-28 10:00:40.000000000,100102,334,100065,334,100112,334,100048,334,100190,100,100017,100,100204,100,99967,100,100232,100,99955,100,100303,100,99930,100,100316,100,99926,100,100465,200,99905,100,100534,100,99884,100,100595,100,99883,100
2019-06-28 10:00:50.000000000,100102,334,100065,334,100112,334,100048,334,100190,100,100017,100,100204,100,99967,100,100232,100,99955,100,100303,100,99930,100,100316,100,99926,100,100465,200,99905,100,100534,100,99884,100,100595,100,99883,100
2019-06-28 10:01:00.000000000,100102,569,100065,569,100112,100,100048,100,100190,100,100017,100,100204,100,99967,100,100232,100,99955,100,100303,100,99930,100,100316,100,99926,100,100465,200,99905,100,100534,100,99884,100,100595,100,99883,100
2019-06-28 10:01:00.983470070,100102,569,100065,469,100112,100,100048,100,100190,100,100017,100,100204,100,99967,100,100232,100,99955,100,100303,100,99930,100,100316,100,99926,100,100465,200,99905,100,100534,100,99884,100,100595,100,99883,100
2019-06-28 10:01:06.537043641,100102,569,100065,369,100112,100,100048,100,100190,100,100017,100,100204,100,99967,100,100303,100,99955,100,100316,100,99930,100,100465,200,99926,100,100534,100,99905,100,100595,100,99884,100,100779,100,99883,100
2019-06-28 10:01:10.000000000,100102,334,100048,334,100112,334,100017,334,100190,100,99967,100,100204,100,99955,100,100303,100,99930,100,100316,100,99926,100,100465,200,99905,100,100534,100,99884,100,100595,100,99883,100,100779,100,99882,100
2019-06-28 10:01:13.946612730,100102,334,100048,334,100112,334,100017,334,100190,100,99967,100,100204,100,99955,100,100303,100,99930,100,100316,100,99926,100,100465,200,99905,100,100534,100,99884,100,100595,100,99883,100,100779,100,99882,100
2019-06-28 10:01:15.996649235,100102,334,100048,334,100112,334,100017,334,100190,100,99967,100,100204,100,99955,100,100303,100,99930,100,100316,100,99926,100,100465,200,99905,100,100534,100,99884,100,100595,100,99883,100,100779,100,99882,100
2019-06-28 10:01:20.000000000,100102,217,100048,217,100112,217,100017,217,100190,217,99967,217,100204,217,99955,217,100303,100,99930,100,100316,100,99926,100,100465,200,99905,100,100534,100,99884,100,100595,100,99883,100,100779,100,99882,100
2019-06-28 10:01:22.976903895,100065,100,100048,217,100102,217,100017,217,100112,217,99967,217,100190,217,99955,217,100204,217,99930,100,100303,100,99926,100,100316,100,99905,100,100465,200,99884,100,100534,100,99883,100,100595,100,99882,100
2019-06-28 10:01:30.000000000,100065,217,100048,217,100102,217,100017,217,100112,217,99967,217,100190,217,99955,217,100204,100,99930,100,100303,100,99926,100,100316,100,99905,100,100465,200,99884,100,100534,100,99883,100,100595,100,99882,100
2019-06-28 10:01:33.580539555,100065,217,100048,117,100102,217,100017,217,100112,217,99967,217,100190,217,99955,217,100204,100,99930,100,100303,100,99926,100,100316,100,99905,100,100465,200,99884,100,100534,100,99883,100,100595,100,99882,100
2019-06-28 10:01:37.855562814,100064,100,100048,117,100065,217,100017,217,100102,217,99967,217,100112,217,99955,217,100190,217,99930,100,100204,100,99926,100,100303,100,99905,100,100316,100,99884,100,100465,200,99883,100,100534,100,99882,100
2019-06-28 10:01:40.000000000,100064,334,100017,334,100065,334,99967,334,100102,100,99955,100,100112,100,99930,100,100190,100,99926,100,100204,100,99905,100,100303,100,99884,100,100316,100,99883,100,100465,200,99882,100,100534,100,99868,100
2019-06-28 10:01:50.000000000,100064,217,100017,217,100065,217,99967,217,100102,217,99955,217,100112,217,99930,217,100190,100,99926,100,100204,100,99905,100,100303,100,99884,100,100316,100,99883,100,100465,200,99882,100,100534,100,99868,100
2019-06-28 10:01:57.398297748,100064,217,100017,217,100065,217,99967,217,100102,217,99955,217,100112,217,99930,217,100190,100,99926,100,100204,100,99905,100,100303,100,99884,100,100316,100,99883,100,100465,200,99882,100,100534,100,99868,100
2019-06-28 10:02:00.000000000,100064,217,100017,217,100065,217,99967,217,100102,217,99955,217,100112,217,99930,217,100190,100,99926,100,100204,100,99905,100,100303,100,99884,100,100316,100,99883,100,100465,200,99882,100,100534,100,99868,100
2019-06-28 10:02:10.000000000,100064,334,100017,334,100065,334,99967,334,100102,100,99955,100,100112,100,99930,100,100190,100,99926,100,100204,100,99905,100,100303,100,99884,100,100316,100,99883,100,100465,200,99882,100,100534,100,99868,100
2019-06-28 10:02:12.752976100,100064,334,100017,234,100065,334,99967,334,100112,100,99955,100,100190,100,99930,100,100204,100,99926,100,100303,100,99905,100,100316,100,99884,100,100465,200,99883,100,100534,100,99882,100,100595,100,99868,100
2019-06-28 10:02:17.977274708,100064,334,100017,134,100065,334,99967,334,100112,100,99955,100,100190,100,99930,100,100204,100,99926,100,100303,100,99905,100,100316,100,99884,100,100465,200,99883,100,100534,100,99882,100,100595,100,99868,100
2019-06-28 10:02:20.000000000,100064,569,99967,569,100065,100,99955,100,100112,100,99930,100,100190,100,99926,100,100204,100,99905,100,100303,100,99884,100,100316,100,99883,100,100465,200,99882,100,100534,100,99868,100,100595,100,99856,100
2019-06-28 10:02:30.000000000,100064,334,99967,334,100065,334,99955,334,100112,100,99930,100,100190,100,99926,100,100204,100,99905,100,100303,100,99884,100,100316,100,99883,100,100465,200,99882,100,100534,100,99868,100,100595,100,99856,100
2019-06-28 10:02:33.587326983,100064,334,99967,334,100065,334,99955,334,100112,100,99930,100,100190,100,99926,100,100204,100,99905,100,100303,100,99884,100,100316,100,99883,100,100465,200,99882,100,100534,100,99868,100,100595,100,99856,100
2019-06-28 10:02:40.000000000,100064,569,99967,569,100065,100,99955,100,100112,100,99930,100,100190,100,99926,100,100204,100,99905,100,100303,100,99884,100,100316,100,99883,100,100465,200,99882,100,100534,100,99868,100,100595,100,99856,100
2019-06-28 10:02:40.618495678,100017,100,99967,569,100064,569,99955,100,100065,100,99930,100,100112,100,99926,100,100190,100,99905,100,100204,100,99884,100,100303,100,99883,100,100316,100,99882,100,100465,200,99868,100,100534,100,99856,100
2019-06-28 10:02:50.000000000,100017,334,99967,334,100064,334,99955,334,100065,100,99930,100,100112,100,99926,100,100190,100,99905,100,100204,100,99884,100,100303,100,99883,100,100316,100,99882,100,100465,200,99868,100,100534,100,99856,100
2019-06-28 10:02:55.963009724,100017,334,99967,234,100064,334,99955,334,100065,100,99930,100,100112,100,99926,100,100204,100,99905,100,100303,100,99884,100,100316,100,99883,100,100465,200,99882,100,100534,100,99868,100,100595,100,99856,100
2019-06-28 10:03:00.000000000,100017,194,99955,194,100064,194,99930,194,100065,194,99926,194,100112,194,99905,194,100204,194,99884,194,100303,100,99883,100,100316,100,99882,100,100465,200,99868,100,100534,100,99856,100,100595,100,99664,100
2019-06-28 10:03:10.000000000,100017,569,99955,569,100064,100,99930,100,100065,100,99926,100,100112,100,99905,100,100204,100,99884,100,100303,100,99883,100,100316,100,99882,100,100465,200,99868,100,100534,100,99856,100,100595,100,99664,100
2019-06-28 10:03:13.274967776,100017,569,99955,469,100064,100,99930,100,100065,100,99926,100,100112,100,99905,100,100204,100,99884,100,100303,100,99883,100,100316,100,99882,100,100465,200,99868,100,100534,100,99856,100,100595,100,99664,100
2019-06-28 10:03:20.000000000,100017,569,99930,569,100064,100,99926,100,100065,100,99905,100,100112,100,99884,100,100204,100,99883,100,100303,100,99882,100,100316,100,99868,100,100465,200,99856,100,100534,100,99664,100,100595,100,99648,100
2019-06-28 10:03:28.594006135,99967,100,99930,569,100017,569,99926,100,100064,100,99905,100,100065,100,99884,100,100112,100,99883,100,100204,100,99882,100,100303,100,99868,100,100316,100,99856,100,100465,200,99664,100,100534,100,99648,100
2019-06-28 10:03:30.000000000,99967,334,99930,334,100017,334,99926,334,100064,100,99905,100,100065,100,99884,100,100112,100,99883,100,100204,100,99882,100,100303,100,99868,100,100316,100,99856,100,100465,200,99664,100,100534,100,99648,100
2019-06-28 10:03:33.091173288,99967,434,99930,334,100017,334,99926,334,100064,100,99905,100,100065,100,99884,100,100112,100,99883,100,100204,100,99882,100,100303,100,99868,100,100316,100,99856,100,100465,200,99664,100,100534,100,99648,100
2019-06-28 10:03:40.000000000,99967,317,99930,217,100017,217,99926,217,100064,217,99905,217,100065,217,99884,217,100112,100,99883,100,100204,100,99882,100,100303,100,99868,100,100316,100,99856,100,100465,200,99664,100,100534,100,99648,100
2019-06-28 10:03:50.000000000,99967,669,99930,569,100017,100,99926,100,100064,100,99905,100,100065,100,99884,100,100112,100,99883,100,100204,100,99882,100,100303,100,99868,100,100316,100,99856,100,100465,200,99664,100,100534,100,99648,100
2019-06-28 10:03:55.692199857,99967,569,99930,569,100017,100,99926,100,100064,100,99905,100,100065,100,99884,100,100112,100,99883,100,100204,100,99882,100,100303,100,99868,100,100316,100,99856,100,100465,200,99664,100,100534,100,99648,100
2019-06-28 10:04:00.000000000,99967,194,99930,194,100017,194,99926,194,100064,194,99905,194,100065,194,99884,194,100112,194,99883,194,100204,100,99882,100,100303,100,99868,100,100316,100,99856,100,100465,200,99664,100,100534,100,99648,100
2019-06-28 10:04:10.000000000,99967,259,99930,259,100017,255,99926,255,100064,255,99905,255,100065,100,99884,100,100112,100,99883,100,100204,100,99882,100,100303,100,99868,100,100316,100,99856,100,100465,200,99664,100,100534,100,99648,100
2019-06-28 10:04:16.561757619,99967,359,99930,259,100017,255,99926,255,100064,255,99905,255,100065,100,99884,100,100112,100,99883,100,100204,100,99882,100,100303,100,99868,100,100316,100,99856,100,100465,200,99664,100,100534,100,99648,100
2019-06-28 10:04:20.000000000,99967,669,99930,569,100017,100,99926,100,100064,100,99905,100,100065,100,99884,100,100112,100,99883,100,100204,100,99882,100,100303,100,99868,100,100316,100,99856,100,100465,200,99664,100,100534,100,99648,100
2019-06-28 10:04:30.000000000,99967,434,99930,334,100017,334,99926,334,100064,100,99905,100,100065,100,99884,100,100112,100,99883,100,100204,100,99882,100,100303,100,99868,100,100316,100,99856,100,100465,200,99664,100,100534,100,99648,100
2019-06-28 10:04:35.319809576,99967,434,99930,334,100017,334,99926,334,100064,100,99905,100,100065,100,99884,100,100112,100,99883,100,100204,100,99882,100,100303,100,99868,100,100316,100,99856,100,100465,200,99664,100,100534,100,99648,100
2019-06-28 10:04:40.000000000,99967,434,99930,334,100017,334,99926,334,100064,100,99905,100,100065,100,99884,100,100112,100,99883,100,100204,100,99882,100,100303,100,99868,100,100316,100,99856,100,100465,200,99664,100,100534,100,99648,100
2019-06-28 10:04:50.000000000,99967,294,99930,194,100017,194,99926,194,100064,194,99905,194,100065,194,99884,194,100112,194,99883,194,100204,100,99882,100,100303,100,99868,100,100316,100,99856,100,100465,200,99664,100,100534,100,99648,100
2019-06-28 10:04:50.930098427,99967,294,99930,94,100017,194,99926,194,100064,194,99905,194,100065,194,99884,194,100112,194,99883,194,100204,100,99868,100,100303,100,99856,100,100316,100,99664,100,100465,200,99648,100,100534,100,99611,100
2019-06-28 10:05:00.000000000,99967,317,99926,217,100017,217,99905,217,100064,217,99884,217,100065,217,99883,217,100112,100,99868,100,100204,100,99856,100,100303,100,99664,100,100316,100,99648,100,100465,200,99611,100,100534,100,98735,100
2019-06-28 10:05:10.000000000,99967,359,99926,259,100017,255,99905,255,100064,255,99884,255,100065,100,99883,100,100112,100,99868,100,100204,100,99856,100,100303,100,99664,100,100316,100,99648,100,100465,200,99611,100,100534,100,98735,100
2019-06-28 10:05:20.000000000,99967,317,99926,217,100017,217,99905,217,100064,217,99884,217,100065,217,99883,217,100112,100,99868,100,100204,100,99856,100,100303,100,99664,100,100316,100,99648,100,100465,200,99611,100,100534,100,98735,100
2019-06-28 10:05:20.670583664,99967,317,99926,217,100017,217,99905,217,100064,217,99884,217,100065,217,99883,217,100112,100,99868,100,100204,100,99856,100,100303,100,99664,100,100316,100,99648,100,100465,200,99611,100,100534,100,98735,100
2019-06-28 10:05:29.396160724,99967,317,99926,217,100017,217,99905,217,100064,217,99884,217,100065,217,99883,217,100112,100,99868,100,100204,100,99856,100,100303,100,99664,100,100316,100,99648,100,100465,200,99611,100,100534,100,98735,100
2019-06-28 10:05:30.000000000,99967,434,99926,334,100017,334,99905,334,100064,100,99884,100,100065,100,99883,100,100112,100,99868,100,100204,100,99856,100,100303,100,99664,100,100316,100,99648,100,100465,200,99611,100,100534,100,98735,100
2019-06-28 10:05:40.000000000,99967,317,99926,217,100017,217,99905,217,100064,217,99884,217,100065,217,99883,217,100112,100,99868,100,100204,100,99856,100,100303,100,99664,100,100316,100,99648,100,100465,200,99611,100,100534,100,98735,100
2019-06-28 10:05:46.445386728,99967,317,99926,117,100017,217,99905,217,100064,217,99884,217,100065,217,99883,217,100112,100,99868,100,100204,100,99856,100,100303,100,99664,100,100316,100,99648,100,100465,200,99611,100,100534,100,98735,100
2019-06-28 10:05:50.000000000,99967,294,99905,194,100017,194,99884,194,100064,194,99883,194,100065,194,99868,194,100112,194,99856,194,100204,100,99664,100,100303,100,99648,100,100316,100,99611,100,100465,200,98735,100,100534,100,98580,100
2019-06-28 10:06:00.000000000,99967,434,99905,334,100017,334,99884,334,100064,100,99883,100,100065,100,99868,100,100112,100,99856,100,100204,100,99664,100,100303,100,99648,100,100316,100,99611,100,100465,200,98735,100,100534,100,98580,100
2019-06-28 10:06:09.096073391,99967,434,99905,334,100017,334,99884,334,100064,100,99883,100,100065,100,99868,100,100112,100,99856,100,100204,100,99664,100,100303,100,99648,100,100316,100,99611,100,100465,200,98735,100,100534,100,98727,100
2019-06-28 10:06:10.000000000,99967,669,99905,569,100017,100,99884,100,100064,100,99883,100,100065,100,99868,100,100112,100,99856,100,100204,100,99664,100,100303,100,99648,100,100316,100,99611,100,100465,200,98735,100,100534,100,98727,100
2019-06-28 10:06:20.000000000,99967,434,99905,334,100017,334,99884,334,100064,100,99883,100,100065,100,99868,100,100112,100,99856,100,100204,100,99664,100,100303,100,99648,100,100316,100,99611,100,100465,200,98735,100,100534,100,98727,100
2019-06-28 10:06:27.639820314,99967,434,99905,334,100017,334,99884,334,100064,100,99883,100,100065,100,99868,100,100112,100,99856,100,100204,100,99664,100,100303,100,99648,100,100316,100,99611,100,100465,200,99145,100,100534,100,98735,100
2019-06-28 10:06:27.728371260,99967,434,99905,334,100017,334,99884,334,100064,100,99883,100,100065,100,99868,100,100112,100,99856,100,100204,100,99664,100,100303,100,99648,100,100316,100,99611,100,100465,200,99145,100,100534,100,98735,100
2019-06-28 10:06:30.000000000,99967,359,99905,259,100017,255,99884,255,100064,255,99883,255,100065,100,99868,100,100112,100,99856,100,100204,100,99664,100,100303,100,99648,100,100316,100,99611,100,100465,200,99145,100,100534,100,98735,100
2019-06-28 10:06:40.000000000,99967,669,99905,569,100017,100,99884,100,100064,100,99883,100,100065,100,99868,100,100112,100,99856,100,100204,100,99664,100,100303,100,99648,100,100316,100,99611,100,100465,200,99145,100,100534,100,98735,100
2019-06-28 10:06:50.000000000,99967,359,99905,259,100017,255,99884,255,100064,255,99883,255,100065,100,99868,100,100112,100,99856,100,100204,100,99664,100,100303,100,99648,100,100316,100,99611,100,100465,200,99145,100,100534,100,98735,100
2019-06-28 10:07:00.000000000,99967,317,99905,217,100017,217,99884,217,100064,217,99883,217,100065,217,99868,217,100112,100,99856,100,100204,100,99664,100,100303,100,99648,100,100316,100,99611,100,100465,200,99145,100,100534,100,98735,100
2019-06-28 10:07:10.000000000,99967,294,99905,194,100017,194,99884,194,100064,194,99883,194,100065,194,99868,194,100112,194,99856,194,100204,100,99664,100,100303,100,99648,100,100316,100,99611,100,100465,200,99145,100,100534,100,98735,100
2019-06-28 10:07:20.000000000,99967,669,99905,569,100017,100,99884,100,100064,100,99883,100,100065,100,99868,100,100112,100,99856,100,100204,100,99664,100,100303,100,99648,100,100316,100,99611,100,100465,200,99145,100,100534,100,98735,100
2019-06-28 10:07:30.000000000,99967,294,99905,194,100017,194,99884,194,100064,194,99883,194,100065,194,99868,194,100112,194,99856,194,100204,100,99664,100,100303,100,99648,100,100316,100,99611,100,100465,200,99145,100,100534,100,98735,100
2019-06-28 10:07:40.000000000,99967,317,99905,217,100017,217,99884,217,100064,217,99883,217,100065,217,99868,217,100112,100,99856,100,100204,100,99664,100,100303,100,99648,100,100316,100,99611,100,100465,200,99145,100,100534,100,98735,100
2019-06-28 10:07:45.202298353,99967,317,99905,117,100017,217,99884,217,100064,217,99883,217,100065,217,99868,217,100112,100,99856,100,100204,100,99664,100,100303,100,99648,100,100316,100,99611,100,100465,200,99145,100,100534,100,98735,100
2019-06-28 10:07:46.295365065,99967,317,99905,17,100017,217,99884,217,100064,217,99883,217,100065,217,99868,217,100112,100,99856,100,100204,100,99664,100,100303,100,99648,100,100316,100,99611,100,100465,200,99145,100,100534,100,98735,100
2019-06-28 10:07:50.000000000,99967,434,99884,334,100017,334,99883,334,100064,100,99868,100,100065,100,99856,100,100112,100,99664,100,100204,100,99648,100,100303,100,99611,100,100316,100,99145,100,100465,200,98735,100,100534,100,98727,100
2019-06-28 10:08:00.000000000,99967,669,99884,569,100017,100,99883,100,100064,100,99868,100,100065,100,99856,100,100112,100,99664,100,100204,100,99648,100,100303,100,99611,100,100316,100,99145,100,100465,200,98735,100,100534,100,98727,100
2019-06-28 10:08:10.000000000,99967,359,99884,259,100017,255,99883,255,100064,255,99868,255,100065,100,99856,100,100112,100,99664,100,100204,100,99648,100,100303,100,99611,100,100316,100,99145,100,100465,200,98735,100,100534,100,98727,100
2019-06-28 10:08:18.262740297,99967,359,99884,159,100017,255,99883,255,100064,255,99868,255,100065,100,99856,100,100112,100,99664,100,100204,100,99611,100,100303,100,99145,100,100316,100,98735,100,100465,200,98727,100,100534,100,98725,100
2019-06-28 10:08:20.000000000,99967,669,99883,569,100017,100,99868,100,100064,100,99856,100,100065,100,99664,100,100112,100,99611,100,100204,100,99145,100,100303,100,98735,100,100316,100,98727,100,100465,200,98725,100,100534,100,98580,100
