,ask_price_1,ask_size_1,bid_price_1,bid_size_1,ask_price_2,ask_size_2,bid_price_2,bid_size_2,ask_price_3,ask_size_3,bid_price_3,bid_size_3,ask_price_4,ask_size_4,bid_price_4,bid_size_4,ask_price_5,ask_size_5,bid_price_5,bid_size_5,ask_price_6,ask_size_6,bid_price_6,bid_size_6,ask_price_7,ask_size_7,bid_price_7,bid_size_7,ask_price_8,ask_size_8,bid_price_8,bid_size_8,ask_price_9,ask_size_9,bid_price_9,bid_size_9,ask_price_10,ask_size_10,bid_price_10,bid_size_10
2019-06-28 09:30:00.000000001,100044,100,,,100096,100,,,,,,,,,,,,,,,,,,,,,,,,,,,,,,,,,,
2019-06-28 09:30:00.000000002,100012,100,99989,100,100044,100,,,100096,100,,,,,,,,,,,,,,,,,,,,,,,,,,,,,,
2019-06-28 09:30:00.000000005,100012,100,99989,100,100044,100,99961,100,100096,100,,,,,,,,,,,,,,,,,,,,,,,,,,,,,,
2019-06-28 09:30:00.000000007,100012,100,99989,100,100044,100,99961,100,100046,100,,,100096,100,,,,,,,,,,,,,,,,,,,,,,,,,,
2019-06-28 09:30:00.000000010,100012,100,99989,100,100044,100,99984,100,100046,100,99983,100,100096,100,99961,100,100144,100,,,,,,,,,,,,,,,,,,,,,,
2019-06-28 09:30:00.000000012,100012,100,99989,100,100044,100,99984,100,100046,100,99983,100,100096,100,99961,100,100144,100,99918,100,,,,,,,,,,,,,,,,,,,,
2019-06-28 09:30:00.000000014,100012,100,99989,100,100044,100,99984,100,100046,100,99983,100,100096,100,99961,100,100144,100,99918,100,100154,100,,,100173,100,,,,,,,,,,,,,,
2019-06-28 09:30:00.000000015,100012,100,99989,100,100044,100,99984,100,100046,100,99983,100,100096,100,99961,100,100144,100,99929,100,100154,100,99918,100,100173,100,99892,100,,,,,,,,,,,,
2019-06-28 09:30:00.000000016,100012,100,99989,100,100044,100,99984,100,100046,100,99983,100,100082,100,99961,100,100096,100,99931,100,100144,100,99929,100,100154,100,99918,100,100173,100,99892,100,,,,,,,,
2019-06-28 09:30:00.000000018,100012,100,99989,100,100044,100,99984,100,100046,100,99983,100,100082,100,99961,100,100096,100,99931,100,100144,100,99929,100,100154,100,99918,100,100173,100,99892,100,,,99879,100,,,,
2019-06-28 09:30:00.000000020,100012,100,99989,100,100031,100,99984,100,100044,100,99983,100,100046,100,99961,100,100082,100,99931,100,100096,100,99929,100,100144,100,99918,100,100154,100,99892,100,100173,100,99879,100,,,,
2019-06-28 09:30:00.000000022,100012,100,99989,100,100031,100,99984,100,100044,100,99983,100,100046,100,99961,100,100082,100,99958,100,100096,100,99931,100,100144,100,99929,100,100154,100,99918,100,100173,100,99892,100,,,99879,100
2019-06-28 09:30:00.000000023,100012,100,99989,100,100031,100,99984,100,100044,100,99983,100,100046,100,99961,100,100082,100,99958,100,100096,100,99931,100,100144,100,99929,100,100154,100,99918,100,100173,100,99917,100,,,99892,100
2019-06-28 09:30:00.000000024,100031,100,99989,100,100044,100,99984,100,100046,100,99983,100,100082,100,99961,100,100084,100,99958,100,100096,100,99931,100,100144,100,99929,100,100154,100,99918,100,100173,100,99917,100,,,99892,100
2019-06-28 09:30:00.000000025,100031,100,99989,100,100044,100,99984,100,100046,100,99983,100,100082,100,99961,100,100084,100,99958,100,100096,100,99931,100,100144,100,99929,100,100154,100,99918,100,100173,100,99917,100,100212,100,99892,100
2019-06-28 09:30:00.000000027,100031,100,100001,100,100044,100,99989,100,100046,100,99984,100,100082,100,99983,100,100084,100,99961,100,100096,100,99958,100,100144,100,99931,100,100154,100,99929,100,100173,100,99918,100,100212,100,99917,100
2019-06-28 09:30:00.000000029,100031,100,100001,100,100044,100,99989,100,100046,100,99984,100,100082,100,99983,100,100084,100,99961,100,100096,100,99958,100,100144,100,99931,100,100154,100,99929,100,100173,100,99918,100,100212,100,99917,100
2019-06-28 09:30:00.000000032,100031,100,100001,100,100044,100,99989,100,100046,100,99984,100,100082,100,99983,100,100084,100,99961,100,100096,100,99958,100,100144,100,99931,100,100154,100,99929,100,100173,100,99918,100,100212,100,99917,100
2019-06-28 09:30:00.000000033,100021,100,100001,100,100031,100,99989,100,100044,100,99984,100,100046,100,99983,100,100082,100,99961,100,100084,100,99958,100,100096,100,99931,100,100144,100,99929,100,100154,100,99918,100,100173,100,99917,100
2019-06-28 09:30:00.000000037,100031,100,100001,100,100044,100,99989,100,100046,100,99984,100,100082,100,99983,100,100084,100,99961,100,100096,100,99958,100,100144,100,99931,100,100154,100,99929,100,100173,100,99918,100,100179,100,99917,100
2019-06-28 09:30:00.000000038,100031,100,100001,100,100044,100,99989,100,100046,100,99984,100,100082,100,99983,100,100084,100,99961,100,100096,100,99958,100,100144,100,99931,100,100154,100,99929,100,100173,100,99918,100,100179,100,99917,100
2019-06-28 09:30:00.000000041,100031,100,100001,100,100044,100,99989,100,100046,100,99984,100,100077,100,99983,100,100082,100,99961,100,100084,100,99958,100,100096,100,99931,100,100144,100,99929,100,100154,100,99918,100,100173,100,99917,100
2019-06-28 09:30:00.000000045,100031,100,100012,100,100044,100,100001,100,100046,100,99989,100,100077,100,99984,100,100082,100,99983,100,100084,100,99961,100,100096,100,99958,100,100117,100,99931,100,100144,100,99929,100,100154,100,99918,100
2019-06-28 09:30:00.000000046,100031,100,100012,200,100044,100,100001,100,100046,100,99989,100,100077,100,99984,100,100082,100,99983,100,100084,100,99961,100,100096,100,99958,100,100117,100,99931,100,100144,100,99929,100,100154,100,99918,100
2019-06-28 09:30:00.000000048,100031,100,100012,200,100044,100,100001,100,100046,100,99989,100,100077,100,99984,100,100082,100,99983,100,100084,100,99961,100,100096,100,99958,200,100117,100,99931,100,100144,100,99929,100,100154,100,99918,100
2019-06-28 09:30:00.000000049,100031,100,100012,200,100044,100,100001,100,100046,100,99989,100,100077,100,99984,100,100082,100,99983,100,100084,100,99961,100,100096,100,99958,200,100117,100,99931,100,100144,100,99929,100,100154,200,99918,100
2019-06-28 09:30:00.000000051,100031,100,100012,200,100044,100,100001,100,100046,100,99989,100,100077,100,99984,100,100082,100,99983,100,100084,100,99961,100,100096,100,99958,200,100117,100,99931,100,100144,100,99929,100,100154,200,99918,100
2019-06-28 09:30:00.000000052,100031,100,100012,200,100044,100,100001,100,100046,100,99989,100,100070,100,99984,100,100077,100,99983,100,100082,100,99961,100,100084,100,99958,200,100096,100,99931,100,100117,100,99929,100,100144,100,99918,100
2019-06-28 09:30:00.000000053,100031,100,100012,200,100044,100,100001,100,100046,100,99989,100,100070,100,99984,100,100077,100,99983,100,100082,100,99962,100,100084,100,99961,100,100096,100,99958,200,100117,100,99931,100,100144,100,99929,100
2019-06-28 09:30:00.000000056,100031,100,100012,200,100033,100,100001,100,100044,100,99989,100,100046,100,99984,100,100070,100,99983,100,100077,100,99962,100,100082,100,99961,100,100084,100,99958,200,100096,100,99931,100,100117,100,99929,100
2019-06-28 09:30:00.000000057,100031,100,100012,200,100033,100,100001,100,100044,100,99989,100,100046,100,99984,100,100070,100,99983,100,100077,100,99962,100,100082,100,99961,100,100084,100,99958,200,100096,100,99931,100,100117,100,99929,100
2019-06-28 09:30:00.000000058,100031,100,100012,200,100033,100,100001,100,100044,100,99989,100,100046,100,99984,100,100070,100,99983,100,100077,100,99962,100,100082,100,99961,100,100084,100,99958,200,100096,100,99931,100,100117,100,99929,100
2019-06-28 09:30:00.000000061,100031,100,100012,100,100033,100,100001,100,100044,100,99989,100,100046,100,99984,100,100070,100,99983,100,100077,100,99962,100,100082,100,99961,100,100084,100,99958,200,100096,100,99931,100,100117,100,99929,100
2019-06-28 09:30:00.000000064,100031,100,100012,100,100033,100,100001,100,100044,100,99989,100,100046,100,99984,100,100070,100,99983,100,100077,100,99962,100,100082,100,99961,100,100084,100,99958,200,100096,100,99931,100,100117,100,99929,100
2019-06-28 09:30:00.000000065,100031,100,100012,100,100033,100,100001,100,100044,100,99989,100,100046,100,99984,100,100070,100,99983,100,100077,100,99962,100,100082,100,99961,100,100084,100,99958,200,100096,100,99952,100,100117,100,99931,100
2019-06-28 09:30:00.000000066,100031,100,100012,100,100033,100,100001,100,100044,100,99989,100,100046,100,99984,100,100070,100,99983,100,100077,100,99962,100,100082,100,99961,100,100084,100,99958,200,100096,100,99952,100,100099,100,99931,100
2019-06-28 09:30:00.000000068,100021,100,100012,100,100031,100,100001,100,100033,100,99989,100,100044,100,99984,100,100046,100,99983,100,100070,100,99962,100,100077,100,99961,100,100082,100,99958,200,100084,100,99952,100,100096,100,99931,100
2019-06-28 09:30:00.000000070,100021,100,100001,100,100031,100,99989,100,100033,100,99984,100,100044,100,99983,100,100046,100,99962,100,100070,100,99961,100,100077,100,99958,200,100082,100,99952,100,100084,100,99931,100,100096,100,99929,100
2019-06-28 09:30:00.000000073,100021,100,100012,100,100031,100,100001,100,100033,100,99989,100,100044,100,99984,100,100046,100,99983,100,100070,100,99962,100,100077,100,99961,100,100082,100,99958,200,100084,100,99952,100,100096,100,99931,100
2019-06-28 09:30:00.000000074,100021,100,100001,100,100031,100,99989,100,100033,100,99984,100,100044,100,99983,100,100046,100,99962,100,100070,100,99961,100,100077,100,99958,200,100082,100,99952,100,100084,100,99931,100,100096,100,99929,100
2019-06-28 09:30:00.000000075,100021,100,100001,100,100031,100,99989,100,100033,100,99984,100,100044,100,99983,100,100046,100,99962,100,100070,100,99961,100,100077,100,99958,200,100082,100,99952,100,100084,100,99931,100,100096,100,99929,100
2019-06-28 09:30:00.000000078,100012,100,100001,100,100021,100,99989,100,100031,100,99984,100,100033,100,99983,100,100044,100,99962,100,100046,100,99961,100,100070,100,99958,200,100077,100,99952,100,100082,100,99931,100,100084,100,99929,100
2019-06-28 09:30:00.000000086,100012,100,100001,100,100021,100,99989,100,100031,100,99984,100,100033,100,99983,100,100044,100,99962,100,100046,100,99961,100,100070,100,99958,200,100077,100,99952,100,100082,100,99931,100,100084,100,99929,100
2019-06-28 09:30:00.000000087,100012,100,100001,100,100021,100,99989,100,100031,100,99984,100,100033,100,99983,100,100044,100,99962,100,100046,100,99961,100,100070,100,99958,200,100077,100,99952,100,100082,100,99931,100,100084,100,99929,100
2019-06-28 09:30:00.000000088,100012,100,100001,100,100021,100,99989,100,100031,100,99985,100,100033,100,99984,100,100044,100,99983,100,100046,100,99962,100,100070,100,99961,100,100077,100,99958,200,100082,100,99952,100,100084,100,99931,100
2019-06-28 09:30:00.000000089,100012,100,100001,100,100021,100,99989,100,100031,100,99985,100,100033,100,99984,100,100041,100,99983,100,100044,100,99962,100,100046,100,99961,100,100070,100,99958,200,100077,100,99952,100,100082,100,99931,100
2019-06-28 09:30:00.000000091,100012,200,100001,100,100021,100,99989,100,100031,100,99985,100,100033,100,99984,100,100041,100,99983,100,100044,100,99962,100,100046,100,99961,100,100069,100,99958,200,100070,100,99952,100,100073,100,99931,100
2019-06-28 09:30:00.000000093,100012,200,100001,100,100021,100,99989,100,100031,100,99985,100,100033,100,99984,100,100041,100,99983,100,100044,100,99962,100,100046,100,99961,100,100069,100,99958,200,100070,100,99952,100,100073,100,99931,100
2019-06-28 09:30:00.000000094,100012,300,100001,100,100021,100,99989,100,100031,100,99985,100,100033,100,99984,100,100041,100,99983,100,100044,100,99962,100,100046,100,99961,100,100069,100,99958,200,100070,100,99952,100,100073,100,99931,100
2019-06-28 09:30:00.000000097,100012,300,99989,100,100021,100,99985,100,100031,100,99984,100,100033,100,99983,100,100041,100,99962,100,100044,100,99961,100,100046,100,99958,200,100069,100,99952,100,100070,100,99938,100,100073,100,99931,100
2019-06-28 09:30:00.000000098,100012,300,99989,100,100020,100,99985,100,100021,100,99984,100,100031,100,99983,100,100033,100,99962,100,100041,100,99961,100,100044,100,99958,200,100046,100,99952,100,100069,100,99938,100,100070,100,99931,100
2019-06-28 09:30:01.456831273,100012,200,99989,100,100020,100,99985,100,100021,100,99984,100,100031,100,99983,100,100033,100,99962,100,100041,100,99961,100,100044,100,99958,200,100046,100,99952,100,100069,100,99938,100,100070,100,99931,100
2019-06-28 09:30:04.726617185,100012,200,99989,100,100020,100,99985,100,100021,100,99984,100,100030,100,99983,100,100031,100,99962,100,100033,100,99958,200,100041,100,99952,100,100044,100,99938,100,100046,100,99931,100,100069,100,99929,100
2019-06-28 09:30:10.000000000,100012,398,99989,298,100020,298,99985,298,100021,100,99984,100,100030,100,99983,100,100031,100,99962,100,100033,100,99958,200,100041,100,99952,100,100044,100,99938,100,100046,100,99931,100,100069,100,99929,100
2019-06-28 09:30:15.344858306,100012,398,99989,298,100020,298,99985,298,100021,100,99984,100,100030,100,99983,100,100031,100,99962,100,100033,100,99958,200,100041,100,99952,100,100044,100,99938,100,100046,100,99929,100,100069,100,99918,100
2019-06-28 09:30:20.000000000,100012,279,99989,179,100020,179,99985,179,100021,179,99984,179,100030,179,99983,179,100031,179,99962,179,100033,100,99958,200,100041,100,99952,100,100044,100,99938,100,100046,100,99929,100,100069,100,99918,100
2019-06-28 09:30:30.000000000,100012,596,99989,496,100020,100,99985,100,100021,100,99984,100,100030,100,99983,100,100031,100,99962,100,100033,100,99958,200,100041,100,99952,100,100044,100,99938,100,100046,100,99929,100,100069,100,99918,100
2019-06-28 09:30:40.000000000,100012,279,99989,179,100020,179,99985,179,100021,179,99984,179,100030,179,99983,179,100031,179,99962,179,100033,100,99958,200,100041,100,99952,100,100044,100,99938,100,100046,100,99929,100,100069,100,99918,100
2019-06-28 09:30:50.000000000,100012,279,99989,179,100020,179,99985,179,100021,179,99984,179,100030,179,99983,179,100031,179,99962,179,100033,100,99958,200,100041,100,99952,100,100044,100,99938,100,100046,100,99929,100,100069,100,99918,100
2019-06-28 09:31:00.000000000,100012,398,99989,298,100020,298,99985,298,100021,100,99984,100,100030,100,99983,100,100031,100,99962,100,100033,100,99958,200,100041,100,99952,100,100044,100,99938,100,100046,100,99929,100,100069,100,99918,100
2019-06-28 09:31:09.711079095,100012,398,100001,100,100020,298,99989,298,100021,100,99985,298,100030,100,99984,100,100031,100,99983,100,100033,100,99962,100,100041,100,99958,200,100044,100,99952,100,100046,100,99938,100,100069,100,99929,100
2019-06-28 09:31:10.000000000,100012,279,100001,179,100020,179,99989,179,100021,179,99985,179,100030,179,99984,179,100031,179,99983,179,100033,100,99962,100,100041,100,99958,200,100044,100,99952,100,100046,100,99938,100,100069,100,99929,100
2019-06-28 09:31:11.773005642,100012,279,100001,279,100020,179,99989,179,100021,179,99985,179,100030,179,99984,179,100031,179,99983,179,100033,100,99962,100,100041,100,99958,200,100044,100,99952,100,100046,100,99938,100,100069,100,99929,100
2019-06-28 09:31:13.244874062,100012,179,100001,279,100020,179,99989,179,100021,179,99985,179,100030,179,99984,179,100031,179,99983,179,100033,100,99962,100,100041,100,99958,200,100044,100,99952,100,100046,100,99938,100,100069,100,99929,100
2019-06-28 09:31:20.000000000,100012,298,100001,398,100020,298,99989,298,100021,100,99985,100,100030,100,99984,100,100031,100,99983,100,100033,100,99962,100,100041,100,99958,200,100044,100,99952,100,100046,100,99938,100,100069,100,99929,100
2019-06-28 09:31:30.000000000,100012,298,100001,398,100020,298,99989,298,100021,100,99985,100,100030,100,99984,100,100031,100,99983,100,100033,100,99962,100,100041,100,99958,200,100044,100,99952,100,100046,100,99938,100,100069,100,99929,100
2019-06-28 09:31:40.000000000,100012,235,100001,335,100020,231,99989,231,100021,231,99985,231,100030,100,99984,100,100031,100,99983,100,100033,100,99962,100,100041,100,99958,200,100044,100,99952,100,100046,100,99938,100,100069,100,99929,100
2019-06-28 09:31:44.828764969,100012,235,100001,335,100020,231,99989,231,100021,231,99985,231,100030,100,99984,100,100031,100,99983,100,100033,100,99962,100,100041,100,99958,200,100044,100,99952,100,100046,100,99938,100,100069,100,99929,100
2019-06-28 09:31:50.000000000,100012,298,100001,398,100020,298,99989,298,100021,100,99985,100,100030,100,99984,100,100031,100,99983,100,100033,100,99962,100,100041,100,99958,200,100044,100,99952,100,100046,100,99938,100,100069,100,99929,100
2019-06-28 09:31:56.113007691,100012,198,100001,398,100020,298,99989,298,100021,100,99985,100,100030,100,99984,100,100031,100,99983,100,100033,100,99962,100,100041,100,99958,200,100044,100,99952,100,100046,100,99938,100,100069,100,99929,100
2019-06-28 09:32:00.000000000,100020,496,100001,596,100021,100,99989,100,100030,100,99985,100,100031,100,99984,100,100033,100,99983,100,100041,100,99962,100,100044,100,99958,200,100046,100,99952,100,100069,100,99938,100,100070,100,99929,100
2019-06-28 09:32:10.000000000,100020,298,100001,398,100021,298,99989,298,100030,100,99985,100,100031,100,99984,100,100033,100,99983,100,100041,100,99962,100,100044,100,99958,200,100046,100,99952,100,100069,100,99938,100,100070,100,99929,100
2019-06-28 09:32:19.603362275,100020,198,100001,398,100021,298,99989,298,100030,100,99985,100,100031,100,99984,100,100033,100,99983,100,100041,100,99962,100,100044,100,99958,200,100046,100,99952,100,100069,100,99938,100,100070,100,99929,100
2019-06-28 09:32:20.000000000,100021,235,100001,335,100030,231,99989,231,100031,231,99985,231,100033,100,99984,100,100041,100,99983,100,100044,100,99962,100,100046,100,99958,200,100069,100,99952,100,100070,100,99938,100,100073,100,99929,100
2019-06-28 09:32:21.324406928,100021,135,100001,335,100030,231,99989,231,100031,231,99985,231,100033,100,99984,100,100041,100,99983,100,100044,100,99962,100,100046,100,99958,200,100069,100,99952,100,100070,100,99938,100,100073,100,99929,100
2019-06-28 09:32:30.000000000,100030,199,100001,299,100031,199,99989,199,100033,199,99985,199,100041,199,99984,199,100044,100,99983,100,100046,100,99962,100,100069,100,99958,200,100070,100,99952,100,100073,100,99938,100,100077,100,99929,100
2019-06-28 09:32:40.000000000,100030,199,100001,299,100031,199,99989,199,100033,199,99985,199,100041,199,99984,199,100044,100,99983,100,100046,100,99962,100,100069,100,99958,200,100070,100,99952,100,100073,100,99938,100,100077,100,99929,100
2019-06-28 09:32:50.000000000,100030,496,100001,596,100031,100,99989,100,100033,100,99985,100,100041,100,99984,100,100044,100,99983,100,100046,100,99962,100,100069,100,99958,200,100070,100,99952,100,100073,100,99938,100,100077,100,99929,100
2019-06-28 09:32:59.988427822,100030,396,100001,596,100031,100,99989,100,100033,100,99985,100,100041,100,99984,100,100044,100,99983,100,100046,100,99962,100,100069,100,99958,200,100070,100,99952,100,100073,100,99938,100,100077,100,99929,100
2019-06-28 09:33:00.000000000,100031,496,100001,596,100033,100,99989,100,100041,100,99985,100,100044,100,99984,100,100046,100,99983,100,100069,100,99962,100,100070,100,99958,200,100073,100,99952,100,100077,100,99938,100,100082,100,99929,100
2019-06-28 09:33:10.000000000,100031,496,100001,596,100033,100,99989,100,100041,100,99985,100,100044,100,99984,100,100046,100,99983,100,100069,100,99962,100,100070,100,99958,200,100073,100,99952,100,100077,100,99938,100,100082,100,99929,100
2019-06-28 09:33:20.000000000,100031,496,100001,596,100033,100,99989,100,100041,100,99985,100,100044,100,99984,100,100046,100,99983,100,100069,100,99962,100,100070,100,99958,200,100073,100,99952,100,100077,100,99938,100,100082,100,99929,100
2019-06-28 09:33:30.000000000,100031,298,100001,398,100033,298,99989,298,100041,100,99985,100,100044,100,99984,100,100046,100,99983,100,100069,100,99962,100,100070,100,99958,200,100073,100,99952,100,100077,100,99938,100,100082,100,99929,100
2019-06-28 09:33:40.000000000,100031,235,100001,335,100033,231,99989,231,100041,231,99985,231,100044,100,99984,100,100046,100,99983,100,100069,100,99962,100,100070,100,99958,200,100073,100,99952,100,100077,100,99938,100,100082,100,99929,100
2019-06-28 09:33:50.000000000,100031,496,100001,596,100033,100,99989,100,100041,100,99985,100,100044,100,99984,100,100046,100,99983,100,100069,100,99962,100,100070,100,99958,200,100073,100,99952,100,100077,100,99938,100,100082,100,99929,100
2019-06-28 09:33:53.755269782,100031,496,100001,596,100033,100,99989,100,100041,100,99985,100,100044,100,99984,100,100046,100,99983,100,100069,100,99962,100,100070,100,99958,200,100073,100,99952,100,100077,100,99938,100,100082,100,99929,100
2019-06-28 09:34:00.000000000,100031,199,100001,299,100033,199,99989,199,100041,199,99985,199,100044,199,99984,199,100046,100,99983,100,100069,100,99962,100,100070,100,99958,200,100073,100,99952,100,100077,100,99938,100,100082,100,99929,100
2019-06-28 09:34:10.000000000,100031,199,100001,299,100033,199,99989,199,100041,199,99985,199,100044,199,99984,199,100046,100,99983,100,100069,100,99962,100,100070,100,99958,200,100073,100,99952,100,100077,100,99938,100,100082,100,99929,100
2019-06-28 09:34:20.000000000,100031,235,100001,335,100033,231,99989,231,100041,231,99985,231,100044,100,99984,100,100046,100,99983,100,100069,100,99962,100,100070,100,99958,200,100073,100,99952,100,100077,100,99938,100,100082,100,99929,100
2019-06-28 09:34:30.000000000,100031,496,100001,596,100033,100,99989,100,100041,100,99985,100,100044,100,99984,100,100046,100,99983,100,100069,100,99962,100,100070,100,99958,200,100073,100,99952,100,100077,100,99938,100,100082,100,99929,100
2019-06-28 09:34:40.000000000,100031,179,100001,279,100033,179,99989,179,100041,179,99985,179,100044,179,99984,179,100046,179,99983,179,100069,100,99962,100,100070,100,99958,200,100073,100,99952,100,100077,100,99938,100,100082,100,99929,100
2019-06-28 09:34:48.157879803,100031,79,100001,279,100033,179,99989,179,100041,179,99985,179,100044,179,99984,179,100046,179,99983,179,100069,100,99962,100,100070,100,99958,200,100073,100,99952,100,100077,100,99938,100,100082,100,99929,100
2019-06-28 09:34:50.000000000,100033,199,100001,299,100041,199,99989,199,100044,199,99985,199,100046,199,99984,199,100069,100,99983,100,100070,100,99962,100,100073,100,99958,200,100077,100,99952,100,100082,100,99938,100,100084,100,99929,100
2019-06-28 09:35:00.000000000,100033,199,100001,299,100041,199,99989,199,100044,199,99985,199,100046,199,99984,199,100069,100,99983,100,100070,100,99962,100,100073,100,99958,200,100077,100,99952,100,100082,100,99938,100,100084,100,99929,100
2019-06-28 09:35:01.806616378,100033,199,100030,100,100041,199,100001,299,100044,199,99989,199,100046,199,99985,199,100069,100,99984,199,100070,100,99983,100,100073,100,99962,100,100077,100,99958,200,100082,100,99952,100,100084,100,99938,100
2019-06-28 09:35:10.000000000,100033,199,100030,199,100041,199,100001,299,100044,199,99989,199,100046,199,99985,199,100069,100,99984,100,100070,100,99983,100,100073,100,99962,100,100077,100,99958,200,100082,100,99952,100,100084,100,99938,100
2019-06-28 09:35:20.000000000,100033,496,100030,496,100041,100,100001,200,100044,100,99989,100,100046,100,99985,100,100069,100,99984,100,100070,100,99983,100,100073,100,99962,100,100077,100,99958,200,100082,100,99952,100,100084,100,99938,100
2019-06-28 09:35:20.391223114,100033,496,100030,496,100041,100,100002,100,100044,100,100001,200,100046,100,99989,100,100069,100,99985,100,100070,100,99984,100,100073,100,99983,100,100077,100,99962,100,100082,100,99958,200,100084,100,99952,100
2019-06-28 09:35:30.000000000,100033,298,100030,298,100041,298,100002,298,100044,100,100001,200,100046,100,99989,100,100069,100,99985,100,100070,100,99984,100,100073,100,99983,100,100077,100,99962,100,100082,100,99958,200,100084,100,99952,100
2019-06-28 09:35:40.000000000,100033,235,100030,235,100041,231,100002,231,100044,231,100001,331,100046,100,99989,100,100069,100,99985,100,100070,100,99984,100,100073,100,99983,100,100077,100,99962,100,100082,100,99958,200,100084,100,99952,100
2019-06-28 09:35:50.000000000,100033,496,100030,496,100041,100,100002,100,100044,100,100001,200,100046,100,99989,100,100069,100,99985,100,100070,100,99984,100,100073,100,99983,100,100077,100,99962,100,100082,100,99958,200,100084,100,99952,100
2019-06-28 09:35:52.620090056,100033,496,100030,496,100044,100,100002,100,100046,100,100001,200,100069,100,99989,100,100070,100,99985,100,100073,100,99984,100,100077,100,99983,100,100082,100,99962,100,100084,100,99958,200,100098,100,99952,100
2019-06-28 09:35:55.023212370,100033,396,100030,496,100044,100,100002,100,100046,100,100001,200,100069,100,99989,100,100070,100,99985,100,100073,100,99984,100,100077,100,99983,100,100082,100,99962,100,100084,100,99958,200,100098,100,99952,100
2019-06-28 09:36:00.000000000,100044,235,100030,235,100046,231,100002,231,100069,231,100001,331,100070,100,99989,100,100073,100,99985,100,100077,100,99984,100,100082,100,99983,100,100084,100,99962,100,100098,100,99958,200,100099,100,99952,100
2019-06-28 09:36:10.000000000,100044,496,100030,496,100046,100,100002,100,100069,100,100001,200,100070,100,99989,100,100073,100,99985,100,100077,100,99984,100,100082,100,99983,100,100084,100,99962,100,100098,100,99958,200,100099,100,99952,100
2019-06-28 09:36:18.332092028,100044,496,100030,396,100046,100,100002,100,100069,100,100001,200,100070,100,99989,100,100073,100,99985,100,100077,100,99984,100,100082,100,99983,100,100084,100,99962,100,100098,100,99958,200,100099,100,99929,100
2019-06-28 09:36:20.000000000,100044,298,100002,298,100046,298,100001,398,100069,100,99989,100,100070,100,99985,100,100073,100,99984,100,100077,100,99983,100,100082,100,99962,100,100084,100,99958,200,100098,100,99929,100,100099,100,99918,100
2019-06-28 09:36:23.099582939,100044,298,100022,100,100046,298,100002,298,100069,100,100001,398,100070,100,99989,100,100073,100,99985,100,100077,100,99984,100,100082,100,99983,100,100084,100,99962,100,100098,100,99958,200,100099,100,99929,100
2019-06-28 09:36:23.945274356,100044,298,100022,100,100046,298,100002,298,100069,100,100001,398,100070,100,99990,100,100073,100,99989,100,100077,100,99985,100,100082,100,99984,100,100084,100,99983,100,100098,100,99962,100,100099,100,99958,200
2019-06-28 09:36:25.925650056,100044,298,100002,298,100046,298,100001,398,100069,100,99990,100,100070,100,99989,100,100073,100,99985,100,100077,100,99984,100,100082,100,99983,100,100084,100,99962,100,100098,100,99958,200,100099,100,99929,100
2019-06-28 09:36:30.000000000,100044,199,100002,199,100046,199,100001,299,100069,199,99990,199,100070,199,99989,199,100073,100,99985,100,100077,100,99984,100,100082,100,99983,100,100084,100,99962,100,100098,100,99958,200,100099,100,99929,100
2019-06-28 09:36:38.723806177,100044,99,100002,199,100046,199,100001,299,100069,199,99990,199,100070,199,99989,199,100073,100,99985,100,100077,100,99984,100,100082,100,99983,100,100084,100,99962,100,100098,100,99958,200,100099,100,99929,100
2019-06-28 09:36:40.000000000,100046,496,100002,496,100069,100,100001,200,100070,100,99990,100,100073,100,99989,100,100077,100,99985,100,100082,100,99984,100,100084,100,99983,100,100098,100,99962,100,100099,100,99958,200,100101,100,99929,100
2019-06-28 09:36:50.000000000,100046,235,100002,235,100069,231,100001,331,100070,231,99990,231,100073,100,99989,100,100077,100,99985,100,100082,100,99984,100,100084,100,99983,100,100098,100,99962,100,100099,100,99958,200,100101,100,99929,100
2019-06-28 09:36:53.446257027,100046,135,100002,235,100069,231,100001,331,100070,231,99990,231,100073,100,99989,100,100077,100,99985,100,100082,100,99984,100,100084,100,99983,100,100098,100,99962,100,100099,100,99958,200,100101,100,99929,100
2019-06-28 09:37:00.000000000,100069,496,100002,496,100070,100,100001,200,100073,100,99990,100,100077,100,99989,100,100082,100,99985,100,100084,100,99984,100,100098,100,99983,100,100099,100,99962,100,100101,100,99958,200,100117,100,99929,100
2019-06-28 09:37:04.145173064,100069,496,100002,496,100070,100,100001,100,100073,100,99990,100,100077,100,99989,100,100082,100,99985,100,100084,100,99984,100,100098,100,99983,100,100099,100,99962,100,100101,100,99958,200,100117,100,99929,100
2019-06-28 09:37:10.000000000,100069,298,100002,298,100070,298,100001,298,100073,100,99990,100,100077,100,99989,100,100082,100,99985,100,100084,100,99984,100,100098,100,99983,100,100099,100,99962,100,100101,100,99958,200,100117,100,99929,100
2019-06-28 09:37:20.000000000,100069,298,100002,298,100070,298,100001,298,100073,100,99990,100,100077,100,99989,100,100082,100,99985,100,100084,100,99984,100,100098,100,99983,100,100099,100,99962,100,100101,100,99958,200,100117,100,99929,100
2019-06-28 09:37:20.326952423,100069,198,100002,298,100070,298,100001,298,100073,100,99990,100,100077,100,99989,100,100082,100,99985,100,100084,100,99984,100,100098,100,99983,100,100099,100,99962,100,100101,100,99958,200,100117,100,99929,100
2019-06-28 09:37:30.000000000,100070,235,100002,235,100073,231,100001,231,100077,231,99990,231,100082,100,99989,100,100084,100,99985,100,100098,100,99984,100,100099,100,99983,100,100101,100,99962,100,100117,100,99958,200,100144,100,99929,100
2019-06-28 09:37:40.000000000,100070,235,100002,235,100073,231,100001,231,100077,231,99990,231,100082,100,99989,100,100084,100,99985,100,100098,100,99984,100,100099,100,99983,100,100101,100,99962,100,100117,100,99958,200,100144,100,99929,100
2019-06-28 09:37:48.621442675,100070,235,100046,100,100073,231,100002,235,100077,231,100001,231,100082,100,99990,231,100084,100,99989,100,100098,100,99985,100,100099,100,99984,100,100101,100,99983,100,100117,100,99962,100,100144,100,99958,200
2019-06-28 09:37:50.000000000,100070,496,100046,496,100073,100,100002,100,100077,100,100001,100,100082,100,99990,100,100084,100,99989,100,100098,100,99985,100,100099,100,99984,100,100101,100,99983,100,100117,100,99962,100,100144,100,99958,200
2019-06-28 09:37:54.249612166,100070,396,100046,496,100073,100,100002,100,100077,100,100001,100,100082,100,99990,100,100084,100,99989,100,100098,100,99985,100,100099,100,99984,100,100101,100,99983,100,100117,100,99962,100,100144,100,99958,200
2019-06-28 09:38:00.000000000,100073,199,100046,199,100077,199,100002,199,100082,199,100001,199,100084,199,99990,199,100098,100,99989,100,100099,100,99985,100,100101,100,99984,100,100117,100,99983,100,100144,100,99962,100,100167,100,99958,200
2019-06-28 09:38:02.467660128,100073,199,100046,199,100077,199,100002,199,100082,199,100001,199,100084,199,99990,199,100098,100,99989,100,100099,100,99985,100,100101,100,99984,100,100117,100,99983,100,100144,100,99962,100,100167,100,99958,200
2019-06-28 09:38:06.959693396,100073,199,100046,199,100077,199,100002,199,100082,199,100001,199,100084,199,99990,199,100098,100,99989,100,100099,100,99985,100,100101,100,99984,100,100117,100,99983,100,100144,100,99962,100,100167,100,99958,200
2019-06-28 09:38:10.000000000,100073,179,100046,179,100077,179,100002,179,100082,179,100001,179,100084,179,99990,179,100098,179,99989,179,100099,100,99985,100,100101,100,99984,100,100117,100,99983,100,100144,100,99962,100,100167,100,99958,200
2019-06-28 09:38:20.000000000,100073,179,100046,179,100077,179,100002,179,100082,179,100001,179,100084,179,99990,179,100098,179,99989,179,100099,100,99985,100,100101,100,99984,100,100117,100,99983,100,100144,100,99962,100,100167,100,99958,200
2019-06-28 09:38:29.908264882,100073,79,100046,179,100077,179,100002,179,100082,179,100001,179,100084,179,99990,179,100098,179,99989,179,100099,100,99985,100,100101,100,99984,100,100117,100,99983,100,100144,100,99962,100,100167,100,99958,200
2019-06-28 09:38:30.000000000,100077,298,100046,298,100082,298,100002,298,100084,100,100001,100,100098,100,99990,100,100099,100,99989,100,100101,100,99985,100,100117,100,99984,100,100144,100,99983,100,100167,100,99962,100,100200,100,99958,200
2019-06-28 09:38:31.560362303,100077,298,100069,100,100082,298,100046,298,100084,100,100002,298,100098,100,100001,100,100099,100,99990,100,100101,100,99989,100,100117,100,99985,100,100144,100,99984,100,100167,100,99983,100,100200,100,99962,100
2019-06-28 09:38:40.000000000,100077,298,100069,298,100082,298,100046,298,100084,100,100002,100,100098,100,100001,100,100099,100,99990,100,100101,100,99989,100,100117,100,99985,100,100144,100,99984,100,100167,100,99983,100,100200,100,99962,100
2019-06-28 09:38:50.000000000,100077,496,100069,496,100082,100,100046,100,100084,100,100002,100,100098,100,100001,100,100099,100,99990,100,100101,100,99989,100,100117,100,99985,100,100144,100,99984,100,100167,100,99983,100,100200,100,99962,100
2019-06-28 09:38:50.250671266,100077,496,100069,496,100082,100,100046,100,100084,100,100002,100,100098,100,100001,100,100099,100,99990,100,100101,100,99989,100,100117,100,99985,100,100144,100,99984,100,100167,100,99983,100,100200,100,99962,100
2019-06-28 09:38:51.318170685,100077,396,100069,496,100082,100,100046,100,100084,100,100002,100,100098,100,100001,100,100099,100,99990,100,100101,100,99989,100,100117,100,99985,100,100144,100,99984,100,100167,100,99983,100,100200,100,99958,200
2019-06-28 09:39:00.000000000,100082,298,100069,298,100084,298,100046,298,100098,100,100002,100,100099,100,100001,100,100101,100,99990,100,100117,100,99989,100,100144,100,99985,100,100167,100,99984,100,100200,100,99983,100,100376,100,99958,200
2019-06-28 09:39:10.000000000,100082,496,100069,496,100084,100,100046,100,100098,100,100002,100,100099,100,100001,100,100101,100,99990,100,100117,100,99989,100,100144,100,99985,100,100167,100,99984,100,100200,100,99983,100,100376,100,99958,200
2019-06-28 09:39:10.111871567,100082,396,100069,496,100084,100,100046,100,100098,100,100002,100,100099,100,100001,100,100101,100,99990,100,100117,100,99989,100,100144,100,99985,100,100167,100,99984,100,100200,100,99983,100,100376,100,99958,200
2019-06-28 09:39:20.000000000,100084,179,100069,179,100098,179,100046,179,100099,179,100002,179,100101,179,100001,179,100117,179,99990,179,100144,100,99989,100,100167,100,99985,100,100200,100,99984,100,100376,100,99983,100,100716,100,99958,200
2019-06-28 09:39:26.724941496,100084,79,100069,179,100098,179,100046,179,100099,179,100002,179,100101,179,100001,179,100117,179,99990,179,100144,100,99989,100,100167,100,99984,100,100200,100,99983,100,100376,100,99958,200,100716,100,99929,100
2019-06-28 09:39:28.428101855,100084,79,100069,179,100098,179,100046,179,100099,179,100002,179,100101,179,100001,179,100117,179,99990,179,100144,100,99989,100,100167,100,99984,100,100200,100,99983,100,100376,100,99958,200,100716,100,99929,100
2019-06-28 09:39:30.000000000,100098,496,100069,496,100099,100,100046,100,100101,100,100002,100,100117,100,100001,100,100144,100,99990,100,100167,100,99989,100,100200,100,99984,100,100376,100,99983,100,100716,100,99958,200,100973,100,99929,100
2019-06-28 09:39:40.000000000,100098,179,100069,179,100099,179,100046,179,100101,179,100002,179,100117,179,100001,179,100144,179,99990,179,100167,100,99989,100,100200,100,99984,100,100376,100,99983,100,100716,100,99958,200,100973,100,99929,100
2019-06-28 09:39:49.466896140,100098,179,100082,100,100099,179,100069,179,100101,179,100046,179,100117,179,100002,179,100144,179,100001,179,100167,100,99990,179,100200,100,99989,100,100376,100,99984,100,100716,100,99983,100,100973,100,99958,200
2019-06-28 09:39:50.000000000,100098,199,100082,199,100099,199,100069,199,100101,199,100046,199,100117,199,100002,199,100144,100,100001,100,100167,100,99990,100,100200,100,99989,100,100376,100,99984,100,100716,100,99983,100,100973,100,99958,200
2019-06-28 09:40:00.000000000,100098,199,100082,199,100099,199,100069,199,100101,199,100046,199,100117,199,100002,199,100144,100,100001,100,100167,100,99990,100,100200,100,99989,100,100376,100,99984,100,100716,100,99983,100,100973,100,99958,200
2019-06-28 09:40:10.000000000,100098,179,100082,179,100099,179,100069,179,100101,179,100046,179,100117,179,100002,179,100144,179,100001,179,100167,100,99990,100,100200,100,99989,100,100376,100,99984,100,100716,100,99983,100,100973,100,99958,200
2019-06-28 09:40:15.545133638,100098,179,100082,179,100099,179,100069,179,100101,179,100046,179,100117,179,100002,179,100144,179,100001,179,100167,100,99990,100,100200,100,99989,100,100376,100,99984,100,100690,100,99983,100,100716,100,99958,200
2019-06-28 09:40:19.339175294,100098,179,100082,179,100099,179,100069,179,100101,179,100046,179,100117,179,100002,179,100144,179,100001,79,100167,100,99990,100,100200,100,99989,100,100376,100,99984,100,100690,100,99983,100,100716,100,99958,200
2019-06-28 09:40:20.000000000,100098,199,100082,199,100099,199,100069,199,100101,199,100046,199,100117,199,100002,199,100144,100,99990,100,100167,100,99989,100,100200,100,99984,100,100376,100,99983,100,100690,100,99958,200,100716,100,99929,100
2019-06-28 09:40:20.081760339,100098,99,100082,199,100099,199,100069,199,100101,199,100046,199,100117,199,100002,199,100144,100,99990,100,100167,100,99989,100,100200,100,99984,100,100376,100,99983,100,100690,100,99958,200,100716,100,99929,100
2019-06-28 09:40:29.586736720,100099,199,100098,1,100101,199,100082,199,100117,199,100069,199,100144,100,100046,199,100167,100,100002,199,100200,100,99990,100,100376,100,99989,100,100690,100,99984,100,100716,100,99983,100,100973,100,99958,200
2019-06-28 09:40:30.000000000,100099,179,100098,80,100101,179,100082,179,100117,179,100069,179,100144,179,100046,179,100167,179,100002,179,100200,100,99990,100,100376,100,99989,100,100690,100,99984,100,100716,100,99983,100,100973,100,99958,200
2019-06-28 09:40:40.000000000,100099,496,100098,397,100101,100,100082,100,100117,100,100069,100,100144,100,100046,100,100167,100,100002,100,100200,100,99990,100,100376,100,99989,100,100690,100,99984,100,100716,100,99983,100,100973,100,99958,200
2019-06-28 09:40:42.929492245,100099,396,100098,397,100101,100,100082,100,100117,100,100069,100,100144,100,100046,100,100167,100,100002,100,100200,100,99990,100,100376,100,99989,100,100690,100,99984,100,100716,100,99983,100,100973,100,99958,200
2019-06-28 09:40:50.000000000,100101,298,100098,199,100117,298,100082,298,100144,100,100069,100,100167,100,100046,100,100200,100,100002,100,100376,100,99990,100,100690,100,99989,100,100716,100,99984,100,100973,100,99983,100,100982,100,99958,200
2019-06-28 09:40:51.243178557,100101,298,100099,100,100117,298,100098,199,100144,100,100082,298,100167,100,100069,100,100200,100,100046,100,100376,100,100002,100,100690,100,99990,100,100716,100,99989,100,100973,100,99984,100,100982,100,99983,100
2019-06-28 09:41:00.000000000,100101,179,100099,179,100117,179,100098,80,100144,179,100082,179,100167,179,100069,179,100200,179,100046,179,100376,100,100002,100,100690,100,99990,100,100716,100,99989,100,100973,100,99984,100,100982,100,99983,100
2019-06-28 09:41:10.000000000,100101,496,100099,496,100117,100,100098,1,100144,100,100082,100,100167,100,100069,100,100200,100,100046,100,100376,100,100002,100,100690,100,99990,100,100716,100,99989,100,100973,100,99984,100,100982,100,99983,100
2019-06-28 09:41:18.751619860,100101,496,100099,496,100117,100,100098,1,100144,100,100082,100,100167,100,100069,100,100200,100,100046,100,100376,100,100002,100,100690,100,99990,100,100973,100,99989,100,100982,100,99984,100,101060,100,99983,100
2019-06-28 09:41:20.000000000,100101,179,100099,179,100117,179,100098,80,100144,179,100082,179,100167,179,100069,179,100200,179,100046,179,100376,100,100002,100,100690,100,99990,100,100973,100,99989,100,100982,100,99984,100,101060,100,99983,100
2019-06-28 09:41:22.819190963,100101,79,100099,179,100117,179,100098,80,100144,179,100082,179,100167,179,100069,179,100200,179,100046,179,100376,100,100002,100,100690,100,99990,100,100973,100,99989,100,100982,100,99984,100,101060,100,99983,100
2019-06-28 09:41:30.000000000,100117,179,100099,179,100144,179,100098,80,100167,179,100082,179,100200,179,100069,179,100376,179,100046,179,100690,100,100002,100,100973,100,99990,100,100982,100,99989,100,101060,100,99984,100,101078,100,99983,100
2019-06-28 09:41:40.000000000,100117,298,100099,298,100144,298,100098,199,100167,100,100082,100,100200,100,100069,100,100376,100,100046,100,100690,100,100002,100,100973,100,99990,100,100982,100,99989,100,101060,100,99984,100,101078,100,99983,100
2019-06-28 09:41:50.000000000,100117,179,100099,179,100144,179,100098,80,100167,179,100082,179,100200,179,100069,179,100376,179,100046,179,100690,100,100002,100,100973,100,99990,100,100982,100,99989,100,101060,100,99984,100,101078,100,99983,100
2019-06-28 09:42:00.000000000,100117,179,100099,179,100144,179,100098,80,100167,179,100082,179,100200,179,100069,179,100376,179,100046,179,100690,100,100002,100,100973,100,99990,100,100982,100,99989,100,101060,100,99984,100,101078,100,99983,100
2019-06-28 09:42:10.000000000,100117,496,100099,496,100144,100,100098,1,100167,100,100082,100,100200,100,100069,100,100376,100,100046,100,100690,100,100002,100,100973,100,99990,100,100982,100,99989,100,101060,100,99984,100,101078,100,99983,100
2019-06-28 09:42:14.275010286,100117,496,100099,496,100144,100,100098,1,100167,100,100082,100,100200,100,100069,100,100376,100,100046,100,100690,100,100002,100,100973,100,99990,100,100982,100,99989,100,101060,100,99984,100,101133,100,99983,100
2019-06-28 09:42:15.761797479,100117,496,100099,496,100144,100,100098,1,100167,100,100082,100,100200,100,100069,100,100376,100,100046,100,100690,100,100002,100,100973,100,99990,100,100982,100,99989,100,101060,200,99984,100,101133,100,99983,100
2019-06-28 09:42:20.000000000,100117,235,100099,235,100144,231,100098,132,100167,231,100082,231,100200,100,100069,100,100376,100,100046,100,100690,100,100002,100,100973,100,99990,100,100982,100,99989,100,101060,200,99984,100,101133,100,99983,100
2019-06-28 09:42:30.000000000,100117,179,100099,179,100144,179,100098,80,100167,179,100082,179,100200,179,100069,179,100376,179,100046,179,100690,100,100002,100,100973,100,99990,100,100982,100,99989,100,101060,200,99984,100,101133,100,99983,100
2019-06-28 09:42:31.341294199,100117,179,100099,179,100144,179,100098,80,100167,179,100082,179,100200,179,100069,179,100376,79,100046,179,100690,100,100002,100,100818,100,99990,100,100973,100,99989,100,100982,100,99984,100,101060,200,99983,100
2019-06-28 09:42:33.027789407,100117,179,100099,179,100144,179,100098,80,100167,179,100082,179,100200,179,100069,179,100376,79,100046,179,100690,100,100002,100,100818,100,99990,100,100878,100,99989,100,100973,100,99984,100,100982,100,99983,100
2019-06-28 09:42:40.000000000,100117,235,100099,235,100144,231,100098,132,100167,231,100082,231,100200,100,100069,100,100690,100,100046,100,100818,100,100002,100,100878,100,99990,100,100973,100,99989,100,100982,100,99984,100,101060,200,99983,100
2019-06-28 09:42:50.000000000,100117,235,100099,235,100144,231,100098,132,100167,231,100082,231,100200,100,100069,100,100690,100,100046,100,100818,100,100002,100,100878,100,99990,100,100973,100,99989,100,100982,100,99984,100,101060,200,99983,100
2019-06-28 09:43:00.000000000,100117,199,100099,199,100144,199,100098,100,100167,199,100082,199,100200,199,100069,199,100690,100,100046,100,100818,100,100002,100,100878,100,99990,100,100973,100,99989,100,100982,100,99984,100,101060,200,99983,100
2019-06-28 09:43:01.497181187,100117,199,100099,199,100144,199,100098,100,100167,199,100082,199,100200,199,100069,199,100690,100,100046,100,100766,100,100002,100,100818,100,99990,100,100878,100,99989,100,100973,100,99984,100,100982,100,99983,100
2019-06-28 09:43:10.000000000,100117,235,100099,235,100144,231,100098,132,100167,231,100082,231,100200,100,100069,100,100690,100,100046,100,100766,100,100002,100,100818,100,99990,100,100878,100,99989,100,100973,100,99984,100,100982,100,99983,100
2019-06-28 09:43:20.000000000,100117,298,100099,298,100144,298,100098,199,100167,100,100082,100,100200,100,100069,100,100690,100,100046,100,100766,100,100002,100,100818,100,99990,100,100878,100,99989,100,100973,100,99984,100,100982,100,99983,100
2019-06-28 09:43:30.000000000,100117,235,100099,235,100144,231,100098,132,100167,231,100082,231,100200,100,100069,100,100690,100,100046,100,100766,100,100002,100,100818,100,99990,100,100878,100,99989,100,100973,100,99984,100,100982,100,99983,100
2019-06-28 09:43:40.000000000,100117,199,100099,199,100144,199,100098,100,100167,199,100082,199,100200,199,100069,199,100690,100,100046,100,100766,100,100002,100,100818,100,99990,100,100878,100,99989,100,100973,100,99984,100,100982,100,99983,100
2019-06-28 09:43:50.000000000,100117,496,100099,496,100144,100,100098,1,100167,100,100082,100,100200,100,100069,100,100690,100,100046,100,100766,100,100002,100,100818,100,99990,100,100878,100,99989,100,100973,100,99984,100,100982,100,99983,100
2019-06-28 09:43:51.147898591,100117,496,100100,100,100144,100,100099,496,100167,100,100098,1,100200,100,100082,100,100690,100,100069,100,100766,100,100046,100,100818,100,100002,100,100878,100,99990,100,100973,100,99989,100,100982,100,99984,100
2019-06-28 09:44:00.000000000,100117,235,100100,235,100144,231,100099,231,100167,231,100098,132,100200,100,100082,100,100690,100,100069,100,100766,100,100046,100,100818,100,100002,100,100878,100,99990,100,100973,100,99989,100,100982,100,99984,100
2019-06-28 09:44:00.584888834,100117,135,100100,235,100144,231,100099,231,100167,231,100098,132,100200,100,100082,100,100766,100,100069,100,100818,100,100046,100,100878,100,100002,100,100973,100,99990,100,100982,100,99989,100,101060,200,99984,100
2019-06-28 09:44:09.204776553,100117,135,100100,235,100144,231,100099,231,100167,231,100098,132,100200,100,100082,100,100766,100,100069,100,100818,100,100046,100,100878,100,100002,100,100973,100,99990,100,100982,100,99989,100,101060,200,99983,100
2019-06-28 09:44:10.000000000,100144,199,100100,199,100167,199,100099,199,100200,199,100098,100,100766,199,100082,199,100818,100,100069,100,100878,100,100046,100,100973,100,100002,100,100982,100,99990,100,101060,200,99989,100,101175,100,99983,100
2019-06-28 09:44:20.000000000,100144,235,100100,235,100167,231,100099,231,100200,231,100098,132,100766,100,100082,100,100818,100,100069,100,100878,100,100046,100,100973,100,100002,100,100982,100,99990,100,101060,200,99989,100,101175,100,99983,100
2019-06-28 09:44:30.000000000,100144,235,100100,235,100167,231,100099,231,100200,231,100098,132,100766,100,100082,100,100818,100,100069,100,100878,100,100046,100,100973,100,100002,100,100982,100,99990,100,101060,200,99989,100,101175,100,99983,100
2019-06-28 09:44:30.699094280,100144,135,100100,235,100167,231,100099,231,100200,231,100098,131,100766,100,100082,100,100818,100,100069,100,100878,100,100046,100,100973,100,100002,100,100982,100,99990,100,101060,200,99989,100,101175,100,99983,100
2019-06-28 09:44:40.000000000,100167,235,100100,235,100200,231,100099,231,100766,231,100082,231,100818,100,100069,100,100878,100,100046,100,100973,100,100002,100,100982,100,99990,100,101060,200,99989,100,101175,100,99983,100,101500,100,99958,200
2019-06-28 09:44:50.000000000,100167,179,100100,179,100200,179,100099,179,100766,179,100082,179,100818,179,100069,179,100878,179,100046,179,100973,100,100002,100,100982,100,99990,100,101060,200,99989,100,101175,100,99983,100,101500,100,99958,200
2019-06-28 09:44:56.669657848,100167,179,100100,179,100200,179,100099,179,100766,179,100082,179,100818,179,100069,179,100878,179,100046,179,100946,100,100002,100,100973,100,99990,100,100982,100,99989,100,101060,200,99983,100,101175,100,99958,200
2019-06-28 09:45:00.000000000,100167,496,100100,496,100200,100,100099,100,100766,100,100082,100,100818,100,100069,100,100878,100,100046,100,100946,100,100002,100,100973,100,99990,100,100982,100,99989,100,101060,200,99983,100,101175,100,99958,200
2019-06-28 09:45:02.865267641,100167,496,100100,496,100200,100,100099,100,100766,100,100082,100,100818,100,100069,100,100878,100,100046,100,100946,100,100002,100,100973,100,99990,100,100982,100,99989,100,101052,100,99983,100,101060,200,99958,200
2019-06-28 09:45:05.161932117,100167,396,100100,496,100200,100,100099,100,100766,100,100082,100,100818,100,100069,100,100878,100,100046,100,100946,100,100002,100,100973,100,99990,100,100982,100,99989,100,101060,200,99983,100,101175,100,99958,200
2019-06-28 09:45:10.000000000,100200,298,100100,298,100766,298,100099,298,100818,100,100082,100,100878,100,100069,100,100946,100,100046,100,100973,100,100002,100,100982,100,99990,100,101060,200,99989,100,101175,100,99983,100,101500,100,99958,200
2019-06-28 09:45:13.389584200,100200,298,100100,298,100766,298,100099,298,100818,100,100082,100,100878,100,100069,100,100946,100,100046,100,100973,100,100002,100,100982,100,99990,100,101060,200,99989,100,101080,100,99983,100,101175,100,99958,200
2019-06-28 09:45:19.750435606,100200,198,100100,298,100766,298,100099,298,100818,100,100082,100,100878,100,100069,100,100946,100,100046,100,100973,100,100002,100,100982,100,99990,100,101060,200,99989,100,101080,100,99983,100,101175,100,99958,200
2019-06-28 09:45:20.000000000,100766,235,100100,235,100818,231,100099,231,100878,231,100082,231,100946,100,100069,100,100973,100,100046,100,100982,100,100002,100,101060,200,99990,100,101080,100,99989,100,101175,100,99983,100,101500,100,99958,200
2019-06-28 09:45:21.062011811,100766,135,100100,235,100818,231,100099,231,100878,231,100082,231,100946,100,100069,100,100973,100,100046,100,100982,100,100002,100,101060,200,99990,100,101080,100,99989,100,101175,100,99983,100,101500,100,99958,200
2019-06-28 09:45:30.000000000,100818,179,100100,179,100878,179,100099,179,100946,179,100082,179,100973,179,100069,179,100982,179,100046,179,101060,200,100002,100,101080,100,99990,100,101175,100,99989,100,101500,100,99983,100,,,99958,200
2019-06-28 09:45:40.000000000,100818,496,100100,496,100878,100,100099,100,100946,100,100082,100,100973,100,100069,100,100982,100,100046,100,101060,200,100002,100,101080,100,99990,100,101175,100,99989,100,101500,100,99983,100,,,99958,200
2019-06-28 09:45:50.000000000,100818,298,100100,298,100878,298,100099,298,100946,100,100082,100,100973,100,100069,100,100982,100,100046,100,101060,200,100002,100,101080,100,99990,100,101175,100,99989,100,101500,100,99983,100,,,99958,200
2019-06-28 09:45:52.432720763,100818,198,100100,298,100878,298,100099,298,100946,100,100082,100,100973,100,100069,100,100982,100,100046,100,101060,200,100002,100,101080,100,99990,100,101175,100,99989,100,101500,100,99983,100,,,99958,200
2019-06-28 09:46:00.000000000,100878,235,100100,235,100946,231,100099,231,100973,231,100082,231,100982,100,100069,100,101060,200,100046,100,101080,100,100002,100,101175,100,99990,100,101500,100,99989,100,,,99983,100,,,99958,200
2019-06-28 09:46:10.000000000,100878,199,100100,199,100946,199,100099,199,100973,199,100082,199,100982,199,100069,199,101060,200,100046,100,101080,100,100002,100,101175,100,99990,100,101500,100,99989,100,,,99983,100,,,99958,200
2019-06-28 09:46:20.000000000,100878,298,100100,298,100946,298,100099,298,100973,100,100082,100,100982,100,100069,100,101060,200,100046,100,101080,100,100002,100,101175,100,99990,100,101500,100,99989,100,,,99983,100,,,99958,200
2019-06-28 09:46:30.000000000,100878,179,100100,179,100946,179,100099,179,100973,179,100082,179,100982,179,100069,179,101060,279,100046,179,101080,100,100002,100,101175,100,99990,100,101500,100,99989,100,,,99983,100,,,99958,200
2019-06-28 09:46:40.000000000,100878,496,100100,496,100946,100,100099,100,100973,100,100082,100,100982,100,100069,100,101060,200,100046,100,101080,100,100002,100,101175,100,99990,100,101500,100,99989,100,,,99983,100,,,99958,200
2019-06-28 09:46:50.000000000,100878,298,100100,298,100946,298,100099,298,100973,100,100082,100,100982,100,100069,100,101060,200,100046,100,101080,100,100002,100,101175,100,99990,100,101500,100,99989,100,,,99983,100,,,99958,200
2019-06-28 09:47:00.000000000,100878,235,100100,235,100946,231,100099,231,100973,231,100082,231,100982,100,100069,100,101060,200,100046,100,101080,100,100002,100,101175,100,99990,100,101500,100,99989,100,,,99983,100,,,99958,200
2019-06-28 09:47:03.024088764,100878,235,100100,235,100946,231,100099,231,100973,231,100082,231,100982,100,100069,100,101060,200,100046,100,101080,100,100002,100,101095,100,99990,100,101175,100,99989,100,101500,100,99983,100,,,99958,200
2019-06-28 09:47:05.227895574,100878,235,100766,100,100946,231,100100,235,100973,231,100099,231,100982,100,100082,131,101060,200,100069,100,101080,100,100046,100,101095,100,100002,100,101175,100,99990,100,101500,100,99989,100,,,99983,100
2019-06-28 09:47:10.000000000,100878,298,100766,298,100946,298,100100,298,100973,100,100099,100,100982,100,100069,100,101060,200,100046,100,101080,100,100002,100,101095,100,99990,100,101175,100,99989,100,101500,100,99983,100,,,99958,200
2019-06-28 09:47:20.000000000,100878,235,100766,235,100946,231,100100,231,100973,231,100099,231,100982,100,100069,100,101060,200,100046,100,101080,100,100002,100,101095,100,99990,100,101175,100,99989,100,101500,100,99983,100,,,99958,200
2019-06-28 09:47:30.000000000,100878,235,100766,235,100946,231,100100,231,100973,231,100099,231,100982,100,100069,100,101060,200,100046,100,101080,100,100002,100,101095,100,99990,100,101175,100,99989,100,101500,100,99983,100,,,99958,200
2019-06-28 09:47:37.217554142,100878,235,100766,335,100946,231,100100,231,100973,231,100099,231,100982,100,100069,100,101060,200,100046,100,101080,100,100002,100,101095,100,99990,100,101175,100,99989,100,101500,100,99983,100,,,99958,200
2019-06-28 09:47:40.000000000,100878,235,100766,335,100946,231,100100,231,100973,231,100099,231,100982,100,100069,100,101060,200,100046,100,101080,100,100002,100,101095,100,99990,100,101175,100,99989,100,101500,100,99983,100,,,99958,200
2019-06-28 09:47:50.000000000,100878,179,100766,279,100946,179,100100,179,100973,179,100099,179,100982,179,100069,179,101060,279,100046,179,101080,100,100002,100,101095,100,99990,100,101175,100,99989,100,101500,100,99983,100,,,99958,200
2019-06-28 09:48:00.000000000,100878,199,100766,299,100946,199,100100,199,100973,199,100099,199,100982,199,100069,199,101060,200,100046,100,101080,100,100002,100,101095,100,99990,100,101175,100,99989,100,101500,100,99983,100,,,99958,200
2019-06-28 09:48:06.677474103,100878,199,100766,299,100946,199,100704,100,100973,199,100100,199,100982,199,100099,199,101060,200,100069,199,101080,100,100046,100,101095,100,100002,100,101500,100,99990,100,,,99989,100,,,99983,100
2019-06-28 09:48:09.500882715,100817,100,100766,299,100878,199,100704,100,100946,199,100100,199,100973,199,100099,199,100982,199,100069,199,101060,200,100002,100,101080,100,99990,100,101095,100,99989,100,101500,100,99983,100,,,99958,200
2019-06-28 09:48:10.000000000,100817,179,100766,279,100878,179,100704,179,100946,179,100100,179,100973,179,100099,179,100982,179,100069,179,101060,200,100002,100,101080,100,99990,100,101095,100,99989,100,101500,100,99983,100,,,99958,200
2019-06-28 09:48:20.000000000,100817,235,100766,335,100878,231,100704,231,100946,231,100100,231,100973,100,100099,100,100982,100,100069,100,101060,200,100002,100,101080,100,99990,100,101095,100,99989,100,101500,100,99983,100,,,99958,200
2019-06-28 09:48:30.000000000,100817,298,100766,398,100878,298,100704,298,100946,100,100100,100,100973,100,100099,100,100982,100,100069,100,101060,200,100002,100,101080,100,99990,100,101095,100,99989,100,101500,100,99983,100,,,99958,200
2019-06-28 09:48:36.130201700,100817,298,100766,298,100878,298,100704,298,100946,100,100100,100,100973,100,100099,100,100982,100,100069,100,101060,200,100002,100,101080,100,99989,100,101095,100,99983,100,101500,100,99958,200,,,99929,100
2019-06-28 09:48:40.000000000,100817,199,100766,199,100878,199,100704,199,100946,199,100100,199,100973,199,100099,199,100982,100,100069,100,101060,200,100002,100,101080,100,99989,100,101095,100,99983,100,101500,100,99958,200,,,99929,100
2019-06-28 09:48:40.003189176,100785,100,100766,199,100817,199,100704,199,100878,199,100100,199,100946,199,100099,199,100973,199,100069,100,100982,100,100002,100,101060,200,99989,100,101080,100,99983,100,101095,100,99958,200,101500,100,99929,100
2019-06-28 09:48:45.474627729,100785,100,100766,199,100817,199,100704,199,100878,199,100372,100,100946,199,100100,199,100973,199,100099,199,100982,100,100069,100,101060,200,100002,100,101080,100,99989,100,101095,100,99983,100,101500,100,99958,200
2019-06-28 09:48:50.000000000,100785,235,100766,235,100817,231,100704,231,100878,231,100372,231,100946,100,100100,100,100973,100,100099,100,100982,100,100069,100,101060,200,100002,100,101080,100,99989,100,101095,100,99983,100,101500,100,99958,200
2019-06-28 09:49:00.000000000,100785,496,100766,496,100817,100,100704,100,100878,100,100372,100,100946,100,100100,100,100973,100,100099,100,100982,100,100069,100,101060,200,100002,100,101080,100,99989,100,101095,100,99983,100,101500,100,99958,200
2019-06-28 09:49:08.704015626,100785,496,100766,396,100817,100,100704,100,100878,100,100372,100,100946,100,100100,100,100973,100,100099,100,100982,100,100069,100,101060,200,100002,100,101080,100,99989,100,101095,100,99983,100,101500,100,99958,200
2019-06-28 09:49:10.000000000,100785,199,100704,199,100817,199,100372,199,100878,199,100100,199,100946,199,100099,199,100973,100,100069,100,100982,100,100002,100,101060,200,99989,100,101080,100,99983,100,101095,100,99958,200,101500,100,99929,100
2019-06-28 09:49:20.000000000,100785,496,100704,496,100817,100,100372,100,100878,100,100100,100,100946,100,100099,100,100973,100,100069,100,100982,100,100002,100,101060,200,99989,100,101080,100,99983,100,101095,100,99958,200,101500,100,99929,100
2019-06-28 09:49:30.000000000,100785,496,100704,496,100817,100,100372,100,100878,100,100100,100,100946,100,100099,100,100973,100,100069,100,100982,100,100002,100,101060,200,99989,100,101080,100,99983,100,101095,100,99958,200,101500,100,99929,100
2019-06-28 09:49:38.765910176,100785,496,100704,396,100817,100,100372,100,100878,100,100100,100,100946,100,100099,100,100973,100,100069,100,100982,100,100002,100,101060,200,99989,100,101080,100,99983,100,101095,100,99958,200,101500,100,99929,100
2019-06-28 09:49:40.000000000,100785,235,100372,235,100817,231,100100,231,100878,231,100099,231,100946,100,100069,100,100973,100,100002,100,100982,100,99989,100,101060,200,99983,100,101080,100,99958,200,101095,100,99929,100,101500,100,99918,100
2019-06-28 09:49:50.000000000,100785,235,100372,235,100817,231,100100,231,100878,231,100099,231,100946,100,100069,100,100973,100,100002,100,100982,100,99989,100,101060,200,99983,100,101080,100,99958,200,101095,100,99929,100,101500,100,99918,100
2019-06-28 09:49:52.499203227,100785,235,100372,235,100817,231,100332,100,100878,231,100100,231,100946,100,100099,231,100973,100,100069,100,100982,100,100002,100,101060,200,99989,100,101080,100,99983,100,101095,100,99958,200,101500,100,99929,100
2019-06-28 09:49:54.470043447,100785,235,100520,100,100817,231,100372,235,100878,231,100332,100,100946,100,100100,231,100973,100,100099,231,100982,100,100069,100,101060,200,100002,100,101080,100,99989,100,101095,100,99983,100,101500,100,99958,200
2019-06-28 09:49:56.061813078,100785,235,100520,100,100817,231,100503,100,100878,231,100372,235,100946,100,100332,100,100973,100,100100,231,100982,100,100099,231,101060,200,100069,100,101080,100,100002,100,101095,100,99989,100,101500,100,99958,200
2019-06-28 09:50:00.000000000,100785,298,100520,298,100817,298,100503,298,100878,100,100372,100,100946,100,100332,100,100973,100,100100,100,100982,100,100099,100,101060,200,100069,100,101080,100,100002,100,101095,100,99989,100,101500,100,99958,200
2019-06-28 09:50:00.944009006,100785,298,100520,198,100817,298,100503,298,100878,100,100372,100,100946,100,100332,100,100973,100,100100,100,100982,100,100099,100,101060,200,100069,100,101080,100,100002,100,101095,100,99989,100,101500,100,99958,200
2019-06-28 09:50:10.000000000,100785,199,100503,199,100817,199,100372,199,100878,199,100332,199,100946,199,100100,199,100973,100,100099,100,100982,100,100069,100,101060,200,100002,100,101080,100,99989,100,101095,100,99958,200,101500,100,99929,100
2019-06-28 09:50:20.000000000,100785,179,100503,179,100817,179,100372,179,100878,179,100332,179,100946,179,100100,179,100973,179,100099,179,100982,100,100069,100,101060,200,100002,100,101080,100,99989,100,101095,100,99958,200,101500,100,99929,100
2019-06-28 09:50:30.000000000,100785,298,100503,298,100817,298,100372,298,100878,100,100332,100,100946,100,100100,100,100973,100,100099,100,100982,100,100069,100,101060,200,100002,100,101080,100,99989,100,101095,100,99958,200,101500,100,99929,100
2019-06-28 09:50:33.449191134,100785,298,100503,298,100817,298,100372,298,100878,100,100332,100,100946,100,100100,100,100973,100,100099,100,100982,100,100069,100,101060,200,100002,100,101080,100,99989,100,101095,100,99958,200,101500,100,99929,100
2019-06-28 09:50:35.780662830,100785,298,100503,198,100817,298,100372,298,100878,100,100332,100,100946,100,100100,100,100973,100,100099,100,100982,100,100069,100,101060,200,100002,100,101080,100,99989,100,101095,100,99958,200,101500,100,99929,100
2019-06-28 09:50:40.000000000,100785,235,100372,235,100817,231,100332,231,100878,231,100100,231,100946,100,100099,100,100973,100,100069,100,100982,100,100002,100,101060,200,99989,100,101080,100,99958,200,101095,100,99929,100,101500,100,99918,100
2019-06-28 09:50:41.149606662,100785,235,100372,135,100817,231,100332,231,100878,231,100100,231,100946,100,100099,100,100973,100,100069,100,100982,100,100002,100,101060,200,99989,100,101080,100,99958,200,101095,100,99929,100,101500,100,99918,100
2019-06-28 09:50:45.227187088,100785,235,100372,35,100817,231,100332,231,100878,231,100100,231,100946,100,100099,100,100973,100,100069,100,100982,100,100002,100,101060,200,99989,100,101080,100,99958,200,101095,100,99929,100,101500,100,99918,100
2019-06-28 09:50:50.000000000,100785,199,100332,199,100817,199,100100,199,100878,199,100099,199,100946,199,100069,199,100973,100,100002,100,100982,100,99989,100,101060,200,99958,200,101080,100,99929,100,101095,100,99918,100,101500,100,99901,100
2019-06-28 09:51:00.000000000,100785,235,100332,235,100817,231,100100,231,100878,231,100099,231,100946,100,100069,100,100973,100,100002,100,100982,100,99989,100,101060,200,99958,200,101080,100,99929,100,101095,100,99918,100,101500,100,99901,100
2019-06-28 09:51:10.000000000,100785,298,100332,298,100817,298,100100,298,100878,100,100099,100,100946,100,100069,100,100973,100,100002,100,100982,100,99989,100,101060,200,99958,200,101080,100,99929,100,101095,100,99918,100,101500,100,99901,100
2019-06-28 09:51:13.572332564,100336,100,100332,298,100785,298,100100,298,100817,298,100099,100,100878,100,100069,100,100946,100,100002,100,100973,100,99989,100,100982,100,99958,200,101060,200,99929,100,101080,100,99918,100,101095,100,99901,100
2019-06-28 09:51:20.000000000,100336,199,100332,199,100785,199,100100,199,100817,199,100099,199,100878,199,100069,199,100946,100,100002,100,100973,100,99989,100,100982,100,99958,200,101060,200,99929,100,101080,100,99918,100,101095,100,99901,100
2019-06-28 09:51:20.921144747,100336,199,100332,199,100644,100,100100,199,100785,199,100099,199,100817,199,100069,199,100878,199,100002,100,100946,100,99989,100,100973,100,99958,200,100982,100,99929,100,101060,200,99918,100,101080,100,99901,100
2019-06-28 09:51:30.000000000,100336,179,100332,179,100644,179,100100,179,100785,179,100099,179,100817,179,100069,179,100878,179,100002,179,100946,100,99989,100,100973,100,99958,200,100982,100,99929,100,101060,200,99918,100,101080,100,99901,100
2019-06-28 09:51:30.732311138,100336,179,100332,179,100486,100,100100,179,100644,179,100099,179,100785,179,100069,179,100817,179,100002,179,100878,179,99989,100,100946,100,99958,100,100973,100,99929,100,100982,100,99918,100,101060,200,99901,100
2019-06-28 09:51:40.000000000,100336,298,100332,298,100486,298,100100,298,100644,100,100099,100,100785,100,100069,100,100817,100,100002,100,100878,100,99989,100,100946,100,99958,100,100973,100,99929,100,100982,100,99918,100,101060,200,99901,100
2019-06-28 09:51:50.000000000,100336,199,100332,199,100486,199,100100,199,100644,199,100099,199,100785,199,100069,199,100817,100,100002,100,100878,100,99989,100,100946,100,99958,100,100973,100,99929,100,100982,100,99918,100,101060,200,99901,100
2019-06-28 09:52:00.000000000,100336,235,100332,235,100486,231,100100,231,100644,231,100099,231,100785,100,100069,100,100817,100,100002,100,100878,100,99989,100,100946,100,99958,100,100973,100,99929,100,100982,100,99918,100,101060,200,99901,100
2019-06-28 09:52:10.000000000,100336,235,100332,235,100486,231,100100,231,100644,231,100099,231,100785,100,100069,100,100817,100,100002,100,100878,100,99989,100,100946,100,99958,100,100973,100,99929,100,100982,100,99918,100,101060,200,99901,100
2019-06-28 09:52:16.532188369,100336,235,100332,235,100486,231,100100,231,100644,231,100099,231,100785,100,100069,100,100817,100,100002,100,100878,100,99989,100,100946,100,99958,100,100973,100,99956,100,100982,100,99929,100,101060,200,99918,100
2019-06-28 09:52:20.000000000,100336,235,100332,235,100486,231,100100,231,100644,231,100099,231,100785,100,100069,100,100817,100,100002,100,100878,100,99989,100,100946,100,99958,100,100973,100,99956,100,100982,100,99929,100,101060,200,99918,100
2019-06-28 09:52:24.536689754,100336,235,100332,235,100372,100,100100,231,100486,231,100099,231,100644,231,100069,100,100785,100,100002,100,100817,100,99989,100,100878,100,99958,100,100946,100,99956,100,100973,100,99929,100,100982,100,99918,100
2019-06-28 09:52:30.000000000,100336,235,100332,235,100372,231,100100,231,100486,231,100099,231,100644,100,100069,100,100785,100,100002,100,100817,100,99989,100,100878,100,99958,100,100946,100,99956,100,100973,100,99929,100,100982,100,99918,100
2019-06-28 09:52:40.000000000,100336,179,100332,179,100372,179,100100,179,100486,179,100099,179,100644,179,100069,179,100785,179,100002,179,100817,100,99989,100,100878,100,99958,100,100946,100,99956,100,100973,100,99929,100,100982,100,99918,100
2019-06-28 09:52:50.000000000,100336,235,100332,235,100372,231,100100,231,100486,231,100099,231,100644,100,100069,100,100785,100,100002,100,100817,100,99989,100,100878,100,99958,100,100946,100,99956,100,100973,100,99929,100,100982,100,99918,100
2019-06-28 09:52:51.413488748,100336,235,100332,135,100372,231,100100,231,100486,231,100099,231,100644,100,100069,100,100785,100,100002,100,100817,100,99989,100,100878,100,99958,100,100946,100,99956,100,100973,100,99929,100,100982,100,99918,100
2019-06-28 09:52:59.797722856,100336,235,100332,35,100372,231,100100,231,100486,231,100099,231,100644,100,100069,100,100785,100,100002,100,100817,100,99989,100,100878,100,99958,100,100946,100,99956,100,100973,100,99929,100,100982,100,99918,100
2019-06-28 09:53:00.000000000,100336,235,100100,235,100372,231,100099,231,100486,231,100069,231,100644,100,100002,100,100785,100,99989,100,100817,100,99958,100,100878,100,99956,100,100946,100,99929,100,100973,100,99918,100,100982,100,99901,100
2019-06-28 09:53:10.000000000,100336,496,100100,496,100372,100,100099,100,100486,100,100069,100,100644,100,100002,100,100785,100,99989,100,100817,100,99958,100,100878,100,99956,100,100946,100,99929,100,100973,100,99918,100,100982,100,99901,100
2019-06-28 09:53:20.000000000,100336,298,100100,298,100372,298,100099,298,100486,100,100069,100,100644,100,100002,100,100785,100,99989,100,100817,100,99958,100,100878,100,99956,100,100946,100,99929,100,100973,100,99918,100,100982,100,99901,100
2019-06-28 09:53:21.087332686,100336,298,100100,298,100372,298,100099,298,100486,100,100069,100,100644,100,100002,100,100785,100,99989,100,100817,100,99958,100,100878,100,99956,100,100946,100,99929,100,100973,100,99918,100,100982,100,99901,100
2019-06-28 09:53:22.887169274,100336,298,100100,198,100372,298,100099,298,100486,100,100069,100,100644,100,100002,100,100785,100,99989,100,100817,100,99958,100,100878,100,99956,100,100946,100,99929,100,100973,100,99918,100,100982,100,99901,100
2019-06-28 09:53:29.439556035,100336,198,100100,98,100372,298,100099,298,100486,100,100069,100,100644,100,100002,100,100785,100,99989,100,100817,100,99958,100,100878,100,99956,100,100946,100,99929,100,100973,100,99918,100,100982,100,99901,100
2019-06-28 09:53:30.000000000,100372,179,100099,179,100486,179,100069,179,100644,179,100002,179,100785,179,99989,179,100817,179,99958,179,100878,100,99956,100,100946,100,99929,100,100973,100,99918,100,100982,100,99901,100,101060,200,99898,100
2019-06-28 09:53:34.984486549,100372,179,100099,79,100486,179,100069,179,100644,179,100002,179,100785,179,99989,179,100817,179,99958,179,100878,100,99956,100,100946,100,99929,100,100973,100,99918,100,100982,100,99901,100,101060,200,99898,100
2019-06-28 09:53:40.000000000,100372,199,100069,199,100486,199,100002,199,100644,199,99989,199,100785,199,99958,199,100817,100,99956,100,100878,100,99929,100,100946,100,99918,100,100973,100,99901,100,100982,100,99898,100,101060,200,99879,100
2019-06-28 09:53:42.004896588,100372,199,100069,199,100486,199,100002,199,100644,199,99989,199,100785,199,99958,199,100817,100,99956,100,100878,100,99929,100,100946,100,99918,100,100973,100,99901,100,100982,100,99898,100,101060,200,99879,100
2019-06-28 09:53:50.000000000,100372,179,100069,179,100486,179,100002,179,100644,179,99989,179,100785,179,99958,179,100817,179,99956,179,100878,100,99929,100,100946,100,99918,100,100973,100,99901,100,100982,100,99898,100,101060,200,99879,100
2019-06-28 09:53:54.734245846,100372,179,100069,79,100486,179,100002,179,100644,179,99989,179,100785,179,99958,179,100817,179,99956,179,100878,100,99929,100,100946,100,99918,100,100973,100,99901,100,100982,100,99879,100,101060,200,99866,100
2019-06-28 09:54:00.000000000,100372,298,100002,298,100486,298,99989,298,100644,100,99958,100,100785,100,99956,100,100817,100,99929,100,100878,100,99918,100,100946,100,99901,100,100973,100,99879,100,100982,100,99866,100,101060,200,99837,100
2019-06-28 09:54:10.000000000,100372,298,100002,298,100486,298,99989,298,100644,100,99958,100,100785,100,99956,100,100817,100,99929,100,100878,100,99918,100,100946,100,99901,100,100973,100,99879,100,100982,100,99866,100,101060,200,99837,100
2019-06-28 09:54:20.000000000,100372,179,100002,179,100486,179,99989,179,100644,179,99958,179,100785,179,99956,179,100817,179,99929,179,100878,100,99918,100,100946,100,99901,100,100973,100,99879,100,100982,100,99866,100,101060,200,99837,100
2019-06-28 09:54:23.923987665,100372,179,100002,179,100486,179,99989,179,100644,179,99958,179,100785,179,99956,179,100817,179,99929,179,100878,100,99918,100,100946,100,99901,100,100973,100,99879,100,100982,100,99866,100,101060,200,99837,100
2019-06-28 09:54:30.000000000,100372,496,100002,496,100486,100,99989,100,100644,100,99958,100,100785,100,99956,100,100817,100,99929,100,100878,100,99918,100,100946,100,99901,100,100973,100,99879,100,100982,100,99866,100,101060,200,99837,100
2019-06-28 09:54:34.388485635,100372,496,100002,496,100486,100,99989,100,100644,100,99958,100,100785,100,99956,100,100817,100,99929,100,100878,100,99918,100,100946,100,99901,100,100973,100,99879,100,100982,100,99866,100,101060,200,99837,100
2019-06-28 09:54:40.000000000,100372,199,100002,199,100486,199,99989,199,100644,199,99958,199,100785,199,99956,199,100817,100,99929,100,100878,100,99918,100,100946,100,99901,100,100973,100,99879,100,100982,100,99866,100,101060,200,99837,100
2019-06-28 09:54:41.839506796,100372,199,100002,199,100486,199,99989,199,100644,199,99958,199,100785,199,99956,199,100817,100,99929,100,100878,100,99918,100,100946,100,99901,100,100973,100,99879,100,100982,100,99866,100,101060,200,99837,100
2019-06-28 09:54:50.000000000,100372,235,100002,235,100486,231,99989,231,100644,231,99958,231,100785,100,99956,100,100817,100,99929,100,100878,100,99918,100,100946,100,99901,100,100973,100,99879,100,100982,100,99866,100,101060,200,99837,100
2019-06-28 09:55:00.000000000,100372,496,100002,496,100486,100,99989,100,100644,100,99958,100,100785,100,99956,100,100817,100,99929,100,100878,100,99918,100,100946,100,99901,100,100973,100,99879,100,100982,100,99866,100,101060,200,99837,100
2019-06-28 09:55:10.000000000,100372,179,100002,179,100486,179,99989,179,100644,179,99958,179,100785,179,99956,179,100817,179,99929,179,100878,100,99918,100,100946,100,99901,100,100973,100,99879,100,100982,100,99866,100,101060,200,99837,100
2019-06-28 09:55:17.281173630,100372,179,100002,179,100486,179,99989,179,100644,179,99958,179,100785,179,99956,179,100817,179,99929,179,100878,100,99918,100,100946,100,99901,100,100982,100,99879,100,101060,200,99866,100,101080,100,99837,100
2019-06-28 09:55:20.000000000,100372,496,100002,496,100486,100,99989,100,100644,100,99958,100,100785,100,99956,100,100817,100,99929,100,100878,100,99918,100,100946,100,99901,100,100982,100,99879,100,101060,200,99866,100,101080,100,99837,100
2019-06-28 09:55:25.893894853,100372,496,100002,396,100486,100,99989,100,100644,100,99958,100,100785,100,99956,100,100817,100,99929,100,100878,100,99918,100,100946,100,99901,100,100982,100,99879,100,101060,200,99866,100,101080,100,99837,100
2019-06-28 09:55:27.325539403,100099,100,100002,396,100372,496,99989,100,100486,100,99958,100,100644,100,99956,100,100785,100,99929,100,100878,100,99918,100,100946,100,99901,100,100982,100,99879,100,101060,200,99866,100,101080,100,99837,100
2019-06-28 09:55:30.000000000,100099,179,99989,179,100372,179,99958,179,100486,179,99956,179,100644,179,99929,179,100785,179,99918,179,100878,100,99901,100,100946,100,99879,100,100982,100,99866,100,101060,200,99837,100,101080,100,99242,100
2019-06-28 09:55:39.470816709,100099,179,99989,79,100372,179,99958,179,100486,179,99956,179,100644,179,99929,179,100785,179,99918,179,100878,100,99901,100,100946,100,99879,100,100982,100,99866,100,101060,200,99837,100,101080,100,99242,100
2019-06-28 09:55:40.000000000,100099,298,99958,298,100372,298,99956,298,100486,100,99929,100,100644,100,99918,100,100785,100,99901,100,100878,100,99879,100,100946,100,99866,100,100982,100,99837,100,101060,200,99242,100,101080,100,99209,100
2019-06-28 09:55:46.121706771,100099,298,99958,298,100372,298,99956,298,100486,100,99929,100,100644,100,99918,100,100785,100,99901,100,100878,100,99879,100,100946,100,99866,100,100982,100,99837,100,101060,200,99242,100,101080,100,99209,100
2019-06-28 09:55:50.000000000,100099,179,99958,179,100372,179,99956,179,100486,179,99929,179,100644,179,99918,179,100785,179,99901,179,100878,100,99879,100,100946,100,99866,100,100982,100,99837,100,101060,200,99242,100,101080,100,99209,100
2019-06-28 09:55:59.584200379,100099,179,99958,79,100372,179,99956,179,100486,179,99929,179,100644,179,99918,179,100785,179,99901,179,100878,100,99879,100,100946,100,99866,100,100982,100,99837,100,101060,200,99242,100,101080,100,99209,100
2019-06-28 09:56:00.000000000,100099,298,99956,298,100372,298,99929,298,100486,100,99918,100,100644,100,99901,100,100785,100,99879,100,100878,100,99866,100,100946,100,99837,100,100982,100,99242,100,101060,200,99209,100,101080,100,99101,100
2019-06-28 09:56:07.508605748,100099,298,99956,298,100372,298,99929,298,100486,100,99918,100,100644,100,99901,100,100785,100,99879,100,100878,100,99866,100,100946,100,99837,100,100982,100,99509,100,101060,200,99242,100,101080,100,99209,100
2019-06-28 09:56:10.000000000,100099,179,99956,179,100372,179,99929,179,100486,179,99918,179,100644,179,99901,179,100785,179,99879,179,100878,100,99866,100,100946,100,99837,100,100982,100,99509,100,101060,200,99242,100,101080,100,99209,100
2019-06-28 09:56:20.000000000,100099,199,99956,199,100372,199,99929,199,100486,199,99918,199,100644,199,99901,199,100785,100,99879,100,100878,100,99866,100,100946,100,99837,100,100982,100,99509,100,101060,200,99242,100,101080,100,99209,100
2019-06-28 09:56:30.000000000,100099,199,99956,199,100372,199,99929,199,100486,199,99918,199,100644,199,99901,199,100785,100,99879,100,100878,100,99866,100,100946,100,99837,100,100982,100,99509,100,101060,200,99242,100,101080,100,99209,100
2019-06-28 09:56:40.000000000,100099,496,99956,496,100372,100,99929,100,100486,100,99918,100,100644,100,99901,100,100785,100,99879,100,100878,100,99866,100,100946,100,99837,100,100982,100,99509,100,101060,200,99242,100,101080,100,99209,100
2019-06-28 09:56:50.000000000,100099,235,99956,235,100372,231,99929,231,100486,231,99918,231,100644,100,99901,100,100785,100,99879,100,100878,100,99866,100,100946,100,99837,100,100982,100,99509,100,101060,200,99242,100,101080,100,99209,100
2019-06-28 09:57:00.000000000,100099,199,99956,199,100372,199,99929,199,100486,199,99918,199,100644,199,99901,199,100785,100,99879,100,100878,100,99866,100,100946,100,99837,100,100982,100,99509,100,101060,200,99242,100,101080,100,99209,100
2019-06-28 09:57:07.853852549,100099,199,99956,199,100372,199,99929,199,100486,199,99918,199,100644,199,99901,199,100785,100,99879,100,100878,100,99866,100,100946,100,99837,100,100982,100,99509,100,101060,200,99242,100,101080,100,99209,100
2019-06-28 09:57:10.000000000,100099,496,99956,496,100372,100,99929,100,100486,100,99918,100,100644,100,99901,100,100785,100,99879,100,100878,100,99866,100,100946,100,99837,100,100982,100,99509,100,101060,200,99242,100,101080,100,99209,100
2019-06-28 09:57:20.000000000,100099,235,99956,235,100372,231,99929,231,100486,231,99918,231,100644,100,99901,100,100785,100,99879,100,100878,100,99866,100,100946,100,99837,100,100982,100,99509,100,101060,200,99242,100,101080,100,99209,100
2019-06-28 09:57:29.981317244,100099,235,99956,235,100372,231,99929,231,100486,231,99918,231,100644,100,99901,100,100878,100,99879,100,100946,100,99866,100,100982,100,99837,100,101060,200,99509,100,101080,100,99242,100,101095,100,99209,100
2019-06-28 09:57:30.000000000,100099,235,99956,235,100372,231,99929,231,100486,231,99918,231,100644,100,99901,100,100878,100,99879,100,100946,100,99866,100,100982,100,99837,100,101060,200,99509,100,101080,100,99242,100,101095,100,99209,100
2019-06-28 09:57:32.664775338,99989,100,99956,235,100099,235,99929,231,100372,231,99918,231,100486,231,99901,100,100644,100,99879,100,100878,100,99866,100,100946,100,99837,100,100982,100,99509,100,101060,200,99242,100,101080,100,99209,100
2019-06-28 09:57:40.000000000,99989,235,99956,235,100099,231,99929,231,100372,231,99918,231,100486,100,99901,100,100644,100,99879,100,100878,100,99866,100,100946,100,99837,100,100982,100,99509,100,101060,200,99242,100,101080,100,99209,100
2019-06-28 09:57:50.000000000,99989,496,99956,496,100099,100,99929,100,100372,100,99918,100,100486,100,99901,100,100644,100,99879,100,100878,100,99866,100,100946,100,99837,100,100982,100,99509,100,101060,200,99242,100,101080,100,99209,100
2019-06-28 09:57:52.413033580,99989,496,99956,396,100099,100,99929,100,100372,100,99918,100,100486,100,99901,100,100644,100,99879,100,100878,100,99866,100,100946,100,99837,100,100982,100,99509,100,101060,200,99242,100,101080,100,99209,100
2019-06-28 09:58:00.000000000,99989,298,99929,298,100099,298,99918,298,100372,100,99901,100,100486,100,99879,100,100644,100,99866,100,100878,100,99837,100,100946,100,99509,100,100982,100,99242,100,101060,200,99209,100,101080,100,99168,100
2019-06-28 09:58:10.000000000,99989,298,99929,298,100099,298,99918,298,100372,100,99901,100,100486,100,99879,100,100644,100,99866,100,100878,100,99837,100,100946,100,99509,100,100982,100,99242,100,101060,200,99209,100,101080,100,99168,100
2019-06-28 09:58:14.228676138,99989,298,99929,298,100099,298,99918,298,100372,100,99901,100,100486,100,99879,100,100644,100,99866,100,100878,100,99837,100,100946,100,99509,100,100982,100,99242,100,101060,200,99209,100,101080,100,99168,100
2019-06-28 09:58:20.000000000,99989,179,99929,179,100099,179,99918,179,100372,179,99901,179,100486,179,99879,179,100644,179,99866,179,100878,100,99837,100,100946,100,99509,100,100982,100,99242,100,101060,200,99209,100,101080,100,99168,100
2019-06-28 09:58:22.723885068,99989,179,99929,179,100099,179,99918,179,100372,179,99901,179,100486,179,99879,179,100644,179,99866,179,100878,100,99837,100,100946,100,99509,100,100982,100,99242,100,101060,200,99209,100,101080,100,99168,100
2019-06-28 09:58:26.191506139,99958,100,99929,179,99989,179,99918,179,100099,179,99901,179,100372,179,99879,179,100486,179,99866,179,100644,179,99837,100,100878,100,99509,100,100946,100,99242,100,100982,100,99209,100,101060,200,99168,100
2019-06-28 09:58:29.821137749,99958,100,99929,179,99989,179,99918,179,100099,179,99901,179,100372,179,99879,179,100486,179,99866,179,100644,179,99837,100,100878,100,99509,100,100946,100,99242,100,100982,100,99209,100,101060,200,99168,100
2019-06-28 09:58:30.000000000,99958,298,99929,298,99989,298,99918,298,100099,100,99901,100,100372,100,99879,100,100486,100,99866,100,100644,100,99837,100,100878,100,99509,100,100946,100,99242,100,100982,100,99209,100,101060,200,99168,100
2019-06-28 09:58:30.453455387,99958,298,99929,198,99989,298,99918,298,100099,100,99901,100,100372,100,99879,100,100486,100,99866,100,100644,100,99837,100,100878,100,99509,100,100946,100,99242,100,100982,100,99209,100,101060,200,99168,100
2019-06-28 09:58:40.000000000,99958,235,99918,235,99989,231,99901,231,100099,231,99879,231,100372,100,99866,100,100486,100,99837,100,100644,100,99509,100,100878,100,99242,100,100946,100,99209,100,100982,100,99168,100,101060,200,99101,100
2019-06-28 09:58:40.690074318,99958,235,99918,135,99989,231,99901,231,100099,231,99879,231,100372,100,99866,100,100486,100,99837,100,100644,100,99242,100,100878,100,99209,100,100946,100,99168,100,100982,100,99101,100,101060,200,99099,100
2019-06-28 09:58:46.823083336,99958,235,99918,35,99989,231,99901,231,100099,231,99879,231,100372,100,99866,100,100486,100,99837,100,100644,100,99242,100,100878,100,99209,100,100946,100,99168,100,100982,100,99101,100,101060,200,99099,100
2019-06-28 09:58:50.000000000,99958,496,99901,496,99989,100,99879,100,100099,100,99866,100,100372,100,99837,100,100486,100,99242,100,100644,100,99209,100,100878,100,99168,100,100946,100,99101,100,100982,100,99099,100,101060,200,99093,100
2019-06-28 09:59:00.000000000,99958,298,99901,298,99989,298,99879,298,100099,100,99866,100,100372,100,99837,100,100486,100,99242,100,100644,100,99209,100,100878,100,99168,100,100946,100,99101,100,100982,100,99099,100,101060,200,99093,100
2019-06-28 09:59:10.000000000,99958,496,99901,496,99989,100,99879,100,100099,100,99866,100,100372,100,99837,100,100486,100,99242,100,100644,100,99209,100,100878,100,99168,100,100946,100,99101,100,100982,100,99099,100,101060,200,99093,100
2019-06-28 09:59:13.320968198,99958,496,99901,396,99989,100,99879,100,100099,100,99866,100,100372,100,99837,100,100486,100,99242,100,100644,100,99209,100,100878,100,99101,100,100946,100,99099,100,100982,100,99093,100,101060,200,99001,100
2019-06-28 09:59:17.747987711,99958,496,99901,396,99989,100,99879,100,100099,100,99866,100,100372,100,99837,100,100486,100,99242,100,100644,100,99209,100,100878,100,99136,100,100946,100,99101,100,100982,100,99099,100,101060,200,99093,100
2019-06-28 09:59:20.000000000,99958,235,99879,235,99989,231,99866,231,100099,231,99837,231,100372,100,99242,100,100486,100,99209,100,100644,100,99136,100,100878,100,99101,100,100946,100,99099,100,100982,100,99093,100,101060,200,99001,100
2019-06-28 09:59:30.000000000,99958,199,99879,199,99989,199,99866,199,100099,199,99837,199,100372,199,99242,199,100486,100,99209,100,100644,100,99136,100,100878,100,99101,100,100946,100,99099,100,100982,100,99093,100,101060,200,99001,100
2019-06-28 09:59:40.000000000,99958,298,99879,298,99989,298,99866,298,100099,100,99837,100,100372,100,99242,100,100486,100,99209,100,100644,100,99136,100,100878,100,99101,100,100946,100,99099,100,100982,100,99093,100,101060,200,99001,100
2019-06-28 09:59:50.000000000,99958,179,99879,179,99989,179,99866,179,100099,179,99837,179,100372,179,99242,179,100486,179,99209,179,100644,100,99136,100,100878,100,99101,100,100946,100,99099,100,100982,100,99093,100,101060,200,99001,100
2019-06-28 09:59:51.750190892,99958,179,99879,79,99989,179,99866,179,100099,179,99837,179,100372,179,99242,179,100486,179,99209,179,100644,100,99136,100,100878,100,99101,100,100946,100,99099,100,100982,100,99093,100,101060,200,99001,100
2019-06-28 10:00:00.000000000,99958,298,99866,298,99989,298,99837,298,100099,100,99242,100,100372,100,99209,100,100486,100,99136,100,100644,100,99101,100,100878,100,99099,100,100946,100,99093,100,100982,100,99001,100,101060,200,98934,100
2019-06-28 10:00:10.000000000,99958,235,99866,235,99989,231,99837,231,100099,231,99242,231,100372,100,99209,100,100486,100,99136,100,100644,100,99101,100,100878,100,99099,100,100946,100,99093,100,100982,100,99001,100,101060,200,98934,100
2019-06-28 10:00:20.000000000,99958,298,99866,298,99989,298,99837,298,100099,100,99242,100,100372,100,99209,100,100486,100,99136,100,100644,100,99101,100,100878,100,99099,100,100946,100,99093,100,100982,100,99001,100,101060,200,98934,100
2019-06-28 10:00:20.603229774,99958,298,99866,298,99989,298,99837,298,100099,100,99435,100,100372,100,99242,100,100486,100,99209,100,100644,100,99136,100,100878,100,99101,100,100982,100,99099,100,101060,200,99093,100,101080,100,99001,100
2019-06-28 10:00:30.000000000,99958,199,99866,199,99989,199,99837,199,100099,199,99435,199,100372,199,99242,199,100486,100,99209,100,100644,100,99136,100,100878,100,99101,100,100982,100,99099,100,101060,200,99093,100,101080,100,99001,100
2019-06-28 10:00:37.293639162,99958,199,99866,99,99989,199,99837,199,100099,199,99435,199,100372,199,99242,199,100486,100,99209,100,100644,100,99136,100,100878,100,99101,100,100982,100,99099,100,101060,200,99093,100,,,99001,100
2019-06-28 10:00:38.015937793,99958,199,99866,99,99989,199,99837,199,100099,199,99480,100,100372,199,99435,199,100486,100,99242,199,100644,100,99209,100,100878,100,99136,100,100982,100,99101,100,101060,200,99099,100,,,99093,100
2019-06-28 10:00:40.000000000,99958,235,99837,235,99989,231,99480,231,100099,231,99435,231,100372,100,99242,100,100486,100,99209,100,100644,100,99136,100,100878,100,99101,100,100982,100,99099,100,101060,200,99093,100,,,99001,100
2019-06-28 10:00:41.150684607,99958,235,99837,235,99989,231,99543,100,100099,231,99480,231,100372,100,99435,231,100644,100,99242,100,100878,100,99209,100,100982,100,99136,100,101060,200,99101,100,,,99099,100,,,99093,100
2019-06-28 10:00:43.057177093,99879,100,99837,235,99958,235,99543,100,99989,231,99480,231,100099,231,99435,231,100372,100,99242,100,100644,100,99209,100,100878,100,99136,100,100982,100,99101,100,101060,200,99099,100,,,99093,100
2019-06-28 10:00:50.000000000,99879,199,99837,199,99958,199,99543,199,99989,199,99480,199,100099,199,99435,199,100372,100,99242,100,100644,100,99209,100,100878,100,99136,100,100982,100,99101,100,101060,200,99099,100,,,99093,100
2019-06-28 10:01:00.000000000,99879,298,99837,298,99958,298,99543,298,99989,100,99480,100,100099,100,99435,100,100372,100,99242,100,100644,100,99209,100,100878,100,99136,100,100982,100,99101,100,101060,200,99099,100,,,99093,100
2019-06-28 10:01:01.684808316,99879,298,99837,198,99958,298,99543,298,99989,100,99480,100,100099,100,99435,100,100372,100,99242,100,100644,100,99209,100,100878,100,99136,100,100982,100,99101,100,101060,200,99099,100,,,99093,100
2019-06-28 10:01:10.000000000,99879,298,99543,298,99958,298,99480,298,99989,100,99435,100,100099,100,99242,100,100372,100,99209,100,100644,100,99136,100,100878,100,99101,100,100982,100,99099,100,101060,200,99093,100,,,99001,100
2019-06-28 10:01:11.312311208,99879,298,99543,298,99958,298,99480,298,99989,100,99435,100,100010,100,99242,100,100099,100,99209,100,100372,100,99101,100,100644,100,99099,100,100878,100,99093,100,100982,100,99001,100,101060,200,98934,100
2019-06-28 10:01:20.000000000,99879,496,99543,496,99958,100,99480,100,99989,100,99435,100,100010,100,99242,100,100099,100,99209,100,100372,100,99101,100,100644,100,99099,100,100878,100,99093,100,100982,100,99001,100,101060,200,98934,100
2019-06-28 10:01:26.822168229,99831,100,99543,496,99879,496,99480,100,99958,100,99435,100,99989,100,99242,100,100010,100,99209,100,100099,100,99101,100,100372,100,99099,100,100644,100,99093,100,100878,100,99001,100,100982,100,98934,100
2019-06-28 10:01:30.000000000,99831,496,99543,496,99879,100,99480,100,99958,100,99435,100,99989,100,99242,100,100010,100,99209,100,100099,100,99101,100,100372,100,99099,100,100644,100,99093,100,100878,100,99001,100,100982,100,98934,100
2019-06-28 10:01:40.000000000,99831,235,99543,235,99879,231,99480,231,99958,231,99435,231,99989,100,99242,100,100010,100,99209,100,100099,100,99101,100,100372,100,99099,100,100644,100,99093,100,100878,100,99001,100,100982,100,98934,100
2019-06-28 10:01:50.000000000,99831,235,99543,235,99879,231,99480,231,99958,231,99435,231,99989,100,99242,100,100010,100,99209,100,100099,100,99101,100,100372,100,99099,100,100644,100,99093,100,100878,100,99001,100,100982,100,98934,100
2019-06-28 10:02:00.000000000,99831,496,99543,496,99879,100,99480,100,99958,100,99435,100,99989,100,99242,100,100010,100,99209,100,100099,100,99101,100,100372,100,99099,100,100644,100,99093,100,100878,100,99001,100,100982,100,98934,100
2019-06-28 10:02:10.000000000,99831,179,99543,179,99879,179,99480,179,99958,179,99435,179,99989,179,99242,179,100010,179,99209,179,100099,100,99101,100,100372,100,99099,100,100644,100,99093,100,100878,100,99001,100,100982,100,98934,100
2019-06-28 10:02:20.000000000,99831,235,99543,235,99879,231,99480,231,99958,231,99435,231,99989,100,99242,100,100010,100,99209,100,100099,100,99101,100,100372,100,99099,100,100644,100,99093,100,100878,100,99001,100,100982,100,98934,100
2019-06-28 10:02:20.973663043,99831,135,99543,235,99879,231,99480,231,99958,231,99435,231,99989,100,99242,100,100010,100,99209,100,100099,100,99101,100,100372,100,99099,100,100644,100,99093,100,100878,100,99001,100,100982,100,98934,100
2019-06-28 10:02:30.000000000,99879,496,99543,496,99958,100,99480,100,99989,100,99435,100,100010,100,99242,100,100099,100,99209,100,100372,100,99101,100,100644,100,99099,100,100878,100,99093,100,100982,100,99001,100,101060,200,98934,100
2019-06-28 10:02:40.000000000,99879,199,99543,199,99958,199,99480,199,99989,199,99435,199,100010,199,99242,199,100099,100,99209,100,100372,100,99101,100,100644,100,99099,100,100878,100,99093,100,100982,100,99001,100,101060,200,98934,100
2019-06-28 10:02:43.730419463,99879,199,99543,199,99958,199,99480,199,99989,199,99435,199,100010,199,99242,199,100099,100,99209,100,100372,100,99101,100,100415,100,99099,100,100644,100,99093,100,100878,100,99001,100,100982,100,98934,100
2019-06-28 10:02:50.000000000,99879,199,99543,199,99958,199,99480,199,99989,199,99435,199,100010,199,99242,199,100099,100,99209,100,100372,100,99101,100,100415,100,99099,100,100644,100,99093,100,100878,100,99001,100,100982,100,98934,100
2019-06-28 10:02:55.457732294,99879,99,99543,199,99958,199,99480,199,99989,199,99435,199,100010,199,99242,199,100099,100,99209,100,100372,100,99101,100,100415,100,99099,100,100644,100,99093,100,100878,100,99001,100,100982,100,98934,100
2019-06-28 10:03:00.000000000,99958,179,99543,179,99989,179,99480,179,100010,179,99435,179,100099,179,99242,179,100372,179,99209,179,100415,100,99101,100,100644,100,99099,100,100878,100,99093,100,100982,100,99001,100,101060,200,98934,100
2019-06-28 10:03:10.000000000,99958,235,99543,235,99989,231,99480,231,100010,231,99435,231,100099,100,99242,100,100372,100,99209,100,100415,100,99101,100,100644,100,99099,100,100878,100,99093,100,100982,100,99001,100,101060,200,98934,100
2019-06-28 10:03:19.667263278,99958,235,99831,100,99989,231,99543,235,100010,231,99480,231,100099,100,99435,231,100372,100,99242,100,100415,100,99209,100,100644,100,99101,100,100878,100,99099,100,100982,100,99093,100,101060,200,99001,100
2019-06-28 10:03:20.000000000,99958,199,99831,199,99989,199,99543,199,100010,199,99480,199,100099,199,99435,199,100372,100,99242,100,100415,100,99209,100,100644,100,99101,100,100878,100,99099,100,100982,100,99093,100,101060,200,99001,100
2019-06-28 10:03:30.000000000,99958,298,99831,298,99989,298,99543,298,100010,100,99480,100,100099,100,99435,100,100372,100,99242,100,100415,100,99209,100,100644,100,99101,100,100878,100,99099,100,100982,100,99093,100,101060,200,99001,100
2019-06-28 10:03:40.000000000,99958,199,99831,199,99989,199,99543,199,100010,199,99480,199,100099,199,99435,199,100372,100,99242,100,100415,100,99209,100,100644,100,99101,100,100878,100,99099,100,100982,100,99093,100,101060,200,99001,100
2019-06-28 10:03:41.518838303,99958,199,99831,199,99989,199,99543,199,100010,199,99480,199,100099,199,99435,199,100372,100,99242,100,100415,100,99209,100,100644,100,99101,100,100878,100,99099,100,100977,100,99093,100,100982,100,99001,100
2019-06-28 10:03:42.511325603,99958,99,99831,199,99989,199,99543,199,100010,199,99480,199,100099,199,99435,199,100372,100,99242,100,100415,100,99209,100,100644,100,99101,100,100878,100,99099,100,100977,100,99093,100,100982,100,99001,100
2019-06-28 10:03:43.740789319,99958,99,99831,199,99989,199,99543,199,100010,199,99480,199,100099,199,99435,199,100372,100,99242,100,100415,100,99209,100,100644,100,99101,100,100878,100,99099,100,100977,100,99093,100,100982,100,99001,100
2019-06-28 10:03:46.370114304,99958,99,99879,100,99989,199,99831,199,100010,199,99543,199,100099,199,99480,199,100415,100,99435,199,100644,100,99242,100,100878,100,99209,100,100977,100,99101,100,100982,100,99099,100,101016,100,99093,100
2019-06-28 10:03:50.000000000,99989,235,99879,235,100010,231,99831,231,100099,231,99543,231,100415,100,99480,100,100644,100,99435,100,100878,100,99242,100,100977,100,99209,100,100982,100,99101,100,101016,100,99099,100,101060,100,99093,100
2019-06-28 10:04:00.000000000,99989,179,99879,179,100010,179,99831,179,100099,179,99543,179,100415,179,99480,179,100644,179,99435,179,100878,100,99242,100,100977,100,99209,100,100982,100,99101,100,101016,100,99099,100,101060,100,99093,100
2019-06-28 10:04:02.649372649,99989,179,99879,179,100010,179,99831,179,100099,179,99543,179,100415,179,99480,179,100630,100,99435,179,100644,179,99242,100,100878,100,99209,100,100977,100,99101,100,100982,100,99099,100,101016,100,99093,100
2019-06-28 10:04:10.000000000,99989,298,99879,298,100010,298,99831,298,100099,100,99543,100,100415,100,99480,100,100630,100,99435,100,100644,100,99242,100,100878,100,99209,100,100977,100,99101,100,100982,100,99099,100,101016,100,99093,100
2019-06-28 10:04:19.388825367,99989,298,99879,298,100010,298,99831,298,100099,100,99543,100,100415,100,99480,100,100630,100,99435,100,100644,100,99242,100,100853,100,99209,100,100878,100,99101,100,100977,100,99099,100,100982,100,99093,100
2019-06-28 10:04:20.000000000,99989,199,99879,199,100010,199,99831,199,100099,199,99543,199,100415,199,99480,199,100630,100,99435,100,100644,100,99242,100,100853,100,99209,100,100878,100,99101,100,100977,100,99099,100,100982,100,99093,100
2019-06-28 10:04:30.000000000,99989,298,99879,298,100010,298,99831,298,100099,100,99543,100,100415,100,99480,100,100630,100,99435,100,100644,100,99242,100,100853,100,99209,100,100878,100,99101,100,100977,100,99099,100,100982,100,99093,100
2019-06-28 10:04:40.000000000,99989,496,99879,496,100010,100,99831,100,100099,100,99543,100,100415,100,99480,100,100630,100,99435,100,100644,100,99242,100,100853,100,99209,100,100878,100,99101,100,100977,100,99099,100,100982,100,99093,100
2019-06-28 10:04:50.000000000,99989,298,99879,298,100010,298,99831,298,100099,100,99543,100,100415,100,99480,100,100630,100,99435,100,100644,100,99242,100,100853,100,99209,100,100878,100,99101,100,100977,100,99099,100,100982,100,99093,100
2019-06-28 10:04:58.584610046,99989,198,99879,298,100010,298,99831,298,100099,100,99543,100,100415,100,99480,100,100630,100,99435,100,100644,100,99242,100,100853,100,99209,100,100878,100,99099,100,100977,100,99093,100,100982,100,99001,100
2019-06-28 10:05:00.000000000,100010,179,99879,179,100099,179,99831,179,100415,179,99543,179,100630,179,99480,179,100644,179,99435,179,100853,100,99242,100,100878,100,99209,100,100977,100,99099,100,100982,100,99093,100,101016,100,99001,100
2019-06-28 10:05:06.168988233,100010,179,99879,179,100099,179,99831,179,100415,179,99543,179,100630,179,99480,179,100644,279,99435,179,100853,100,99242,100,100878,100,99209,100,100977,100,99099,100,100982,100,99093,100,101016,100,99001,100
2019-06-28 10:05:06.175148085,100010,79,99879,179,100099,179,99831,179,100415,179,99543,179,100630,179,99480,179,100644,279,99435,179,100853,100,99242,100,100878,100,99209,100,100977,100,99099,100,100982,100,99093,100,101016,100,99001,100
2019-06-28 10:05:10.000000000,100099,235,99879,235,100415,231,99831,231,100630,231,99543,231,100644,200,99480,100,100853,100,99435,100,100878,100,99242,100,100977,100,99209,100,100982,100,99099,100,101016,100,99093,100,101060,100,99001,100
2019-06-28 10:05:12.683418305,100099,135,99879,235,100415,231,99831,231,100630,231,99543,231,100644,200,99480,100,100853,100,99435,100,100878,100,99242,100,100977,100,99209,100,100982,100,99099,100,101016,100,99093,100,101060,100,99001,100
2019-06-28 10:05:20.000000000,100415,199,99879,199,100630,199,99831,199,100644,299,99543,199,100853,199,99480,199,100878,100,99435,100,100977,100,99242,100,100982,100,99209,100,101016,100,99099,100,101060,100,99093,100,,,99001,100
2019-06-28 10:05:25.768921707,100415,199,99879,199,100630,199,99831,199,100644,299,99543,199,100853,199,99480,199,100878,100,99435,100,100960,100,99242,100,100977,100,99209,100,100982,100,99099,100,101016,100,99093,100,101060,100,99001,100
2019-06-28 10:05:28.086700305,100415,99,99879,199,100630,199,99831,199,100644,299,99543,199,100853,199,99480,199,100878,100,99435,100,100960,100,99242,100,100977,100,99209,100,100982,100,99099,100,101016,100,99093,100,101060,100,99001,100
2019-06-28 10:05:30.000000000,100630,199,99879,199,100644,299,99831,199,100853,199,99543,199,100878,199,99480,199,100960,100,99435,100,100977,100,99242,100,100982,100,99209,100,101016,100,99099,100,101060,100,99093,100,,,99001,100
2019-06-28 10:05:35.654338333,100616,100,99879,199,100630,199,99831,199,100644,299,99543,199,100853,199,99480,199,100878,199,99435,100,100960,100,99242,100,100977,100,99209,100,100982,100,99099,100,101016,100,99093,100,101060,100,99001,100
2019-06-28 10:05:38.994469756,100616,100,99879,199,100630,199,99831,199,100644,299,99543,199,100751,100,99480,199,100853,199,99435,100,100878,199,99242,100,100960,100,99209,100,100977,100,99099,100,100982,100,99093,100,101016,100,99001,100
2019-06-28 10:05:40.000000000,100616,235,99879,235,100630,231,99831,231,100644,331,99543,231,100751,100,99480,100,100853,100,99435,100,100878,100,99242,100,100960,100,99209,100,100977,100,99099,100,100982,100,99093,100,101016,100,99001,100
2019-06-28 10:05:50.000000000,100616,298,99879,298,100630,298,99831,298,100644,200,99543,100,100751,100,99480,100,100853,100,99435,100,100878,100,99242,100,100960,100,99209,100,100977,100,99099,100,100982,100,99093,100,101016,100,99001,100
2019-06-28 10:05:50.675671278,100615,100,99879,298,100616,298,99831,298,100630,298,99543,100,100644,200,99480,100,100751,100,99435,100,100853,100,99242,100,100878,100,99209,100,100960,100,99099,100,100977,100,99093,100,100982,100,99001,100
2019-06-28 10:06:00.000000000,100615,298,99879,298,100616,298,99831,298,100630,100,99543,100,100644,200,99480,100,100751,100,99435,100,100853,100,99242,100,100878,100,99209,100,100960,100,99099,100,100977,100,99093,100,100982,100,99001,100
2019-06-28 10:06:10.000000000,100615,235,99879,235,100616,231,99831,231,100630,231,99543,231,100644,200,99480,100,100751,100,99435,100,100853,100,99242,100,100878,100,99209,100,100960,100,99099,100,100977,100,99093,100,100982,100,99001,100
2019-06-28 10:06:15.451736352,100615,235,99879,235,100616,231,99831,231,100630,231,99543,231,100644,200,99480,100,100751,100,99435,100,100853,100,99242,100,100878,100,99209,100,100950,100,99099,100,100960,100,99093,100,100977,100,99001,100
2019-06-28 10:06:20.000000000,100615,179,99879,179,100616,179,99831,179,100630,179,99543,179,100644,279,99480,179,100751,179,99435,179,100853,100,99242,100,100878,100,99209,100,100950,100,99099,100,100960,100,99093,100,100977,100,99001,100
2019-06-28 10:06:30.000000000,100615,235,99879,235,100616,231,99831,231,100630,231,99543,231,100644,200,99480,100,100751,100,99435,100,100853,100,99242,100,100878,100,99209,100,100950,100,99099,100,100960,100,99093,100,100977,100,99001,100
2019-06-28 10:06:40.000000000,100615,298,99879,298,100616,298,99831,298,100630,100,99543,100,100644,200,99480,100,100751,100,99435,100,100853,100,99242,100,100878,100,99209,100,100950,100,99099,100,100960,100,99093,100,100977,100,99001,100
2019-06-28 10:06:50.000000000,100615,496,99879,496,100616,100,99831,100,100630,100,99543,100,100644,200,99480,100,100751,100,99435,100,100853,100,99242,100,100878,100,99209,100,100950,100,99099,100,100960,100,99093,100,100977,100,99001,100
