,ask_price_1,ask_size_1,bid_price_1,bid_size_1,ask_price_2,ask_size_2,bid_price_2,bid_size_2,ask_price_3,ask_size_3,bid_price_3,bid_size_3,ask_price_4,ask_size_4,bid_price_4,bid_size_4,ask_price_5,ask_size_5,bid_price_5,bid_size_5,ask_price_6,ask_size_6,bid_price_6,bid_size_6,ask_price_7,ask_size_7,bid_price_7,bid_size_7,ask_price_8,ask_size_8,bid_price_8,bid_size_8,ask_price_9,ask_size_9,bid_price_9,bid_size_9,ask_price_10,ask_size_10,bid_price_10,bid_size_10
2019-06-28 09:30:00.000000000,,,99983,100,,,99920,100,,,,,,,,,,,,,,,,,,,,,,,,,,,,,,,,
2019-06-28 09:30:00.000000002,,,99983,100,,,99920,100,,,99884,100,,,,,,,,,,,,,,,,,,,,,,,,,,,,
2019-06-28 09:30:00.000000003,,,99983,100,,,99920,100,,,99884,100,,,99809,100,,,,,,,,,,,,,,,,,,,,,,,,
2019-06-28 09:30:00.000000005,,,99983,100,,,99920,100,,,99887,100,,,99884,100,,,99809,100,,,,,,,,,,,,,,,,,,,,
2019-06-28 09:30:00.000000010,,,99983,100,,,99920,100,,,99887,100,,,99884,100,,,99820,100,,,99809,100,,,,,,,,,,,,,,,,
2019-06-28 09:30:00.000000011,100081,100,99920,100,,,99887,100,,,99884,100,,,99820,100,,,99809,100,,,,,,,,,,,,,,,,,,,,
2019-06-28 09:30:00.000000012,99991,100,99920,100,100081,100,99887,100,,,99884,100,,,99820,100,,,99809,100,,,,,,,,,,,,,,,,,,,,
2019-06-28 09:30:00.000000014,99991,100,99980,100,100081,100,99920,100,,,99887,100,,,99884,100,,,99820,100,,,99809,100,,,,,,,,,,,,,,,,
2019-06-28 09:30:00.000000015,99991,100,99980,100,100081,100,99941,100,,,99920,100,,,99887,100,,,99884,100,,,99820,100,,,99809,100,,,,,,,,,,,,
2019-06-28 09:30:00.000000018,99991,100,99980,100,100081,100,99941,100,,,99934,100,,,99920,100,,,99887,100,,,99884,100,,,99879,100,,,99820,100,,,99809,100,,,,
2019-06-28 09:30:00.000000019,99991,100,99941,100,100081,100,99934,100,,,99920,100,,,99887,100,,,99884,100,,,99879,100,,,99820,100,,,99809,100,,,,,,,,
2019-06-28 09:30:00.000000020,99991,100,99941,100,100058,100,99934,100,100081,100,99925,100,,,99920,100,,,99887,100,,,99884,100,,,99879,100,,,99820,100,,,99809,100,,,,
2019-06-28 09:30:00.000000021,100058,100,99941,100,100081,100,99934,100,,,99925,100,,,99920,100,,,99887,100,,,99884,100,,,99879,100,,,99820,100,,,99809,100,,,,
2019-06-28 09:30:00.000000022,100058,100,99941,100,100081,100,99934,100,100141,100,99925,100,,,99920,100,,,99887,100,,,99884,100,,,99879,100,,,99820,100,,,99809,100,,,,
2019-06-28 09:30:00.000000026,100058,100,99941,100,100081,100,99934,100,100141,100,99925,100,,,99920,100,,,99903,100,,,99887,100,,,99884,100,,,99879,100,,,99820,100,,,99809,100
2019-06-28 09:30:00.000000030,99991,100,99941,100,100058,100,99934,100,100081,100,99925,100,100141,100,99920,100,,,99903,100,,,99887,100,,,99884,100,,,99879,100,,,99820,100,,,99809,100
2019-06-28 09:30:00.000000031,99991,100,99941,100,100058,100,99934,100,100081,100,99925,100,100119,100,99920,100,100141,100,99903,100,,,99887,100,,,99884,100,,,99879,100,,,99820,100,,,99809,100
2019-06-28 09:30:00.000000032,99991,200,99941,100,100058,100,99934,100,100062,100,99925,100,100081,100,99920,100,100119,100,99903,100,100141,100,99887,100,,,99884,100,,,99879,100,,,99820,100,,,99809,100
2019-06-28 09:30:00.000000038,99991,200,99955,100,100058,100,99941,100,100062,100,99934,100,100081,100,99925,100,100119,100,99920,100,100141,100,99903,100,,,99887,100,,,99884,100,,,99879,100,,,99820,100
2019-06-28 09:30:00.000000039,99991,200,99980,100,100058,100,99955,100,100062,100,99941,100,100081,100,99934,100,100119,100,99925,100,100141,100,99920,100,,,99903,100,,,99887,100,,,99884,100,,,99879,100
2019-06-28 09:30:00.000000040,99991,200,99980,100,100058,100,99955,100,100062,100,99941,100,100081,100,99934,100,100119,100,99933,100,100141,100,99925,100,,,99920,100,,,99903,100,,,99887,100,,,99884,100
2019-06-28 09:30:00.000000041,99991,100,99980,100,100058,100,99955,100,100062,100,99941,100,100081,100,99934,100,100119,100,99933,100,100141,100,99925,100,,,99920,100,,,99903,100,,,99887,100,,,99884,100
2019-06-28 09:30:00.000000044,100058,100,99955,100,100062,100,99941,100,100081,100,99934,100,100119,100,99933,100,100141,100,99925,100,,,99920,100,,,99903,100,,,99887,100,,,99884,100,,,99879,100
2019-06-28 09:30:00.000000046,99991,100,99955,100,100058,100,99943,100,100062,100,99941,100,100081,100,99934,100,100119,100,99933,100,100141,100,99925,100,,,99920,100,,,99903,100,,,99887,100,,,99884,100
2019-06-28 09:30:00.000000049,99991,100,99980,100,100058,100,99955,100,100062,100,99943,100,100081,100,99941,100,100119,100,99934,100,100141,100,99933,100,,,99925,100,,,99920,100,,,99903,100,,,99887,100
2019-06-28 09:30:00.000000053,100058,100,99980,100,100062,100,99955,100,100081,100,99943,100,100119,100,99941,100,100141,100,99934,100,,,99933,100,,,99925,100,,,99920,100,,,99903,100,,,99887,100
2019-06-28 09:30:00.000000054,100058,100,99980,100,100062,100,99955,100,100081,100,99943,100,100119,100,99941,100,100141,100,99934,100,,,99933,100,,,99925,100,,,99920,100,,,99903,100,,,99887,100
2019-06-28 09:30:00.000000058,100058,100,99980,100,100062,100,99955,100,100081,100,99943,100,100119,100,99941,100,100141,100,99934,100,,,99933,100,,,99925,100,,,99920,100,,,99903,100,,,99887,100
2019-06-28 09:30:00.000000060,100058,100,99980,100,100061,100,99955,100,100062,100,99943,100,100081,100,99941,100,100119,100,99934,100,100141,100,99933,100,,,99925,100,,,99920,100,,,99903,100,,,99887,100
2019-06-28 09:30:00.000000061,100058,100,99980,100,100061,100,99955,100,100062,100,99943,100,100081,100,99941,100,100119,100,99934,100,100139,100,99933,100,100141,100,99925,100,,,99920,100,,,99903,100,,,99887,100
2019-06-28 09:30:00.000000066,100058,100,99980,100,100061,100,99955,100,100062,100,99943,100,100081,200,99941,100,100119,100,99934,100,100139,100,99933,100,100141,100,99925,100,,,99920,100,,,99903,100,,,99887,100
2019-06-28 09:30:00.000000067,100058,100,100019,100,100061,100,99980,100,100062,100,99955,100,100081,200,99943,100,100119,100,99941,100,100139,100,99934,100,100141,100,99933,100,,,99925,100,,,99920,100,,,99903,100
2019-06-28 09:30:00.000000068,100058,100,99980,100,100061,100,99955,100,100062,100,99943,100,100081,200,99941,100,100119,100,99934,100,100139,100,99933,100,100141,100,99925,100,,,99920,100,,,99903,100,,,99887,100
2019-06-28 09:30:00.000000070,100058,100,99980,100,100061,100,99955,100,100062,100,99943,100,100068,100,99941,100,100081,200,99934,100,100119,100,99933,100,100139,100,99925,100,100141,100,99920,100,,,99903,100,,,99887,100
2019-06-28 09:30:00.000000073,100058,100,99980,100,100061,100,99955,100,100062,100,99948,100,100068,100,99943,100,100081,200,99941,100,100119,100,99934,100,100139,100,99933,100,100141,100,99925,100,,,99920,100,,,99903,100
2019-06-28 09:30:00.000000075,100058,100,100027,100,100061,100,99980,100,100062,100,99955,100,100068,100,99948,100,100081,200,99943,100,100119,100,99941,100,100139,100,99934,100,100141,100,99933,100,,,99925,100,,,99920,100
2019-06-28 09:30:00.000000076,100058,100,100027,100,100061,100,99980,100,100062,100,99970,100,100068,100,99955,100,100081,200,99948,100,100119,100,99943,100,100139,100,99941,100,100141,100,99934,100,,,99933,100,,,99925,100
2019-06-28 09:30:00.000000077,100027,100,99980,100,100058,100,99970,100,100061,100,99955,100,100062,100,99948,100,100068,100,99943,100,100081,200,99941,100,100119,100,99934,100,100139,100,99933,100,100141,100,99925,100,,,99920,100
2019-06-28 09:30:00.000000078,100027,100,99970,100,100058,100,99955,100,100061,100,99948,100,100062,100,99943,100,100067,100,99941,100,100068,100,99934,100,100081,200,99933,100,100119,100,99925,100,100139,100,99920,100,100141,100,99903,100
2019-06-28 09:30:00.000000080,100058,100,99980,100,100061,100,99970,100,100062,100,99955,100,100067,100,99948,100,100068,100,99943,100,100081,200,99941,100,100119,100,99934,100,100139,100,99933,100,100141,100,99925,100,,,99920,100
2019-06-28 09:30:00.000000081,100058,100,99980,200,100061,100,99970,100,100062,100,99955,100,100067,100,99948,100,100068,100,99943,100,100081,200,99941,100,100119,100,99934,100,100139,100,99933,100,100141,100,99925,100,,,99920,100
2019-06-28 09:30:00.000000084,100058,100,99980,200,100061,100,99970,100,100062,100,99955,100,100067,100,99948,100,100068,100,99943,100,100081,200,99941,100,100119,100,99934,100,100124,100,99933,100,100139,100,99925,100,100141,100,99920,100
2019-06-28 09:30:00.000000085,100058,100,99980,200,100061,100,99970,100,100062,100,99955,100,100067,100,99948,100,100068,100,99943,100,100081,200,99941,100,100119,100,99934,100,100124,100,99933,100,100139,100,99925,100,100141,100,99920,100
2019-06-28 09:30:00.000000087,100058,100,99980,200,100061,100,99970,100,100062,100,99955,100,100067,100,99948,100,100068,100,99943,100,100081,200,99941,100,100082,100,99934,100,100119,100,99933,100,100124,100,99925,100,100139,100,99920,100
2019-06-28 09:30:00.000000088,100058,100,99980,200,100061,100,99970,100,100062,100,99955,100,100067,100,99948,100,100068,100,99943,100,100081,200,99941,100,100082,100,99934,100,100119,100,99933,100,100124,100,99925,100,100139,100,99920,100
2019-06-28 09:30:00.000000089,100058,100,99980,200,100061,100,99970,100,100062,100,99955,100,100067,100,99948,100,100068,100,99943,100,100081,200,99941,100,100082,100,99934,100,100110,100,99933,100,100119,100,99925,100,100124,100,99920,100
2019-06-28 09:30:00.000000090,100009,100,99980,200,100058,100,99970,100,100061,100,99955,100,100062,100,99948,100,100067,100,99943,100,100068,100,99941,100,100081,200,99934,100,100082,100,99933,100,100110,100,99925,100,100119,100,99920,100
2019-06-28 09:30:00.000000093,100009,100,99980,300,100058,100,99970,100,100061,100,99955,100,100062,100,99948,100,100067,100,99943,100,100068,100,99941,100,100081,200,99934,100,100082,100,99933,100,100110,100,99925,100,100119,100,99920,100
2019-06-28 09:30:00.000000095,100009,100,99980,300,100058,100,99970,100,100061,100,99955,100,100062,100,99948,100,100067,100,99943,100,100068,100,99941,100,100081,200,99934,100,100082,100,99933,100,100110,100,99925,100,100112,100,99920,100
2019-06-28 09:30:00.000000096,100009,100,99981,100,100058,100,99980,200,100061,100,99970,100,100062,100,99955,100,100067,100,99948,100,100068,100,99943,100,100081,200,99941,100,100082,100,99934,100,100110,100,99933,100,100112,100,99925,100
2019-06-28 09:30:00.000000099,100009,100,99981,100,100058,100,99980,200,100061,100,99970,200,100062,100,99955,100,100067,100,99948,100,100068,100,99943,100,100081,200,99941,100,100082,100,99934,100,100110,100,99933,100,100112,100,99925,100
2019-06-28 09:30:07.971790456,100009,100,99981,200,100058,100,99980,200,100061,100,99970,200,100062,100,99955,100,100067,100,99948,100,100068,100,99943,100,100081,200,99941,100,100082,100,99934,100,100110,100,99933,100,100112,100,99925,100
2019-06-28 09:30:10.000000000,100009,246,99981,346,100058,241,99980,341,100061,241,99970,341,100062,100,99955,100,100067,100,99948,100,100068,100,99943,100,100081,200,99941,100,100082,100,99934,100,100110,100,99933,100,100112,100,99925,100
2019-06-28 09:30:10.257740528,100009,246,99981,346,100058,241,99980,341,100061,241,99970,341,100062,100,99955,100,100067,100,99948,100,100068,100,99943,100,100081,200,99941,100,100082,100,99934,100,100110,100,99925,100,100112,100,99920,100
2019-06-28 09:30:20.000000000,100009,314,99981,414,100058,314,99980,414,100061,100,99970,200,100062,100,99955,100,100067,100,99948,100,100068,100,99943,100,100081,200,99941,100,100082,100,99934,100,100110,100,99925,100,100112,100,99920,100
2019-06-28 09:30:21.131375319,100009,314,99981,414,100058,314,99980,414,100061,100,99970,200,100062,100,99955,100,100067,100,99948,100,100068,100,99943,100,100081,200,99941,100,100082,100,99934,100,100110,100,99925,100,100112,100,99920,100
2019-06-28 09:30:30.000000000,100009,207,99981,307,100058,207,99980,307,100061,207,99970,307,100062,207,99955,207,100067,100,99948,100,100068,100,99943,100,100081,200,99941,100,100082,100,99934,100,100110,100,99925,100,100112,100,99920,100
2019-06-28 09:30:38.392904695,100009,207,99981,407,100058,207,99980,307,100061,207,99970,307,100062,207,99955,207,100067,100,99948,100,100068,100,99943,100,100081,200,99941,100,100082,100,99934,100,100110,100,99925,100,100112,100,99920,100
2019-06-28 09:30:40.000000000,100009,314,99981,514,100058,314,99980,414,100061,100,99970,200,100062,100,99955,100,100067,100,99948,100,100068,100,99943,100,100081,200,99941,100,100082,100,99934,100,100110,100,99925,100,100112,100,99920,100
2019-06-28 09:30:44.141794754,100009,314,99981,514,100027,100,99980,414,100058,314,99970,200,100061,100,99955,100,100062,100,99948,100,100067,100,99943,100,100068,100,99941,100,100081,200,99934,100,100082,100,99925,100,100110,100,99920,100
2019-06-28 09:30:50.000000000,100009,528,99981,728,100027,100,99980,200,100058,100,99970,200,100061,100,99955,100,100062,100,99948,100,100067,100,99943,100,100068,100,99941,100,100081,200,99934,100,100082,100,99925,100,100110,100,99920,100
2019-06-28 09:31:00.000000000,100009,246,99981,446,100027,241,99980,341,100058,241,99970,341,100061,100,99955,100,100062,100,99948,100,100067,100,99943,100,100068,100,99941,100,100081,200,99934,100,100082,100,99925,100,100110,100,99920,100
2019-06-28 09:31:10.000000000,100009,528,99981,728,100027,100,99980,200,100058,100,99970,200,100061,100,99955,100,100062,100,99948,100,100067,100,99943,100,100068,100,99941,100,100081,200,99934,100,100082,100,99925,100,100110,100,99920,100
2019-06-28 09:31:14.911979753,100009,528,99981,728,100027,100,99980,200,100058,100,99970,200,100061,100,99955,100,100062,100,99948,100,100067,100,99943,100,100068,100,99941,100,100081,200,99934,100,100082,100,99925,100,100110,100,99920,100
2019-06-28 09:31:16.469317523,100009,528,99981,728,100027,100,99980,200,100058,100,99970,200,100061,100,99955,100,100062,100,99948,100,100067,100,99943,100,100068,100,99941,100,100081,200,99934,100,100082,100,99925,100,100110,100,99920,100
2019-06-28 09:31:17.353173774,100009,528,99981,728,100027,100,99980,200,100058,100,99970,200,100061,100,99955,100,100062,100,99948,100,100067,100,99943,100,100068,100,99941,100,100081,100,99934,100,100082,100,99925,100,100110,100,99920,100
2019-06-28 09:31:20.000000000,100009,246,99981,446,100027,241,99980,341,100058,241,99970,341,100061,100,99955,100,100062,100,99948,100,100067,100,99943,100,100068,100,99941,100,100081,100,99934,100,100082,100,99925,100,100110,100,99920,100
2019-06-28 09:31:26.911188363,100009,146,99981,446,100027,241,99980,341,100058,241,99970,341,100061,100,99955,100,100062,100,99948,100,100068,100,99943,100,100081,100,99941,100,100082,100,99934,100,100110,100,99925,100,100112,100,99920,100
2019-06-28 09:31:30.000000000,100027,246,99981,446,100058,241,99980,341,100061,241,99970,341,100062,100,99955,100,100068,100,99948,100,100081,100,99943,100,100082,100,99941,100,100110,100,99934,100,100112,100,99925,100,100119,100,99920,100
2019-06-28 09:31:35.643772907,100027,246,99982,100,100058,241,99981,446,100061,241,99980,341,100062,100,99970,341,100068,100,99955,100,100081,100,99948,100,100082,100,99943,100,100110,100,99941,100,100112,100,99934,100,100119,100,99925,100
2019-06-28 09:31:40.000000000,100027,528,99982,528,100058,100,99981,300,100061,100,99980,200,100062,100,99970,200,100068,100,99955,100,100081,100,99948,100,100082,100,99943,100,100110,100,99941,100,100112,100,99934,100,100119,100,99925,100
2019-06-28 09:31:50.000000000,100027,207,99982,207,100058,207,99981,407,100061,207,99980,307,100062,207,99970,307,100068,100,99955,100,100081,100,99948,100,100082,100,99943,100,100110,100,99941,100,100112,100,99934,100,100119,100,99925,100
2019-06-28 09:31:52.577521084,100027,207,99982,307,100058,207,99981,407,100061,207,99980,307,100062,207,99970,307,100068,100,99955,100,100081,100,99948,100,100082,100,99943,100,100110,100,99941,100,100112,100,99934,100,100119,100,99925,100
2019-06-28 09:31:55.629002935,100027,207,99982,307,100058,207,99981,307,100061,207,99980,307,100062,207,99970,307,100068,100,99955,100,100081,100,99948,100,100082,100,99943,100,100110,100,99941,100,100112,100,99934,100,100119,100,99925,100
2019-06-28 09:32:00.000000000,100027,314,99982,414,100058,314,99981,414,100061,100,99980,200,100062,100,99970,200,100068,100,99955,100,100081,100,99948,100,100082,100,99943,100,100110,100,99941,100,100112,100,99934,100,100119,100,99925,100
2019-06-28 09:32:10.000000000,100027,528,99982,628,100058,100,99981,200,100061,100,99980,200,100062,100,99970,200,100068,100,99955,100,100081,100,99948,100,100082,100,99943,100,100110,100,99941,100,100112,100,99934,100,100119,100,99925,100
2019-06-28 09:32:18.484393748,100027,528,99982,728,100058,100,99981,200,100061,100,99980,200,100062,100,99970,200,100068,100,99955,100,100081,100,99948,100,100082,100,99943,100,100110,100,99941,100,100112,100,99934,100,100119,100,99925,100
2019-06-28 09:32:20.000000000,100027,186,99982,386,100058,186,99981,286,100061,186,99980,286,100062,186,99970,286,100068,186,99955,186,100081,100,99948,100,100082,100,99943,100,100110,100,99941,100,100112,100,99934,100,100119,100,99925,100
2019-06-28 09:32:30.000000000,100027,314,99982,514,100058,314,99981,414,100061,100,99980,200,100062,100,99970,200,100068,100,99955,100,100081,100,99948,100,100082,100,99943,100,100110,100,99941,100,100112,100,99934,100,100119,100,99925,100
2019-06-28 09:32:34.724236904,100027,214,99982,514,100058,314,99981,414,100061,100,99980,200,100062,100,99970,200,100068,100,99955,100,100081,100,99948,100,100110,100,99943,100,100112,100,99941,100,100119,100,99934,100,100124,100,99925,100
2019-06-28 09:32:40.000000000,100058,528,99982,728,100061,100,99981,200,100062,100,99980,200,100068,100,99970,200,100081,100,99955,100,100110,100,99948,100,100112,100,99943,100,100119,100,99941,100,100124,100,99934,100,100139,100,99925,100
2019-06-28 09:32:50.000000000,100058,246,99982,446,100061,241,99981,341,100062,241,99980,341,100068,100,99970,200,100081,100,99955,100,100110,100,99948,100,100112,100,99943,100,100119,100,99941,100,100124,100,99934,100,100139,100,99925,100
2019-06-28 09:32:52.278161326,100058,146,99982,446,100061,241,99981,341,100062,241,99980,341,100068,100,99970,200,100081,100,99955,100,100110,100,99948,100,100112,100,99943,100,100119,100,99941,100,100124,100,99934,100,100139,100,99925,100
2019-06-28 09:33:00.000000000,100061,207,99982,407,100062,207,99981,307,100068,207,99980,307,100081,207,99970,307,100110,100,99955,100,100112,100,99948,100,100119,100,99943,100,100124,100,99941,100,100139,100,99934,100,100141,100,99925,100
2019-06-28 09:33:00.222911551,100061,207,99982,407,100062,207,99981,307,100068,207,99980,307,100081,207,99970,307,100110,100,99955,100,100112,100,99948,100,100119,100,99943,100,100124,100,99941,100,100139,100,99934,100,100141,100,99925,100
2019-06-28 09:33:06.396318902,100061,207,100027,100,100062,207,99982,407,100068,207,99981,307,100081,207,99980,207,100110,100,99970,307,100112,100,99955,100,100119,100,99948,100,100124,100,99943,100,100139,100,99941,100,100141,100,99934,100
2019-06-28 09:33:10.000000000,100061,528,100027,528,100062,100,99982,300,100068,100,99981,200,100081,100,99980,100,100110,100,99970,200,100112,100,99955,100,100119,100,99948,100,100124,100,99943,100,100139,100,99941,100,100141,100,99934,100
2019-06-28 09:33:20.000000000,100061,186,100027,186,100062,186,99982,386,100068,186,99981,286,100081,186,99980,186,100110,186,99970,286,100112,100,99955,100,100119,100,99948,100,100124,100,99943,100,100139,100,99941,100,100141,100,99934,100
2019-06-28 09:33:26.237740081,100061,186,100027,286,100062,186,99982,386,100068,186,99981,286,100081,186,99980,186,100110,186,99970,286,100112,100,99955,100,100119,100,99948,100,100124,100,99943,100,100139,100,99941,100,100141,100,99934,100
2019-06-28 09:33:29.565688173,100061,186,100027,386,100062,186,99982,386,100068,186,99981,286,100081,186,99980,186,100110,186,99970,286,100112,100,99955,100,100119,100,99948,100,100124,100,99943,100,100139,100,99941,100,100141,100,99934,100
2019-06-28 09:33:30.000000000,100061,314,100027,514,100062,314,99982,514,100068,100,99981,200,100081,100,99980,100,100110,100,99970,200,100112,100,99955,100,100119,100,99948,100,100124,100,99943,100,100139,100,99941,100,100141,100,99934,100
2019-06-28 09:33:35.906575170,100061,214,100027,514,100062,314,99982,514,100068,100,99981,200,100081,100,99980,100,100110,100,99970,100,100112,100,99955,100,100119,100,99948,100,100124,100,99943,100,100139,100,99941,100,100141,100,99934,100
2019-06-28 09:33:40.000000000,100062,207,100027,407,100068,207,99982,407,100081,207,99981,307,100110,207,99980,207,100112,100,99970,100,100119,100,99955,100,100124,100,99948,100,100139,100,99943,100,100141,100,99941,100,100240,100,99934,100
2019-06-28 09:33:41.005584290,100062,107,100027,407,100068,207,99982,407,100081,207,99981,307,100110,207,99980,207,100112,100,99970,100,100119,100,99955,100,100124,100,99948,100,100139,100,99943,100,100141,100,99941,100,100240,100,99934,100
2019-06-28 09:33:41.592262790,100062,107,100027,307,100068,207,99982,407,100081,207,99981,307,100110,207,99980,207,100112,100,99970,100,100119,100,99955,100,100124,100,99948,100,100139,100,99943,100,100141,100,99941,100,100240,100,99934,100
2019-06-28 09:33:50.000000000,100068,246,100027,346,100081,241,99982,441,100110,241,99981,341,100112,100,99980,100,100119,100,99970,100,100124,100,99955,100,100139,100,99948,100,100141,100,99943,100,100240,100,99941,100,100294,100,99934,100
2019-06-28 09:33:54.846034601,100068,246,100061,100,100081,241,100027,246,100110,241,99982,441,100112,100,99981,341,100119,100,99980,100,100124,100,99970,100,100139,100,99955,100,100141,100,99948,100,100240,100,99943,100,100294,100,99941,100
2019-06-28 09:33:58.514703645,100068,146,100061,100,100081,241,100027,246,100110,241,99982,441,100112,100,99981,341,100119,100,99980,100,100124,100,99970,100,100139,100,99955,100,100141,100,99948,100,100240,100,99943,100,100294,100,99941,100
2019-06-28 09:34:00.000000000,100081,314,100061,314,100110,314,100027,314,100112,100,99982,300,100119,100,99981,200,100124,100,99980,100,100139,100,99970,100,100141,100,99955,100,100240,100,99948,100,100294,100,99943,100,100298,100,99941,100
2019-06-28 09:34:04.635980651,100081,314,100061,314,100110,314,100027,314,100112,100,99982,300,100124,100,99981,200,100139,100,99980,100,100141,100,99970,100,100240,100,99955,100,100294,100,99948,100,100298,100,99943,100,100493,100,99941,100
2019-06-28 09:34:10.000000000,100081,186,100061,186,100110,186,100027,186,100112,186,99982,386,100124,186,99981,286,100139,186,99980,186,100141,100,99970,100,100240,100,99955,100,100294,100,99948,100,100298,100,99943,100,100493,100,99941,100
2019-06-28 09:34:10.392262593,100081,86,100061,186,100110,186,100027,186,100112,186,99982,386,100124,186,99981,286,100139,186,99980,186,100141,100,99970,100,100240,100,99955,100,100294,100,99948,100,100298,100,99943,100,100493,100,99941,100
2019-06-28 09:34:20.000000000,100110,314,100061,314,100112,314,100027,314,100124,100,99982,300,100139,100,99981,200,100141,100,99980,100,100240,100,99970,100,100294,100,99955,100,100298,100,99948,100,100493,100,99943,100,100638,100,99941,100
2019-06-28 09:34:27.044403566,100110,314,100061,314,100112,314,100027,314,100124,100,99982,300,100139,100,99981,200,100141,100,99980,100,100240,100,99970,100,100294,100,99955,100,100298,100,99948,100,100352,100,99943,100,100493,100,99941,100
2019-06-28 09:34:30.000000000,100110,246,100061,246,100112,241,100027,241,100124,241,99982,441,100139,100,99981,200,100141,100,99980,100,100240,100,99970,100,100294,100,99955,100,100298,100,99948,100,100352,100,99943,100,100493,100,99941,100
2019-06-28 09:34:40.000000000,100110,246,100061,246,100112,241,100027,241,100124,241,99982,441,100139,100,99981,200,100141,100,99980,100,100240,100,99970,100,100294,100,99955,100,100298,100,99948,100,100352,100,99943,100,100493,100,99941,100
2019-06-28 09:34:50.000000000,100110,207,100061,207,100112,207,100027,207,100124,207,99982,407,100139,207,99981,307,100141,100,99980,100,100240,100,99970,100,100294,100,99955,100,100298,100,99948,100,100352,100,99943,100,100493,100,99941,100
2019-06-28 09:35:00.000000000,100110,246,100061,246,100112,241,100027,241,100124,241,99982,441,100139,100,99981,200,100141,100,99980,100,100240,100,99970,100,100294,100,99955,100,100298,100,99948,100,100352,100,99943,100,100493,100,99941,100
2019-06-28 09:35:10.000000000,100110,314,100061,314,100112,314,100027,314,100124,100,99982,300,100139,100,99981,200,100141,100,99980,100,100240,100,99970,100,100294,100,99955,100,100298,100,99948,100,100352,100,99943,100,100493,100,99941,100
2019-06-28 09:35:20.000000000,100110,186,100061,186,100112,186,100027,186,100124,186,99982,386,100139,186,99981,286,100141,186,99980,186,100240,100,99970,100,100294,100,99955,100,100298,100,99948,100,100352,100,99943,100,100493,100,99941,100
2019-06-28 09:35:29.842997021,100110,186,100061,186,100112,186,100027,186,100124,186,99982,386,100139,186,99981,286,100141,186,99980,186,100240,100,99970,100,100294,100,99955,100,100298,100,99948,100,100352,100,99943,100,100493,100,99941,100
2019-06-28 09:35:30.000000000,100110,186,100061,186,100112,186,100027,186,100124,186,99982,386,100139,186,99981,286,100141,186,99980,186,100240,100,99970,100,100294,100,99955,100,100298,100,99948,100,100352,100,99943,100,100493,100,99941,100
2019-06-28 09:35:40.000000000,100110,528,100061,528,100112,100,100027,100,100124,100,99982,300,100139,100,99981,200,100141,100,99980,100,100240,100,99970,100,100294,100,99955,100,100298,100,99948,100,100352,100,99943,100,100493,100,99941,100
2019-06-28 09:35:41.009580044,100110,528,100061,428,100112,100,100027,100,100124,100,99982,300,100139,100,99981,200,100141,100,99980,100,100240,100,99970,100,100294,100,99955,100,100298,100,99948,100,100493,100,99943,100,100638,100,99941,100
2019-06-28 09:35:50.000000000,100110,314,100027,314,100112,314,99982,514,100124,100,99981,200,100139,100,99980,100,100141,100,99970,100,100240,100,99955,100,100294,100,99948,100,100298,100,99943,100,100493,100,99941,100,100638,100,99934,100
2019-06-28 09:36:00.000000000,100110,207,100027,207,100112,207,99982,407,100124,207,99981,307,100139,207,99980,207,100141,100,99970,100,100240,100,99955,100,100294,100,99948,100,100298,100,99943,100,100493,100,99941,100,100638,100,99934,100
2019-06-28 09:36:02.369161599,100110,207,100062,100,100112,207,100027,207,100124,207,99982,407,100139,207,99981,307,100141,100,99980,207,100240,100,99970,100,100294,100,99955,100,100298,100,99948,100,100493,100,99943,100,100638,100,99941,100
2019-06-28 09:36:10.000000000,100110,207,100062,207,100112,207,100027,207,100124,207,99982,407,100139,207,99981,307,100141,100,99980,100,100240,100,99970,100,100294,100,99955,100,100298,100,99948,100,100493,100,99943,100,100638,100,99941,100
2019-06-28 09:36:20.000000000,100110,314,100062,314,100112,314,100027,314,100124,100,99982,300,100139,100,99981,200,100141,100,99980,100,100240,100,99970,100,100294,100,99955,100,100298,100,99948,100,100493,100,99943,100,100638,100,99941,100
2019-06-28 09:36:30.000000000,100110,314,100062,314,100112,314,100027,314,100124,100,99982,300,100139,100,99981,200,100141,100,99980,100,100240,100,99970,100,100294,100,99955,100,100298,100,99948,100,100493,100,99943,100,100638,100,99941,100
2019-06-28 09:36:40.000000000,100110,207,100062,207,100112,207,100027,207,100124,207,99982,407,100139,207,99981,307,100141,100,99980,100,100240,100,99970,100,100294,100,99955,100,100298,100,99948,100,100493,100,99943,100,100638,100,99941,100
2019-06-28 09:36:40.226367194,100110,207,100062,207,100112,207,100027,207,100124,207,99982,407,100139,207,99981,307,100141,100,99980,100,100240,100,99970,100,100294,100,99955,100,100298,100,99948,100,100493,100,99943,100,100617,100,99941,100
2019-06-28 09:36:45.882925023,100110,107,100062,207,100112,207,100027,207,100124,207,99982,407,100139,207,99981,307,100141,100,99980,100,100240,100,99970,100,100294,100,99955,100,100298,100,99948,100,100617,100,99943,100,100638,100,99941,100
2019-06-28 09:36:50.000000000,100112,528,100062,528,100124,100,100027,100,100139,100,99982,300,100141,100,99981,200,100240,100,99980,100,100294,100,99970,100,100298,100,99955,100,100617,100,99948,100,100638,100,99943,100,,,99941,100
2019-06-28 09:36:52.759625035,100112,528,100062,528,100124,100,100027,100,100139,100,99982,300,100141,100,99981,200,100240,100,99980,100,100294,100,99970,100,100298,100,99955,100,100377,100,99948,100,100617,100,99943,100,100638,100,99941,100
2019-06-28 09:36:55.041836901,100112,428,100062,528,100139,100,100027,100,100141,100,99982,300,100240,100,99981,200,100294,100,99980,100,100298,100,99970,100,100377,100,99955,100,100617,100,99948,100,100638,100,99943,100,,,99941,100
2019-06-28 09:37:00.000000000,100139,314,100062,314,100141,314,100027,314,100240,100,99982,300,100294,100,99981,200,100298,100,99980,100,100377,100,99970,100,100617,100,99955,100,100638,100,99948,100,,,99943,100,,,99941,100
2019-06-28 09:37:07.503884473,100139,314,100062,314,100141,314,100027,314,100240,100,99982,300,100294,100,99981,200,100298,100,99980,100,100377,100,99970,100,100484,100,99955,100,100617,100,99948,100,100638,100,99943,100,,,99941,100
2019-06-28 09:37:10.000000000,100139,207,100062,207,100141,207,100027,207,100240,207,99982,407,100294,207,99981,307,100298,100,99980,100,100377,100,99970,100,100484,100,99955,100,100617,100,99948,100,100638,100,99943,100,,,99941,100
2019-06-28 09:37:20.000000000,100139,314,100062,314,100141,314,100027,314,100240,100,99982,300,100294,100,99981,200,100298,100,99980,100,100377,100,99970,100,100484,100,99955,100,100617,100,99948,100,100638,100,99943,100,,,99941,100
2019-06-28 09:37:25.747593671,100139,314,100096,100,100141,314,100062,314,100240,100,100027,314,100294,100,99982,300,100298,100,99981,200,100377,100,99980,100,100484,100,99970,100,100617,100,99955,100,100638,100,99948,100,,,99943,100
2019-06-28 09:37:30.000000000,100139,186,100096,186,100141,186,100062,186,100240,186,100027,186,100294,186,99982,386,100298,186,99981,286,100377,100,99980,100,100484,100,99970,100,100617,100,99955,100,100638,100,99948,100,,,99943,100
2019-06-28 09:37:40.000000000,100139,246,100096,246,100141,241,100062,241,100240,241,100027,241,100294,100,99982,300,100298,100,99981,200,100377,100,99980,100,100484,100,99970,100,100617,100,99955,100,100638,100,99948,100,,,99943,100
2019-06-28 09:37:41.863358022,100139,246,100096,246,100141,241,100062,241,100240,241,100027,241,100294,100,99982,300,100324,100,99981,200,100377,100,99980,100,100484,100,99970,100,100617,100,99955,100,100638,100,99948,100,,,99943,100
2019-06-28 09:37:48.230692742,100139,246,100096,246,100141,241,100063,100,100240,241,100062,241,100294,100,100027,241,100324,100,99982,300,100377,100,99981,200,100484,100,99980,100,100617,100,99970,100,100638,100,99955,100,,,99948,100
2019-06-28 09:37:50.000000000,100139,246,100096,246,100141,241,100063,241,100240,241,100062,241,100294,100,100027,100,100324,100,99982,300,100377,100,99981,200,100484,100,99980,100,100617,100,99970,100,100638,100,99955,100,,,99948,100
2019-06-28 09:37:56.202877804,100139,246,100096,246,100141,241,100063,241,100240,241,100062,241,100294,100,100027,100,100324,100,99982,200,100377,100,99981,200,100484,100,99980,100,100617,100,99970,100,100638,100,99955,100,,,99948,100
2019-06-28 09:38:00.000000000,100139,528,100096,528,100141,100,100063,100,100240,100,100062,100,100294,100,100027,100,100324,100,99982,200,100377,100,99981,200,100484,100,99980,100,100617,100,99970,100,100638,100,99955,100,,,99948,100
2019-06-28 09:38:04.432103280,100139,528,100096,528,100141,100,100063,100,100240,100,100062,100,100294,100,99982,200,100324,100,99981,200,100377,100,99980,100,100484,100,99970,100,100617,100,99955,100,100638,100,99948,100,,,99943,100
2019-06-28 09:38:10.000000000,100139,314,100096,314,100141,314,100063,314,100240,100,100062,100,100294,100,99982,200,100324,100,99981,200,100377,100,99980,100,100484,100,99970,100,100617,100,99955,100,100638,100,99948,100,,,99943,100
2019-06-28 09:38:20.000000000,100139,246,100096,246,100141,241,100063,241,100240,241,100062,241,100294,100,99982,200,100324,100,99981,200,100377,100,99980,100,100484,100,99970,100,100617,100,99955,100,100638,100,99948,100,,,99943,100
2019-06-28 09:38:26.244610077,100139,246,100096,246,100141,241,100063,241,100240,241,100062,241,100294,100,99982,200,100324,100,99981,200,100377,100,99980,100,100484,100,99970,100,100617,100,99955,100,100638,100,99948,100,,,99943,100
2019-06-28 09:38:30.000000000,100139,186,100096,186,100141,186,100063,186,100240,186,100062,186,100294,186,99982,286,100324,186,99981,286,100377,100,99980,100,100484,100,99970,100,100617,100,99955,100,100638,100,99948,100,,,99943,100
2019-06-28 09:38:40.000000000,100139,207,100096,207,100141,207,100063,207,100240,207,100062,207,100294,207,99982,307,100324,100,99981,200,100377,100,99980,100,100484,100,99970,100,100617,100,99955,100,100638,100,99948,100,,,99943,100
2019-06-28 09:38:47.422223879,100139,207,100096,207,100141,207,100063,207,100240,207,100062,207,100294,207,99982,307,100324,100,99981,200,100377,100,99980,100,100484,100,99970,100,100617,100,99955,100,100638,100,99948,100,,,99943,100
2019-06-28 09:38:50.000000000,100139,186,100096,186,100141,186,100063,186,100240,186,100062,186,100294,186,99982,286,100324,186,99981,286,100377,100,99980,100,100484,100,99970,100,100617,100,99955,100,100638,100,99948,100,,,99943,100
2019-06-28 09:39:00.000000000,100139,528,100096,528,100141,100,100063,100,100240,100,100062,100,100294,100,99982,200,100324,100,99981,200,100377,100,99980,100,100484,100,99970,100,100617,100,99955,100,100638,100,99948,100,,,99943,100
2019-06-28 09:39:10.000000000,100139,314,100096,314,100141,314,100063,314,100240,100,100062,100,100294,100,99982,200,100324,100,99981,200,100377,100,99980,100,100484,100,99970,100,100617,100,99955,100,100638,100,99948,100,,,99943,100
2019-06-28 09:39:20.000000000,100139,314,100096,314,100141,314,100063,314,100240,100,100062,100,100294,100,99982,200,100324,100,99981,200,100377,100,99980,100,100484,100,99970,100,100617,100,99955,100,100638,100,99948,100,,,99943,100
2019-06-28 09:39:30.000000000,100139,186,100096,186,100141,186,100063,186,100240,186,100062,186,100294,186,99982,286,100324,186,99981,286,100377,100,99980,100,100484,100,99970,100,100617,100,99955,100,100638,100,99948,100,,,99943,100
2019-06-28 09:39:36.372885401,100139,186,100096,186,100141,186,100063,186,100240,186,100062,186,100271,100,99982,286,100294,186,99981,286,100324,186,99980,100,100377,100,99970,100,100484,100,99955,100,100617,100,99948,100,100638,100,99943,100
2019-06-28 09:39:40.000000000,100139,186,100096,186,100141,186,100063,186,100240,186,100062,186,100271,186,99982,286,100294,186,99981,286,100324,100,99980,100,100377,100,99970,100,100484,100,99955,100,100617,100,99948,100,100638,100,99943,100
2019-06-28 09:39:41.896032991,100139,86,100096,186,100141,186,100063,186,100240,186,100062,186,100271,86,99982,286,100294,186,99981,286,100324,100,99980,100,100377,100,99970,100,100484,100,99955,100,100617,100,99948,100,100638,100,99943,100
2019-06-28 09:39:50.000000000,100141,207,100096,207,100240,207,100063,207,100294,207,100062,207,100324,207,99982,307,100377,100,99981,200,100484,100,99980,100,100617,100,99970,100,100638,100,99955,100,,,99948,100,,,99943,100
2019-06-28 09:39:58.664635044,100141,107,100096,207,100240,207,100063,207,100294,207,100062,207,100324,207,99982,307,100377,100,99981,200,100484,100,99980,100,100617,100,99970,100,100638,100,99955,100,,,99948,100,,,99943,100
2019-06-28 09:40:00.000000000,100240,186,100096,186,100294,186,100063,186,100324,186,100062,186,100377,186,99982,286,100484,186,99981,286,100617,100,99980,100,100638,100,99970,100,,,99955,100,,,99948,100,,,99943,100
2019-06-28 09:40:10.000000000,100240,528,100096,528,100294,100,100063,100,100324,100,100062,100,100377,100,99982,200,100484,100,99981,200,100617,100,99980,100,100638,100,99970,100,,,99955,100,,,99948,100,,,99943,100
2019-06-28 09:40:20.000000000,100240,207,100096,207,100294,207,100063,207,100324,207,100062,207,100377,207,99982,307,100484,100,99981,200,100617,100,99980,100,100638,100,99970,100,,,99955,100,,,99948,100,,,99943,100
2019-06-28 09:40:30.000000000,100240,314,100096,314,100294,314,100063,314,100324,100,100062,100,100377,100,99982,200,100484,100,99981,200,100617,100,99980,100,100638,100,99970,100,,,99955,100,,,99948,100,,,99943,100
2019-06-28 09:40:40.000000000,100240,528,100096,528,100294,100,100063,100,100324,100,100062,100,100377,100,99982,200,100484,100,99981,200,100617,100,99980,100,100638,100,99970,100,,,99955,100,,,99948,100,,,99943,100
2019-06-28 09:40:50.000000000,100240,246,100096,246,100294,241,100063,241,100324,241,100062,241,100377,100,99982,200,100484,100,99981,200,100617,100,99980,100,100638,100,99970,100,,,99955,100,,,99948,100,,,99943,100
2019-06-28 09:40:55.913606630,100240,246,100096,246,100294,241,100063,241,100324,241,100062,241,100377,100,99982,200,100484,100,99981,200,100617,100,99980,100,100638,100,99970,100,,,99955,100,,,99948,100,,,99943,100
2019-06-28 09:41:00.000000000,100240,528,100096,528,100294,100,100063,100,100324,100,100062,100,100377,100,99982,200,100484,100,99981,200,100617,100,99980,100,100638,100,99970,100,,,99955,100,,,99948,100,,,99943,100
2019-06-28 09:41:10.000000000,100240,528,100096,528,100294,100,100063,100,100324,100,100062,100,100377,100,99982,200,100484,100,99981,200,100617,100,99980,100,100638,100,99970,100,,,99955,100,,,99948,100,,,99943,100
2019-06-28 09:41:20.000000000,100240,246,100096,246,100294,241,100063,241,100324,241,100062,241,100377,100,99982,200,100484,100,99981,200,100617,100,99980,100,100638,100,99970,100,,,99955,100,,,99948,100,,,99943,100
2019-06-28 09:41:30.000000000,100240,186,100096,186,100294,186,100063,186,100324,186,100062,186,100377,186,99982,286,100484,186,99981,286,100617,100,99980,100,100638,100,99970,100,,,99955,100,,,99948,100,,,99943,100
2019-06-28 09:41:40.000000000,100240,246,100096,246,100294,241,100063,241,100324,241,100062,241,100377,100,99982,200,100484,100,99981,200,100617,100,99980,100,100638,100,99970,100,,,99955,100,,,99948,100,,,99943,100
2019-06-28 09:41:50.000000000,100240,314,100096,314,100294,314,100063,314,100324,100,100062,100,100377,100,99982,200,100484,100,99981,200,100617,100,99980,100,100638,100,99970,100,,,99955,100,,,99948,100,,,99943,100
2019-06-28 09:42:00.000000000,100240,528,100096,528,100294,100,100063,100,100324,100,100062,100,100377,100,99982,200,100484,100,99981,200,100617,100,99980,100,100638,100,99970,100,,,99955,100,,,99948,100,,,99943,100
2019-06-28 09:42:10.000000000,100240,314,100096,314,100294,314,100063,314,100324,100,100062,100,100377,100,99982,200,100484,100,99981,200,100617,100,99980,100,100638,100,99970,100,,,99955,100,,,99948,100,,,99943,100
2019-06-28 09:42:15.043652900,100240,314,100096,214,100294,314,100063,314,100324,100,100062,100,100377,100,99982,200,100484,100,99981,200,100617,100,99980,100,100638,100,99970,100,,,99955,100,,,99948,100,,,99943,100
2019-06-28 09:42:20.000000000,100240,314,100063,314,100294,314,100062,314,100324,100,99982,200,100377,100,99981,200,100484,100,99980,100,100617,100,99970,100,100638,100,99955,100,,,99948,100,,,99943,100,,,99941,100
2019-06-28 09:42:30.000000000,100240,528,100063,528,100294,100,100062,100,100324,100,99982,200,100377,100,99981,200,100484,100,99980,100,100617,100,99970,100,100638,100,99955,100,,,99948,100,,,99943,100,,,99941,100
2019-06-28 09:42:37.572272407,100076,100,100063,528,100240,528,100062,100,100294,100,99982,200,100324,100,99981,200,100377,100,99980,100,100484,100,99970,100,100617,100,99955,100,100638,100,99948,100,,,99943,100,,,99941,100
2019-06-28 09:42:40.000000000,100076,207,100063,207,100240,207,100062,207,100294,207,99982,307,100324,207,99981,307,100377,100,99980,100,100484,100,99970,100,100617,100,99955,100,100638,100,99948,100,,,99943,100,,,99941,100
2019-06-28 09:42:50.000000000,100076,207,100063,207,100240,207,100062,207,100294,207,99982,307,100324,207,99981,307,100377,100,99980,100,100484,100,99970,100,100617,100,99955,100,100638,100,99948,100,,,99943,100,,,99941,100
2019-06-28 09:43:00.000000000,100076,246,100063,246,100240,241,100062,241,100294,241,99982,341,100324,100,99981,200,100377,100,99980,100,100484,100,99970,100,100617,100,99955,100,100638,100,99948,100,,,99943,100,,,99941,100
2019-06-28 09:43:10.000000000,100076,207,100063,207,100240,207,100062,207,100294,207,99982,307,100324,207,99981,307,100377,100,99980,100,100484,100,99970,100,100617,100,99955,100,100638,100,99948,100,,,99943,100,,,99941,100
2019-06-28 09:43:12.539988043,100076,107,100063,207,100240,207,100062,207,100294,207,99982,307,100324,207,99981,307,100377,100,99980,100,100484,100,99970,100,100617,100,99955,100,100638,100,99948,100,,,99943,100,,,99941,100
2019-06-28 09:43:13.470526401,100076,107,100063,207,100240,207,100062,207,100245,100,99982,307,100294,207,99981,307,100324,207,99980,100,100377,100,99970,100,100484,100,99955,100,100617,100,99948,100,100638,100,99943,100,,,99941,100
2019-06-28 09:43:20.000000000,100240,528,100063,528,100245,100,100062,100,100294,100,99982,200,100324,100,99981,200,100377,100,99980,100,100484,100,99970,100,100617,100,99955,100,100638,100,99948,100,,,99943,100,,,99941,100
2019-06-28 09:43:26.926660692,100240,528,100153,100,100245,100,100063,528,100294,100,100062,100,100324,100,99982,200,100377,100,99981,200,100617,100,99980,100,100638,100,99970,100,,,99955,100,,,99948,100,,,99943,100
2019-06-28 09:43:30.000000000,100240,186,100153,186,100245,186,100063,186,100294,186,100062,186,100324,186,99982,286,100377,186,99981,286,100617,100,99980,100,100638,100,99970,100,,,99955,100,,,99948,100,,,99943,100
2019-06-28 09:43:33.877835990,100240,186,100153,186,100245,186,100063,86,100294,186,100062,186,100324,186,100010,100,100377,186,99982,286,100617,100,99981,286,100638,100,99980,100,,,99970,100,,,99955,100,,,99948,100
2019-06-28 09:43:37.027280830,100240,186,100153,186,100245,186,100126,100,100294,186,100063,86,100324,186,100062,186,100377,186,100010,100,100617,100,99982,286,100638,100,99981,286,,,99980,100,,,99970,100,,,99955,100
2019-06-28 09:43:37.147200535,100240,186,100153,186,100245,186,100126,100,100294,186,100063,86,100308,100,100062,186,100324,186,100010,100,100377,186,99982,286,100617,100,99981,286,100638,100,99980,100,,,99970,100,,,99955,100
2019-06-28 09:43:40.000000000,100240,207,100153,207,100245,207,100126,207,100294,207,100062,207,100308,207,100010,207,100324,100,99982,200,100377,100,99981,200,100617,100,99980,100,100638,100,99970,100,,,99955,100,,,99948,100
2019-06-28 09:43:50.000000000,100240,246,100153,246,100245,241,100126,241,100294,241,100062,241,100308,100,100010,100,100324,100,99982,200,100377,100,99981,200,100617,100,99980,100,100638,100,99970,100,,,99955,100,,,99948,100
2019-06-28 09:43:54.616842010,100240,246,100153,246,100245,241,100126,241,100294,241,100062,241,100308,100,100032,100,100324,100,100010,100,100377,100,99982,200,100617,100,99981,200,100638,100,99980,100,,,99970,100,,,99955,100
2019-06-28 09:44:00.000000000,100240,246,100153,246,100245,241,100126,241,100294,241,100062,241,100308,100,100032,100,100324,100,100010,100,100377,100,99982,200,100617,100,99981,200,100638,100,99980,100,,,99970,100,,,99955,100
2019-06-28 09:44:10.000000000,100240,528,100153,528,100245,100,100126,100,100294,100,100062,100,100308,100,100032,100,100324,100,100010,100,100377,100,99982,200,100617,100,99981,200,100638,100,99980,100,,,99970,100,,,99955,100
2019-06-28 09:44:20.000000000,100240,246,100153,246,100245,241,100126,241,100294,241,100062,241,100308,100,100032,100,100324,100,100010,100,100377,100,99982,200,100617,100,99981,200,100638,100,99980,100,,,99970,100,,,99955,100
2019-06-28 09:44:30.000000000,100240,246,100153,246,100245,241,100126,241,100294,241,100062,241,100308,100,100032,100,100324,100,100010,100,100377,100,99982,200,100617,100,99981,200,100638,100,99980,100,,,99970,100,,,99955,100
2019-06-28 09:44:40.000000000,100240,246,100153,246,100245,241,100126,241,100294,241,100062,241,100308,100,100032,100,100324,100,100010,100,100377,100,99982,200,100617,100,99981,200,100638,100,99980,100,,,99970,100,,,99955,100
2019-06-28 09:44:49.428004036,100240,146,100153,246,100245,241,100126,241,100294,241,100062,241,100308,100,100032,100,100324,100,100010,100,100377,100,99982,200,100617,100,99981,200,100638,100,99980,100,,,99970,100,,,99955,100
2019-06-28 09:44:50.000000000,100245,207,100153,207,100294,207,100126,207,100308,207,100062,207,100324,207,100032,207,100377,100,100010,100,100617,100,99982,200,100638,100,99981,200,,,99980,100,,,99970,100,,,99955,100
2019-06-28 09:45:00.000000000,100245,246,100153,246,100294,241,100126,241,100308,241,100062,241,100324,100,100032,100,100377,100,100010,100,100617,100,99982,200,100638,100,99981,200,,,99980,100,,,99970,100,,,99955,100
2019-06-28 09:45:02.376777118,100245,246,100153,246,100294,241,100126,241,100308,241,100062,241,100324,100,100032,100,100377,100,100010,100,100617,100,99982,200,100638,100,99981,200,102026,100,99980,100,,,99970,100,,,99955,100
2019-06-28 09:45:05.663847262,100245,146,100153,246,100294,141,100126,241,100308,241,100062,241,100324,100,100032,100,100377,100,100010,100,100617,100,99982,200,100638,100,99981,200,102026,100,99980,100,,,99970,100,,,99955,100
2019-06-28 09:45:10.000000000,100308,314,100153,314,100324,314,100126,314,100377,100,100062,100,100617,100,100032,100,100638,100,100010,100,102026,100,99982,200,,,99981,200,,,99980,100,,,99970,100,,,99955,100
2019-06-28 09:45:20.000000000,100308,246,100153,246,100324,241,100126,241,100377,241,100062,241,100617,100,100032,100,100638,100,100010,100,102026,100,99982,200,,,99981,200,,,99980,100,,,99970,100,,,99955,100
2019-06-28 09:45:30.000000000,100308,314,100153,314,100324,314,100126,314,100377,100,100062,100,100617,100,100032,100,100638,100,100010,100,102026,100,99982,200,,,99981,200,,,99980,100,,,99970,100,,,99955,100
2019-06-28 09:45:34.414782073,100308,214,100153,314,100324,314,100126,314,100377,100,100062,100,100617,100,100032,100,100638,100,100010,100,102026,100,99982,200,,,99981,200,,,99980,100,,,99970,100,,,99955,100
2019-06-28 09:45:40.000000000,100324,246,100153,246,100377,241,100126,241,100617,241,100062,241,100638,100,100032,100,102026,100,100010,100,,,99982,200,,,99981,200,,,99980,100,,,99970,100,,,99955,100
2019-06-28 09:45:50.000000000,100324,246,100153,246,100377,241,100126,241,100617,241,100062,241,100638,100,100032,100,102026,100,100010,100,,,99982,200,,,99981,200,,,99980,100,,,99970,100,,,99955,100
2019-06-28 09:45:52.780353148,100324,146,100153,246,100377,241,100126,241,100617,241,100062,241,100638,100,100032,100,102026,100,100010,100,,,99982,200,,,99981,200,,,99980,100,,,99970,100,,,99955,100
2019-06-28 09:45:59.963671224,100324,146,100153,246,100377,241,100126,141,100617,241,100062,241,100638,100,100032,100,102001,100,100010,100,102026,100,99982,200,,,99981,200,,,99980,100,,,99970,100,,,99955,100
2019-06-28 09:46:00.000000000,100377,207,100153,207,100617,207,100062,207,100638,207,100032,207,102001,207,100010,207,102026,100,99982,200,,,99981,200,,,99980,100,,,99970,100,,,99955,100,,,99948,100
2019-06-28 09:46:04.954234339,100377,207,100153,207,100617,207,100062,207,100638,207,100032,207,101983,100,100010,207,102001,207,99982,200,,,99981,200,,,99980,100,,,99970,100,,,99955,100,,,99948,100
2019-06-28 09:46:10.000000000,100377,186,100153,186,100617,186,100062,186,100638,186,100032,186,101983,186,100010,186,102001,186,99982,286,,,99981,200,,,99980,100,,,99970,100,,,99955,100,,,99948,100
2019-06-28 09:46:20.000000000,100377,314,100153,314,100617,314,100062,314,100638,100,100032,100,101983,100,100010,100,102001,100,99982,200,,,99981,200,,,99980,100,,,99970,100,,,99955,100,,,99948,100
2019-06-28 09:46:26.372876868,100377,214,100153,314,100617,314,100062,314,100638,100,100032,100,101983,100,100010,100,102001,100,99982,200,,,99981,200,,,99980,100,,,99970,100,,,99955,100,,,99948,100
2019-06-28 09:46:30.000000000,100617,528,100153,528,100638,100,100062,100,101983,100,100032,100,102001,100,100010,100,,,99982,200,,,99981,200,,,99980,100,,,99970,100,,,99955,100,,,99948,100
2019-06-28 09:46:40.000000000,100617,528,100153,528,100638,100,100062,100,101983,100,100032,100,102001,100,100010,100,,,99982,200,,,99981,200,,,99980,100,,,99970,100,,,99955,100,,,99948,100
2019-06-28 09:46:50.000000000,100617,528,100153,528,100638,100,100062,100,101983,100,100032,100,102001,100,100010,100,,,99982,200,,,99981,200,,,99980,100,,,99970,100,,,99955,100,,,99948,100
2019-06-28 09:46:50.227030401,100617,528,100547,100,101983,100,100153,528,102001,100,100062,100,,,100032,100,,,100010,100,,,99982,200,,,99981,200,,,99980,100,,,99970,100,,,99955,100
2019-06-28 09:47:00.000000000,100617,186,100547,186,101983,186,100153,186,102001,186,100062,186,102002,86,100032,186,,,100010,186,,,99982,200,,,99981,200,,,99980,100,,,99970,100,,,99955,100
2019-06-28 09:47:07.228687585,100617,186,100547,186,101983,186,100263,100,102001,186,100153,186,102002,86,100062,186,,,100032,186,,,100010,186,,,99982,200,,,99981,200,,,99980,100,,,99970,100
2019-06-28 09:47:10.000000000,100617,314,100547,314,101983,314,100263,314,102001,100,100153,100,,,100062,100,,,100032,100,,,100010,100,,,99982,200,,,99981,200,,,99980,100,,,99970,100
2019-06-28 09:47:20.000000000,100617,314,100547,314,101983,314,100263,314,102001,100,100153,100,,,100062,100,,,100032,100,,,100010,100,,,99982,200,,,99981,200,,,99980,100,,,99970,100
2019-06-28 09:47:30.000000000,100617,528,100547,528,101983,100,100263,100,102001,100,100153,100,,,100062,100,,,100032,100,,,100010,100,,,99982,200,,,99981,200,,,99980,100,,,99970,100
2019-06-28 09:47:40.000000000,100617,314,100547,314,101983,314,100263,314,102001,100,100153,100,,,100062,100,,,100032,100,,,100010,100,,,99982,200,,,99981,200,,,99980,100,,,99970,100
2019-06-28 09:47:50.000000000,100617,528,100547,528,101983,100,100263,100,102001,100,100153,100,,,100062,100,,,100032,100,,,100010,100,,,99982,200,,,99981,200,,,99980,100,,,99970,100
2019-06-28 09:47:58.724237749,100617,528,100547,428,101983,100,100263,100,102001,100,100153,100,,,100062,100,,,100032,100,,,100010,100,,,99982,200,,,99981,100,,,99980,100,,,99970,100
2019-06-28 09:48:00.000000000,100617,246,100263,246,101983,241,100153,241,102001,241,100062,241,,,100032,100,,,100010,100,,,99982,200,,,99981,100,,,99980,100,,,99970,100,,,99955,100
2019-06-28 09:48:10.000000000,100617,246,100263,246,101983,241,100153,241,102001,241,100062,241,,,100032,100,,,100010,100,,,99982,200,,,99981,100,,,99980,100,,,99970,100,,,99955,100
2019-06-28 09:48:16.712833181,100547,100,100263,246,100617,246,100153,241,101983,241,100062,241,102001,241,100032,100,,,100010,100,,,99982,200,,,99981,100,,,99980,100,,,99970,100,,,99955,100
2019-06-28 09:48:20.000000000,100547,246,100263,246,100617,241,100153,241,101983,241,100062,241,102001,100,100032,100,,,100010,100,,,99982,200,,,99981,100,,,99980,100,,,99970,100,,,99955,100
2019-06-28 09:48:30.000000000,100547,207,100263,207,100617,207,100153,207,101983,207,100062,207,102001,207,100032,207,,,100010,100,,,99982,200,,,99981,100,,,99980,100,,,99970,100,,,99955,100
2019-06-28 09:48:32.770151174,100547,307,100263,207,100617,207,100153,207,101983,207,100062,207,102001,207,100032,207,,,100010,100,,,99982,200,,,99981,100,,,99980,100,,,99970,100,,,99955,100
2019-06-28 09:48:40.000000000,100547,346,100263,246,100617,241,100153,241,101983,241,100062,241,102001,100,100032,100,,,100010,100,,,99982,200,,,99981,100,,,99980,100,,,99970,100,,,99955,100
2019-06-28 09:48:45.024808306,100272,100,100263,246,100547,346,100153,241,100617,241,100062,241,101983,241,100032,100,102001,100,100010,100,,,99982,200,,,99981,100,,,99980,100,,,99970,100,,,99955,100
2019-06-28 09:48:50.000000000,100272,207,100263,207,100547,307,100153,207,100617,207,100062,207,101983,207,100032,207,102001,100,100010,100,,,99982,200,,,99981,100,,,99980,100,,,99970,100,,,99955,100
2019-06-28 09:48:51.185861543,100272,207,100263,207,100547,307,100153,307,100617,207,100062,207,101983,207,100032,207,102001,100,100010,100,,,99982,200,,,99981,100,,,99980,100,,,99970,100,,,99955,100
2019-06-28 09:48:55.518079291,100272,207,100263,207,100547,307,100201,100,100617,207,100153,307,101983,207,100062,207,102001,100,100032,207,,,100010,100,,,99982,200,,,99981,100,,,99980,100,,,99970,100
2019-06-28 09:49:00.000000000,100272,186,100263,186,100547,286,100201,186,100617,186,100153,286,101983,186,100062,186,102001,186,100032,186,,,100010,100,,,99982,200,,,99981,100,,,99980,100,,,99970,100
2019-06-28 09:49:10.000000000,100272,314,100263,314,100547,414,100201,314,100617,100,100153,200,101983,100,100062,100,102001,100,100032,100,,,100010,100,,,99982,200,,,99981,100,,,99980,100,,,99970,100
2019-06-28 09:49:20.000000000,100272,314,100263,314,100547,414,100201,314,100617,100,100153,200,101983,100,100062,100,102001,100,100032,100,,,100010,100,,,99982,200,,,99981,100,,,99980,100,,,99970,100
2019-06-28 09:49:25.926676849,100272,314,100263,314,100547,414,100201,314,100617,100,100153,200,101983,100,100062,100,102001,100,100032,100,,,100010,100,,,99982,100,,,99981,100,,,99980,100,,,99970,100
2019-06-28 09:49:30.000000000,100272,207,100263,207,100547,307,100201,207,100617,207,100153,307,101983,207,100062,207,102001,100,100032,100,,,100010,100,,,99982,100,,,99981,100,,,99980,100,,,99970,100
2019-06-28 09:49:30.566636727,100272,207,100263,107,100547,307,100201,207,100617,207,100153,307,101983,207,100062,207,102001,100,100032,100,,,100010,100,,,99982,100,,,99981,100,,,99980,100,,,99970,100
2019-06-28 09:49:40.000000000,100272,186,100201,186,100547,286,100153,286,100617,186,100062,186,101983,186,100032,186,102001,186,100010,186,,,99982,100,,,99981,100,,,99980,100,,,99970,100,,,99955,100
2019-06-28 09:49:40.602827225,100272,186,100201,186,100547,286,100153,286,100617,186,100062,186,101983,186,100032,186,102001,186,100010,186,,,99982,100,,,99981,100,,,99980,100,,,99970,100,,,99955,100
2019-06-28 09:49:50.000000000,100272,186,100201,186,100547,286,100153,286,100617,186,100062,186,101983,186,100032,186,102001,186,100010,186,,,99982,100,,,99981,100,,,99980,100,,,99970,100,,,99955,100
2019-06-28 09:50:00.000000000,100272,186,100201,186,100547,286,100153,286,100617,186,100062,186,101983,186,100032,186,102001,186,100010,186,,,99982,100,,,99981,100,,,99980,100,,,99970,100,,,99955,100
2019-06-28 09:50:10.000000000,100272,207,100201,207,100547,307,100153,307,100617,207,100062,207,101983,207,100032,207,102001,100,100010,100,,,99982,100,,,99981,100,,,99980,100,,,99970,100,,,99955,100
2019-06-28 09:50:20.000000000,100272,246,100201,246,100547,341,100153,341,100617,241,100062,241,101983,100,100032,100,102001,100,100010,100,,,99982,100,,,99981,100,,,99980,100,,,99970,100,,,99955,100
2019-06-28 09:50:22.915473487,100272,246,100201,146,100547,341,100153,341,100617,241,100062,241,102001,100,100032,100,,,100010,100,,,99982,100,,,99981,100,,,99980,100,,,99970,100,,,99955,100
2019-06-28 09:50:30.000000000,100272,186,100153,286,100547,286,100062,186,100617,186,100032,186,102001,186,100010,186,102002,86,99982,186,,,99981,100,,,99980,100,,,99970,100,,,99955,100,,,99948,100
2019-06-28 09:50:40.000000000,100272,186,100153,286,100547,286,100062,186,100617,186,100032,186,102001,186,100010,186,102002,86,99982,186,,,99981,100,,,99980,100,,,99970,100,,,99955,100,,,99948,100
2019-06-28 09:50:50.000000000,100272,186,100153,286,100547,286,100062,186,100617,186,100032,186,102001,186,100010,186,102002,86,99982,186,,,99981,100,,,99980,100,,,99970,100,,,99955,100,,,99948,100
2019-06-28 09:50:51.497399359,100263,100,100153,286,100272,186,100062,186,100547,286,100032,186,100617,186,100010,186,102001,186,99982,186,102002,86,99981,100,,,99980,100,,,99970,100,,,99955,100,,,99948,100
2019-06-28 09:50:58.997225160,100263,100,100153,286,100272,186,100062,186,100547,286,100032,186,100617,186,100010,186,102001,186,99982,186,102002,86,99981,100,,,99980,100,,,99970,100,,,99955,100,,,99948,100
2019-06-28 09:51:00.000000000,100263,186,100153,286,100272,186,100062,186,100547,286,100032,186,100617,186,100010,186,102001,186,99982,186,,,99981,100,,,99980,100,,,99970,100,,,99955,100,,,99948,100
2019-06-28 09:51:09.669511763,100263,286,100153,286,100272,186,100062,186,100547,286,100032,186,100617,186,100010,186,102001,186,99982,186,,,99981,100,,,99980,100,,,99970,100,,,99955,100,,,99948,100
2019-06-28 09:51:10.000000000,100263,346,100153,346,100272,241,100062,241,100547,341,100032,241,100617,100,100010,100,102001,100,99982,100,,,99981,100,,,99980,100,,,99970,100,,,99955,100,,,99948,100
2019-06-28 09:51:20.000000000,100263,628,100153,628,100272,100,100062,100,100547,200,100032,100,100617,100,100010,100,102001,100,99982,100,,,99981,100,,,99980,100,,,99970,100,,,99955,100,,,99948,100
2019-06-28 09:51:21.458004386,100263,628,100153,528,100272,100,100062,100,100547,200,100032,100,100617,100,99982,100,102001,100,99981,100,,,99980,100,,,99970,100,,,99955,100,,,99948,100,,,99943,100
2019-06-28 09:51:30.000000000,100263,307,100153,207,100272,207,100062,207,100547,307,100032,207,100617,207,99982,207,102001,100,99981,100,,,99980,100,,,99970,100,,,99955,100,,,99948,100,,,99943,100
2019-06-28 09:51:40.000000000,100263,346,100153,246,100272,241,100062,241,100547,341,100032,241,100617,100,99982,100,102001,100,99981,100,,,99980,100,,,99970,100,,,99955,100,,,99948,100,,,99943,100
2019-06-28 09:51:50.000000000,100263,346,100153,246,100272,241,100062,241,100547,341,100032,241,100617,100,99982,100,102001,100,99981,100,,,99980,100,,,99970,100,,,99955,100,,,99948,100,,,99943,100
2019-06-28 09:52:00.000000000,100263,346,100153,246,100272,241,100062,241,100547,341,100032,241,100617,100,99982,100,102001,100,99981,100,,,99980,100,,,99970,100,,,99955,100,,,99948,100,,,99943,100
2019-06-28 09:52:10.000000000,100263,307,100153,207,100272,207,100062,207,100547,307,100032,207,100617,207,99982,207,102001,100,99981,100,,,99980,100,,,99970,100,,,99955,100,,,99948,100,,,99943,100
2019-06-28 09:52:13.367178998,100263,307,100153,107,100272,207,100062,207,100547,307,100032,207,100617,207,99982,207,102001,100,99981,100,,,99980,100,,,99970,100,,,99955,100,,,99948,100,,,99943,100
2019-06-28 09:52:16.541723782,100263,307,100153,107,100272,207,100062,207,100547,307,100032,207,100617,207,99982,207,102001,100,99981,100,,,99980,100,,,99970,100,,,99955,100,,,99948,100,,,99943,100
2019-06-28 09:52:20.000000000,100263,307,100062,207,100272,207,100032,207,100547,307,99982,207,100617,207,99981,207,102001,100,99980,100,,,99970,100,,,99955,100,,,99948,100,,,99943,100,,,99941,100
2019-06-28 09:52:30.000000000,100263,286,100062,186,100272,186,100032,186,100547,286,99982,186,100617,186,99981,186,102001,186,99980,186,,,99970,100,,,99955,100,,,99948,100,,,99943,100,,,99941,100
2019-06-28 09:52:40.000000000,100263,414,100062,314,100272,314,100032,314,100547,200,99982,100,100617,100,99981,100,102001,100,99980,100,,,99970,100,,,99955,100,,,99948,100,,,99943,100,,,99941,100
2019-06-28 09:52:50.000000000,100263,414,100062,314,100272,314,100032,314,100547,200,99982,100,100617,100,99981,100,102001,100,99980,100,,,99970,100,,,99955,100,,,99948,100,,,99943,100,,,99941,100
2019-06-28 09:52:58.715690260,100263,414,100062,314,100272,314,100032,314,100401,100,99982,100,100547,200,99981,100,100617,100,99980,100,102001,100,99970,100,,,99955,100,,,99948,100,,,99943,100,,,99941,100
2019-06-28 09:53:00.000000000,100263,307,100062,207,100272,207,100032,207,100401,207,99982,207,100547,307,99981,207,100617,100,99980,100,102001,100,99970,100,,,99955,100,,,99948,100,,,99943,100,,,99941,100
2019-06-28 09:53:06.197548415,100203,100,100062,207,100263,307,100032,207,100272,207,99982,207,100401,207,99981,207,100547,307,99980,100,100617,100,99955,100,102001,100,99948,100,,,99943,100,,,99941,100,,,99893,100
2019-06-28 09:53:08.848156561,100203,100,100062,207,100238,100,100032,207,100263,307,99982,207,100272,207,99981,207,100401,207,99980,100,100547,307,99955,100,102001,100,99948,100,,,99943,100,,,99941,100,,,99893,100
2019-06-28 09:53:10.000000000,100203,207,100062,207,100238,207,100032,207,100263,307,99982,207,100272,207,99981,207,100401,100,99980,100,100547,200,99955,100,102001,100,99948,100,,,99943,100,,,99941,100,,,99893,100
2019-06-28 09:53:20.000000000,100203,246,100062,246,100238,241,100032,241,100263,341,99982,241,100272,100,99981,100,100401,100,99980,100,100547,200,99955,100,102001,100,99948,100,,,99943,100,,,99941,100,,,99893,100
2019-06-28 09:53:30.000000000,100203,207,100062,207,100238,207,100032,207,100263,307,99982,207,100272,207,99981,207,100401,100,99980,100,100547,200,99955,100,102001,100,99948,100,,,99943,100,,,99941,100,,,99893,100
2019-06-28 09:53:38.579904144,100203,207,100062,207,100238,207,100032,207,100263,307,99982,207,100272,207,99981,207,100401,100,99980,100,100547,200,99955,100,102001,100,99948,100,,,99943,100,,,99941,100,,,99893,100
2019-06-28 09:53:40.000000000,100203,314,100062,314,100238,314,100032,314,100263,200,99982,100,100272,100,99981,100,100401,100,99980,100,100547,200,99955,100,102001,100,99948,100,,,99943,100,,,99941,100,,,99893,100
2019-06-28 09:53:50.000000000,100203,186,100062,186,100238,186,100032,186,100263,286,99982,186,100272,186,99981,186,100401,186,99980,186,100547,200,99955,100,102001,100,99948,100,,,99943,100,,,99941,100,,,99893,100
2019-06-28 09:53:52.026500149,100203,186,100062,86,100238,186,100032,186,100263,286,99982,186,100272,186,99981,186,100401,186,99980,186,100547,200,99955,100,102001,100,99948,100,,,99943,100,,,99941,100,,,99893,100
2019-06-28 09:54:00.000000000,100203,207,100032,207,100238,207,99982,207,100263,307,99981,207,100272,207,99980,207,100401,100,99955,100,100547,200,99948,100,102001,100,99943,100,,,99941,100,,,99893,100,,,99889,100
2019-06-28 09:54:06.534818170,100203,207,100032,207,100225,100,99982,207,100238,207,99981,207,100263,307,99980,207,100272,107,99955,100,100401,100,99948,100,100547,200,99943,100,102001,100,99941,100,,,99893,100,,,99889,100
2019-06-28 09:54:10.000000000,100203,246,100032,246,100225,241,99982,241,100238,241,99981,241,100263,200,99980,100,100401,100,99955,100,100547,200,99948,100,102001,100,99943,100,,,99941,100,,,99893,100,,,99889,100
2019-06-28 09:54:20.000000000,100203,186,100032,186,100225,186,99982,186,100238,186,99981,186,100263,286,99980,186,100401,186,99955,186,100547,200,99948,100,102001,100,99943,100,,,99941,100,,,99893,100,,,99889,100
2019-06-28 09:54:30.000000000,100203,246,100032,246,100225,241,99982,241,100238,241,99981,241,100263,200,99980,100,100401,100,99955,100,100547,200,99948,100,102001,100,99943,100,,,99941,100,,,99893,100,,,99889,100
2019-06-28 09:54:40.000000000,100203,186,100032,186,100225,186,99982,186,100238,186,99981,186,100263,286,99980,186,100401,186,99955,186,100547,200,99948,100,102001,100,99943,100,,,99941,100,,,99893,100,,,99889,100
2019-06-28 09:54:50.000000000,100203,314,100032,314,100225,314,99982,314,100238,100,99981,100,100263,200,99980,100,100401,100,99955,100,100547,200,99948,100,102001,100,99943,100,,,99941,100,,,99893,100,,,99889,100
2019-06-28 09:54:52.224151968,100203,314,100032,314,100225,314,99993,100,100238,100,99982,314,100263,200,99981,100,100547,200,99980,100,102001,100,99955,100,,,99948,100,,,99943,100,,,99941,100,,,99893,100
2019-06-28 09:55:00.000000000,100203,314,100032,314,100225,314,99993,314,100238,100,99982,100,100263,200,99981,100,100547,200,99980,100,102001,100,99955,100,,,99948,100,,,99943,100,,,99941,100,,,99893,100
2019-06-28 09:55:07.470173830,100203,314,100032,114,100225,314,99993,314,100238,100,99982,100,100263,200,99981,100,100547,200,99980,100,102001,100,99955,100,,,99948,100,,,99943,100,,,99941,100,,,99893,100
2019-06-28 09:55:10.000000000,100203,207,99993,207,100225,207,99982,207,100238,207,99981,207,100263,307,99980,207,100547,200,99955,100,102001,100,99948,100,,,99943,100,,,99941,100,,,99893,100,,,99889,100
2019-06-28 09:55:15.297134826,100203,207,99993,107,100225,207,99982,207,100238,207,99981,207,100263,307,99980,207,100547,200,99955,100,,,99948,100,,,99943,100,,,99941,100,,,99893,100,,,99889,100
2019-06-28 09:55:20.000000000,100203,246,99982,246,100225,241,99981,241,100238,241,99980,241,100263,200,99955,100,100547,200,99948,100,,,99943,100,,,99941,100,,,99893,100,,,99889,100,,,99875,100
2019-06-28 09:55:25.843457695,100203,246,99982,246,100225,241,99981,241,100238,241,99980,241,100263,200,99955,100,100547,200,99948,100,,,99943,100,,,99941,100,,,99893,100,,,99889,100,,,99875,100
2019-06-28 09:55:26.292080459,100203,246,99982,146,100225,241,99981,241,100238,241,99980,241,100263,200,99955,100,100547,200,99948,100,,,99943,100,,,99941,100,,,99893,100,,,99889,100,,,99875,100
2019-06-28 09:55:28.282748301,100203,246,99982,146,100225,241,99981,241,100238,241,99980,241,100263,200,99955,100,100547,200,99948,100,,,99943,100,,,99941,100,,,99893,100,,,99889,100,,,99875,100
2019-06-28 09:55:30.000000000,100203,246,99981,246,100225,241,99980,241,100238,241,99955,241,100263,200,99948,100,100547,200,99943,100,,,99941,100,,,99893,100,,,99889,100,,,99875,100,,,99873,100
2019-06-28 09:55:40.000000000,100203,207,99981,207,100225,207,99980,207,100238,207,99955,207,100263,307,99948,207,100547,200,99943,100,,,99941,100,,,99893,100,,,99889,100,,,99875,100,,,99873,100
2019-06-28 09:55:50.000000000,100203,207,99981,207,100225,207,99980,207,100238,207,99955,207,100263,307,99948,207,100547,200,99943,100,,,99941,100,,,99893,100,,,99889,100,,,99875,100,,,99873,100
2019-06-28 09:55:50.976788223,100203,207,99999,100,100225,207,99981,207,100238,207,99980,207,100263,307,99955,207,100547,200,99948,207,,,99943,100,,,99941,100,,,99893,100,,,99889,100,,,99875,100
2019-06-28 09:56:00.000000000,100203,246,99999,246,100225,241,99981,241,100238,241,99980,241,100263,200,99955,100,100547,200,99948,100,,,99943,100,,,99941,100,,,99893,100,,,99889,100,,,99875,100
2019-06-28 09:56:10.000000000,100203,528,99999,528,100225,100,99981,100,100238,100,99980,100,100263,200,99955,100,100547,200,99948,100,,,99943,100,,,99941,100,,,99893,100,,,99889,100,,,99875,100
2019-06-28 09:56:11.868672910,100060,100,99999,528,100203,528,99981,100,100225,100,99980,100,100238,100,99955,100,100263,200,99948,100,100547,200,99943,100,,,99941,100,,,99893,100,,,99889,100,,,99875,100
2019-06-28 09:56:15.129040332,100060,100,99999,528,100203,528,99981,100,100217,100,99980,100,100225,100,99955,100,100263,200,99948,100,100547,200,99943,100,,,99941,100,,,99893,100,,,99889,100,,,99875,100
2019-06-28 09:56:20.000000000,100060,246,99999,246,100203,241,99981,241,100217,241,99980,241,100225,100,99955,100,100263,200,99948,100,100547,200,99943,100,,,99941,100,,,99893,100,,,99889,100,,,99875,100
2019-06-28 09:56:30.000000000,100060,246,99999,246,100203,241,99981,241,100217,241,99980,241,100225,100,99955,100,100263,200,99948,100,100547,200,99943,100,,,99941,100,,,99893,100,,,99889,100,,,99875,100
2019-06-28 09:56:40.000000000,100060,186,99999,186,100203,186,99981,186,100217,186,99980,186,100225,186,99955,186,100263,286,99948,186,100547,200,99943,100,,,99941,100,,,99893,100,,,99889,100,,,99875,100
2019-06-28 09:56:41.525144570,100060,186,99999,186,100203,186,99994,100,100217,186,99981,186,100225,186,99980,186,100263,286,99955,186,100547,200,99948,186,,,99943,100,,,99941,100,,,99893,100,,,99889,100
2019-06-28 09:56:50.000000000,100060,528,99999,528,100203,100,99994,100,100217,100,99981,100,100225,100,99980,100,100263,200,99955,100,100547,200,99948,100,,,99943,100,,,99941,100,,,99893,100,,,99889,100
2019-06-28 09:56:56.192575457,100060,528,99999,528,100203,100,99994,100,100225,100,99981,100,100263,200,99980,100,100547,200,99955,100,,,99948,100,,,99943,100,,,99941,100,,,99918,100,,,99893,100
2019-06-28 09:57:00.000000000,100060,528,99999,528,100203,100,99994,100,100225,100,99981,100,100263,200,99980,100,100547,200,99955,100,,,99948,100,,,99943,100,,,99941,100,,,99918,100,,,99893,100
2019-06-28 09:57:10.000000000,100060,207,99999,207,100203,207,99994,207,100225,207,99981,207,100263,307,99980,207,100547,200,99955,100,,,99948,100,,,99943,100,,,99941,100,,,99918,100,,,99893,100
2019-06-28 09:57:20.000000000,100060,186,99999,186,100203,186,99994,186,100225,186,99981,186,100263,286,99980,186,100547,286,99955,186,,,99948,100,,,99943,100,,,99941,100,,,99918,100,,,99893,100
2019-06-28 09:57:30.000000000,100060,246,99999,246,100203,241,99994,241,100225,241,99981,241,100263,200,99980,100,100547,200,99955,100,,,99948,100,,,99943,100,,,99941,100,,,99918,100,,,99893,100
2019-06-28 09:57:40.000000000,100060,207,99999,207,100203,207,99994,207,100225,207,99981,207,100263,307,99980,207,100547,200,99955,100,,,99948,100,,,99943,100,,,99941,100,,,99918,100,,,99893,100
2019-06-28 09:57:50.000000000,100060,207,99999,207,100203,207,99994,207,100225,207,99981,207,100263,307,99980,207,100547,200,99955,100,,,99948,100,,,99943,100,,,99941,100,,,99918,100,,,99893,100
2019-06-28 09:57:57.772189642,100060,207,99999,207,100203,207,99994,307,100225,207,99981,207,100263,307,99980,207,100547,200,99955,100,,,99948,100,,,99943,100,,,99941,100,,,99918,100,,,99893,100
2019-06-28 09:57:59.668854381,100060,207,99999,207,100203,207,99994,307,100225,207,99981,107,100263,307,99980,207,100547,200,99955,100,,,99948,100,,,99943,100,,,99941,100,,,99918,100,,,99893,100
2019-06-28 09:58:00.000000000,100060,528,99999,528,100203,100,99994,200,100225,100,99980,100,100263,200,99955,100,100547,200,99948,100,,,99943,100,,,99941,100,,,99918,100,,,99893,100,,,99889,100
2019-06-28 09:58:07.380739676,100060,528,99999,528,100203,100,99994,200,100225,100,99980,100,100263,200,99955,100,100417,100,99948,100,100547,200,99943,100,,,99941,100,,,99918,100,,,99893,100,,,99875,100
2019-06-28 09:58:10.000000000,100060,186,99999,186,100203,186,99994,286,100225,186,99980,186,100263,286,99955,186,100417,186,99948,186,100547,200,99943,100,,,99941,100,,,99918,100,,,99893,100,,,99875,100
2019-06-28 09:58:20.000000000,100060,186,99999,186,100203,186,99994,286,100225,186,99980,186,100263,286,99955,186,100417,186,99948,186,100547,200,99943,100,,,99941,100,,,99918,100,,,99893,100,,,99875,100
2019-06-28 09:58:21.487512912,100060,186,99999,186,100203,186,99994,286,100225,186,99980,186,100263,286,99955,186,100414,100,99948,186,100417,186,99943,100,100547,200,99941,100,,,99918,100,,,99893,100,,,99875,100
2019-06-28 09:58:22.738197642,100060,186,99999,186,100203,186,99994,286,100225,186,99980,186,100263,286,99955,186,100367,100,99948,186,100414,100,99943,100,100417,186,99941,100,100547,200,99918,100,,,99893,100,,,99875,100
2019-06-28 09:58:30.000000000,100060,186,99999,186,100203,186,99994,286,100225,186,99980,186,100263,286,99955,186,100367,186,99948,186,100414,100,99943,100,100417,100,99941,100,100547,200,99918,100,,,99893,100,,,99875,100
2019-06-28 09:58:40.000000000,100060,207,99999,207,100203,207,99994,307,100225,207,99980,207,100263,307,99955,207,100367,100,99948,100,100414,100,99943,100,100417,100,99941,100,100547,200,99918,100,,,99893,100,,,99875,100
2019-06-28 09:58:45.753156012,100060,207,99999,207,100196,100,99994,307,100203,207,99980,207,100225,207,99955,207,100263,307,99948,100,100367,100,99943,100,100414,100,99941,100,100417,100,99918,100,100547,200,99893,100,,,99875,100
2019-06-28 09:58:50.000000000,100060,207,99999,207,100196,207,99994,307,100203,207,99980,207,100225,207,99955,207,100263,200,99948,100,100367,100,99943,100,100414,100,99941,100,100417,100,99918,100,100547,200,99893,100,,,99875,100
2019-06-28 09:59:00.000000000,100060,207,99999,207,100196,207,99994,307,100203,207,99980,207,100225,207,99955,207,100263,200,99948,100,100367,100,99943,100,100414,100,99941,100,100417,100,99918,100,100547,200,99893,100,,,99875,100
2019-06-28 09:59:04.515943190,100060,107,99999,207,100196,207,99994,307,100203,207,99980,207,100225,207,99955,207,100263,200,99948,100,100367,100,99943,100,100414,100,99941,100,100417,100,99918,100,100547,200,99893,100,,,99875,100
2019-06-28 09:59:10.000000000,100196,528,99999,528,100203,100,99994,200,100225,100,99980,100,100263,200,99955,100,100367,100,99948,100,100414,100,99943,100,100417,100,99941,100,100547,200,99918,100,,,99893,100,,,99875,100
2019-06-28 09:59:20.000000000,100196,186,99999,186,100203,186,99994,286,100225,186,99980,186,100263,286,99955,186,100367,186,99948,186,100414,100,99943,100,100417,100,99941,100,100547,200,99918,100,,,99893,100,,,99875,100
2019-06-28 09:59:30.000000000,100196,314,99999,314,100203,314,99994,414,100225,100,99980,100,100263,200,99955,100,100367,100,99948,100,100414,100,99943,100,100417,100,99941,100,100547,200,99918,100,,,99893,100,,,99875,100
2019-06-28 09:59:40.000000000,100196,207,99999,207,100203,207,99994,307,100225,207,99980,207,100263,307,99955,207,100367,100,99948,100,100414,100,99943,100,100417,100,99941,100,100547,200,99918,100,,,99893,100,,,99875,100
2019-06-28 09:59:43.019180073,100196,107,99999,207,100203,207,99994,307,100225,207,99980,207,100263,307,99955,207,100367,100,99948,100,100414,100,99943,100,100417,100,99941,100,100547,200,99918,100,,,99893,100,,,99875,100
2019-06-28 09:59:49.744238580,100196,107,99999,207,100203,207,99994,307,100225,207,99980,207,100263,307,99955,207,100367,100,99948,100,100414,100,99943,100,100417,100,99941,100,100547,200,99893,100,100592,100,99875,100,,,99873,100
2019-06-28 09:59:50.000000000,100203,246,99999,246,100225,241,99994,341,100263,341,99980,241,100367,100,99955,100,100414,100,99948,100,100417,100,99943,100,100547,200,99941,100,100592,100,99893,100,,,99875,100,,,99873,100
2019-06-28 09:59:56.959223411,100203,146,99999,146,100225,241,99994,341,100263,341,99980,241,100367,100,99955,100,100414,100,99948,100,100417,100,99943,100,100547,200,99941,100,100592,100,99893,100,,,99875,100,,,99873,100
2019-06-28 10:00:00.000000000,100225,186,99994,286,100263,286,99980,186,100367,186,99955,186,100414,186,99948,186,100417,186,99943,186,100547,200,99941,100,100592,100,99893,100,,,99875,100,,,99873,100,,,99849,100
2019-06-28 10:00:10.000000000,100225,314,99994,414,100263,414,99980,314,100367,100,99955,100,100414,100,99948,100,100417,100,99943,100,100547,200,99941,100,100592,100,99893,100,,,99875,100,,,99873,100,,,99849,100
2019-06-28 10:00:12.143568026,100225,314,99994,314,100263,414,99980,314,100367,100,99955,100,100414,100,99948,100,100417,100,99943,100,100547,200,99941,100,100592,100,99893,100,,,99875,100,,,99873,100,,,99849,100
2019-06-28 10:00:16.782926332,100225,214,99994,314,100263,414,99980,314,100367,100,99955,100,100414,100,99948,100,100417,100,99943,100,100547,200,99941,100,100592,100,99893,100,,,99875,100,,,99873,100,,,99849,100
2019-06-28 10:00:18.841443994,100225,114,99994,314,100263,414,99980,314,100367,100,99955,100,100414,100,99948,100,100417,100,99943,100,100547,200,99941,100,100592,100,99893,100,,,99875,100,,,99873,100,,,99849,100
2019-06-28 10:00:20.000000000,100263,628,99994,528,100367,100,99980,100,100414,100,99955,100,100417,100,99948,100,100547,200,99943,100,100592,100,99941,100,,,99893,100,,,99875,100,,,99873,100,,,99849,100
2019-06-28 10:00:30.000000000,100263,628,99994,528,100367,100,99980,100,100414,100,99955,100,100417,100,99948,100,100547,200,99943,100,100592,100,99941,100,,,99893,100,,,99875,100,,,99873,100,,,99849,100
2019-06-28 10:00:40.000000000,100263,307,99994,207,100367,207,99980,207,100414,207,99955,207,100417,207,99948,207,100547,200,99943,100,100592,100,99941,100,,,99893,100,,,99875,100,,,99873,100,,,99849,100
2019-06-28 10:00:44.067950575,100263,307,99994,207,100367,207,99980,207,100414,207,99955,207,100417,207,99948,207,100547,200,99943,100,100592,100,99941,100,100645,100,99893,100,,,99875,100,,,99873,100,,,99849,100
2019-06-28 10:00:50.000000000,100263,346,99994,246,100367,241,99980,241,100414,241,99955,241,100417,100,99948,100,100547,200,99943,100,100592,100,99941,100,100645,100,99893,100,,,99875,100,,,99873,100,,,99849,100
2019-06-28 10:01:00.000000000,100263,414,99994,314,100367,314,99980,314,100414,100,99955,100,100417,100,99948,100,100547,200,99943,100,100592,100,99941,100,100645,100,99893,100,,,99875,100,,,99873,100,,,99849,100
2019-06-28 10:01:01.809708234,100263,414,100214,100,100367,314,99994,314,100414,100,99980,314,100417,100,99955,100,100547,200,99948,100,100592,100,99943,100,100645,100,99941,100,,,99893,100,,,99875,100,,,99873,100
2019-06-28 10:01:01.840212077,100263,414,99994,314,100367,314,99980,314,100414,100,99955,100,100417,100,99948,100,100547,200,99943,100,100592,100,99941,100,100645,100,99893,100,,,99875,100,,,99873,100,,,99849,100
2019-06-28 10:01:10.000000000,100263,307,99994,207,100367,207,99980,207,100414,207,99955,207,100417,207,99948,207,100547,200,99943,100,100592,100,99941,100,100645,100,99893,100,,,99875,100,,,99873,100,,,99849,100
2019-06-28 10:01:20.000000000,100263,346,99994,246,100367,241,99980,241,100414,241,99955,241,100417,100,99948,100,100547,200,99943,100,100592,100,99941,100,100645,100,99893,100,,,99875,100,,,99873,100,,,99849,100
2019-06-28 10:01:25.766903773,100263,346,100214,100,100367,241,99994,246,100414,241,99980,241,100417,100,99955,241,100547,200,99948,100,100592,100,99943,100,100645,100,99941,100,,,99893,100,,,99875,100,,,99873,100
2019-06-28 10:01:30.000000000,100263,628,100214,528,100367,100,99994,100,100414,100,99980,100,100417,100,99955,100,100547,200,99948,100,100592,100,99943,100,100645,100,99941,100,,,99893,100,,,99875,100,,,99873,100
2019-06-28 10:01:40.000000000,100263,286,100214,186,100367,186,99994,186,100414,186,99980,186,100417,186,99955,186,100547,286,99948,186,100592,100,99943,100,100645,100,99941,100,,,99893,100,,,99875,100,,,99873,100
2019-06-28 10:01:40.548879187,100263,286,100214,186,100367,186,99994,186,100414,186,99980,186,100417,186,99955,186,100547,286,99948,86,100563,100,99943,100,100592,100,99941,100,100645,100,99893,100,,,99875,100,,,99873,100
2019-06-28 10:01:42.499294095,100263,286,100214,186,100367,186,99994,186,100414,186,99980,186,100417,186,99955,186,100547,286,99948,86,100563,100,99943,100,100584,100,99941,100,100592,100,99893,100,100645,100,99875,100,,,99873,100
2019-06-28 10:01:47.563065199,100263,286,100214,286,100367,186,99994,186,100414,186,99980,186,100417,186,99955,186,100547,286,99948,86,100563,100,99943,100,100584,100,99893,100,100592,100,99875,100,100645,100,99873,100,,,99849,100
2019-06-28 10:01:50.000000000,100263,628,100214,628,100367,100,99994,100,100414,100,99980,100,100417,100,99955,100,100547,200,99943,100,100563,100,99893,100,100584,100,99875,100,100592,100,99873,100,100645,100,99849,100,,,99846,100
2019-06-28 10:01:54.394325643,100263,528,100214,628,100367,100,99994,100,100414,100,99980,100,100417,100,99955,100,100547,200,99943,100,100563,100,99893,100,100584,100,99875,100,100592,100,99873,100,100645,100,99849,100,,,99846,100
2019-06-28 10:02:00.000000000,100263,246,100214,346,100367,241,99994,241,100414,241,99980,241,100417,100,99955,100,100547,200,99943,100,100563,100,99893,100,100584,100,99875,100,100592,100,99873,100,100645,100,99849,100,,,99846,100
2019-06-28 10:02:00.710062755,100263,146,100214,346,100367,241,99994,241,100414,241,99980,241,100417,100,99955,100,100547,200,99943,100,100563,100,99893,100,100584,100,99875,100,100592,100,99873,100,100645,100,99849,100,,,99846,100
2019-06-28 10:02:09.850128221,100263,46,100214,346,100367,241,99994,241,100414,241,99980,241,100417,100,99955,100,100547,200,99943,100,100563,100,99893,100,100584,100,99875,100,100592,100,99873,100,100645,100,99849,100,,,99846,100
2019-06-28 10:02:10.000000000,100367,186,100214,286,100414,186,99994,186,100417,186,99980,186,100547,286,99955,186,100563,186,99943,186,100584,100,99893,100,100592,100,99875,100,100645,100,99873,100,,,99849,100,,,99846,100
2019-06-28 10:02:20.000000000,100367,314,100214,414,100414,314,99994,314,100417,100,99980,100,100547,200,99955,100,100563,100,99943,100,100584,100,99893,100,100592,100,99875,100,100645,100,99873,100,,,99849,100,,,99846,100
2019-06-28 10:02:21.824068778,100367,314,100214,414,100414,314,99994,314,100417,100,99980,100,100465,100,99955,100,100547,200,99943,100,100563,100,99893,100,100584,100,99875,100,100592,100,99873,100,100645,100,99849,100,,,99846,100
2019-06-28 10:02:30.000000000,100367,207,100214,307,100414,207,99994,207,100417,207,99980,207,100465,207,99955,207,100547,200,99943,100,100563,100,99893,100,100584,100,99875,100,100592,100,99873,100,100645,100,99849,100,,,99846,100
2019-06-28 10:02:40.000000000,100367,207,100214,307,100414,207,99994,207,100417,207,99980,207,100465,207,99955,207,100547,200,99943,100,100563,100,99893,100,100584,100,99875,100,100592,100,99873,100,100645,100,99849,100,,,99846,100
2019-06-28 10:02:44.974775864,100367,107,100214,307,100414,207,99994,207,100417,207,99980,207,100465,207,99955,207,100547,200,99943,100,100563,100,99893,100,100584,100,99875,100,100592,100,99873,100,100645,100,99849,100,,,99846,100
2019-06-28 10:02:50.000000000,100414,314,100214,414,100417,314,99994,314,100465,100,99980,100,100547,200,99955,100,100563,100,99943,100,100584,100,99893,100,100592,100,99875,100,100645,100,99873,100,,,99849,100,,,99846,100
2019-06-28 10:02:56.942306103,100414,214,100214,414,100417,314,99994,314,100465,100,99980,100,100547,200,99955,100,100563,100,99943,100,100584,100,99893,100,100592,100,99875,100,100645,100,99873,100,,,99849,100,,,99846,100
2019-06-28 10:03:00.000000000,100417,186,100214,286,100465,186,99994,186,100547,286,99980,186,100563,186,99955,186,100584,186,99943,186,100592,100,99893,100,100645,100,99875,100,,,99873,100,,,99849,100,,,99846,100
2019-06-28 10:03:08.948843184,100417,186,100214,286,100465,186,99994,186,100547,286,99980,186,100563,186,99955,186,100584,186,99943,186,100592,100,99893,100,100645,100,99875,100,101043,100,99873,100,,,99849,100,,,99846,100
2019-06-28 10:03:10.000000000,100417,186,100214,286,100465,186,99994,186,100547,286,99980,186,100563,186,99955,186,100584,186,99943,186,100592,100,99893,100,100645,100,99875,100,101043,100,99873,100,,,99849,100,,,99846,100
2019-06-28 10:03:10.461946819,100417,86,100214,286,100465,186,99994,186,100547,286,99980,186,100563,186,99955,186,100584,186,99943,186,100592,100,99893,100,100645,100,99875,100,101043,100,99849,100,,,99846,100,,,99334,100
2019-06-28 10:03:20.000000000,100465,528,100214,628,100547,200,99994,100,100563,100,99980,100,100584,100,99955,100,100592,100,99943,100,100645,100,99893,100,101043,100,99875,100,,,99849,100,,,99846,100,,,99334,100
2019-06-28 10:03:30.000000000,100465,186,100214,286,100547,286,99994,186,100563,186,99980,186,100584,186,99955,186,100592,186,99943,186,100645,100,99893,100,101043,100,99875,100,,,99849,100,,,99846,100,,,99334,100
2019-06-28 10:03:37.376306893,100465,86,100214,286,100547,286,99994,186,100563,186,99980,186,100584,186,99955,186,100592,186,99943,186,100645,100,99893,100,101043,100,99875,100,,,99849,100,,,99846,100,,,99334,100
2019-06-28 10:03:40.000000000,100547,628,100214,628,100563,100,99994,100,100584,100,99980,100,100592,100,99955,100,100645,100,99943,100,101043,100,99893,100,,,99875,100,,,99849,100,,,99846,100,,,99334,100
2019-06-28 10:03:50.000000000,100547,286,100214,286,100563,186,99994,186,100584,186,99980,186,100592,186,99955,186,100645,186,99943,186,101043,100,99893,100,,,99875,100,,,99849,100,,,99846,100,,,99334,100
2019-06-28 10:04:00.000000000,100547,307,100214,307,100563,207,99994,207,100584,207,99980,207,100592,207,99955,207,100645,100,99943,100,101043,100,99893,100,,,99875,100,,,99849,100,,,99846,100,,,99334,100
2019-06-28 10:04:10.000000000,100547,346,100214,346,100563,241,99994,241,100584,241,99980,241,100592,100,99955,100,100645,100,99943,100,101043,100,99893,100,,,99875,100,,,99849,100,,,99846,100,,,99334,100
2019-06-28 10:04:20.000000000,100547,286,100214,286,100563,186,99994,186,100584,186,99980,186,100592,186,99955,186,100645,186,99943,186,101043,100,99893,100,,,99875,100,,,99849,100,,,99846,100,,,99334,100
2019-06-28 10:04:20.083528564,100547,186,100214,286,100563,186,99994,186,100584,186,99980,186,100592,186,99955,186,100645,186,99943,186,101043,100,99893,100,,,99875,100,,,99849,100,,,99846,100,,,99334,100
2019-06-28 10:04:30.000000000,100547,314,100214,414,100563,314,99994,314,100584,100,99980,100,100592,100,99955,100,100645,100,99943,100,101043,100,99893,100,,,99875,100,,,99849,100,,,99846,100,,,99334,100
2019-06-28 10:04:40.000000000,100547,246,100214,346,100563,241,99994,241,100584,241,99980,241,100592,100,99955,100,100645,100,99943,100,101043,100,99893,100,,,99875,100,,,99849,100,,,99846,100,,,99334,100
2019-06-28 10:04:40.503028623,100547,146,100214,346,100563,241,99994,241,100584,241,99980,241,100592,100,99955,100,100645,100,99943,100,101043,100,99893,100,,,99849,100,,,99846,100,,,99334,100,,,,
2019-06-28 10:04:41.038878360,100547,146,100214,346,100563,241,99994,241,100584,241,99980,241,100592,100,99955,100,100645,100,99943,100,101043,100,99893,100,101499,100,99849,100,,,99846,100,,,,,,,,
2019-06-28 10:04:45.852926181,100547,46,100214,346,100563,241,99994,241,100584,241,99980,241,100592,100,99955,100,100645,100,99943,100,101043,100,99893,100,101499,100,99849,100,,,99846,100,,,,,,,,
2019-06-28 10:04:50.000000000,100563,314,100214,414,100584,314,99994,314,100592,100,99980,100,100645,100,99955,100,101043,100,99943,100,101499,100,99893,100,,,99849,100,,,99846,100,,,,,,,,
2019-06-28 10:04:57.821128679,100563,314,100214,414,100584,314,99994,314,100592,100,99980,100,100645,100,99955,100,101043,100,99943,100,101333,100,99893,100,101499,100,99849,100,,,99846,100,,,,,,,,
2019-06-28 10:05:00.000000000,100563,246,100214,346,100584,241,99994,241,100592,241,99980,241,100645,100,99955,100,101043,100,99943,100,101333,100,99893,100,101499,100,99849,100,,,99846,100,,,,,,,,
2019-06-28 10:05:02.742442147,100563,246,100214,346,100584,241,99994,241,100592,241,99980,241,100645,100,99955,100,101043,100,99943,100,101243,100,99893,100,101333,100,99849,100,101499,100,99846,100,,,,,,,,
2019-06-28 10:05:10.000000000,100563,246,100214,346,100584,241,99994,241,100592,241,99980,241,100645,100,99955,100,101043,100,99943,100,101243,100,99893,100,101333,100,99849,100,101499,100,99846,100,,,,,,,,
2019-06-28 10:05:20.000000000,100563,207,100214,307,100584,207,99994,207,100592,207,99980,207,100645,207,99955,207,101043,100,99943,100,101243,100,99893,100,101333,100,99849,100,101499,100,99846,100,,,,,,,,
2019-06-28 10:05:30.000000000,100563,314,100214,414,100584,314,99994,314,100592,100,99980,100,100645,100,99955,100,101043,100,99943,100,101243,100,99893,100,101333,100,99849,100,101499,100,99846,100,,,,,,,,
2019-06-28 10:05:39.839567750,100563,314,100214,414,100584,314,99994,314,100592,100,99980,100,100645,100,99955,100,101043,100,99943,100,101243,100,99893,100,101333,100,99849,100,101435,100,99846,100,101499,100,,,,,,
2019-06-28 10:05:40.000000000,100563,207,100214,307,100584,207,99994,207,100592,207,99980,207,100645,207,99955,207,101043,100,99943,100,101243,100,99893,100,101333,100,99849,100,101435,100,99846,100,101499,100,,,,,,
2019-06-28 10:05:47.137816307,100563,207,100214,307,100584,207,99994,207,100592,207,99980,207,100645,207,99955,207,101043,100,99943,100,101243,100,99893,100,101292,100,99849,100,101333,100,99846,100,101435,100,,,101499,100,,
2019-06-28 10:05:50.000000000,100563,528,100214,628,100584,100,99994,100,100592,100,99980,100,100645,100,99955,100,101043,100,99943,100,101243,100,99893,100,101292,100,99849,100,101333,100,99846,100,101435,100,,,101499,100,,
2019-06-28 10:06:00.000000000,100563,314,100214,414,100584,314,99994,314,100592,100,99980,100,100645,100,99955,100,101043,100,99943,100,101243,100,99893,100,101292,100,99849,100,101333,100,99846,100,101435,100,,,101499,100,,
2019-06-28 10:06:04.577794263,100563,214,100214,414,100584,314,99994,314,100592,100,99980,100,100645,100,99955,100,101043,100,99943,100,101243,100,99893,100,101292,100,99849,100,101333,100,99846,100,101435,100,,,101499,100,,
2019-06-28 10:06:10.000000000,100584,186,100214,286,100592,186,99994,186,100645,186,99980,186,101043,186,99955,186,101243,186,99943,186,101292,100,99893,100,101333,100,99849,100,101435,100,99846,100,101499,100,,,,,,
2019-06-28 10:06:20.000000000,100584,246,100214,346,100592,241,99994,241,100645,241,99980,241,101043,100,99955,100,101243,100,99943,100,101292,100,99893,100,101333,100,99849,100,101435,100,99846,100,101499,100,,,,,,
2019-06-28 10:06:21.244382305,100584,146,100214,346,100592,241,99994,241,100645,241,99980,241,101043,100,99955,100,101243,100,99943,100,101292,100,99893,100,101333,100,99849,100,101435,100,99846,100,101499,100,,,,,,
2019-06-28 10:06:30.000000000,100592,528,100214,628,100645,100,99994,100,101043,100,99980,100,101243,100,99955,100,101292,100,99943,100,101333,100,99893,100,101435,100,99849,100,101499,100,99846,100,,,,,,,,
2019-06-28 10:06:40.000000000,100592,186,100214,286,100645,186,99994,186,101043,186,99980,186,101243,186,99955,186,101292,186,99943,186,101333,100,99893,100,101435,100,99849,100,101499,100,99846,100,,,,,,,,
2019-06-28 10:06:43.865287738,100645,186,100592,14,101043,186,100214,286,101243,186,99994,186,101292,186,99980,186,101333,100,99955,186,101435,100,99943,186,101499,100,99893,100,,,99849,100,,,99846,100,,,,
2019-06-28 10:06:50.000000000,100645,246,100592,160,101043,241,100214,341,101243,241,99994,241,101292,100,99980,100,101333,100,99955,100,101435,100,99943,100,101499,100,99893,100,,,99849,100,,,99846,100,,,,
2019-06-28 10:06:50.009992272,100645,246,100592,160,101043,241,100214,341,101243,241,99994,241,101292,100,99980,100,101333,100,99955,100,101435,100,99943,100,101499,100,99893,100,101543,100,99849,100,,,99846,100,,,,
2019-06-28 10:07:00.000000000,100645,207,100592,121,101043,207,100214,307,101243,207,99994,207,101292,207,99980,207,101333,100,99955,100,101435,100,99943,100,101499,100,99893,100,101543,100,99849,100,,,99846,100,,,,
2019-06-28 10:07:10.000000000,100645,246,100592,160,101043,241,100214,341,101243,241,99994,241,101292,100,99980,100,101333,100,99955,100,101435,100,99943,100,101499,100,99893,100,101543,100,99849,100,,,99846,100,,,,
2019-06-28 10:07:15.289847253,100645,146,100592,160,101043,241,100214,341,101243,241,99994,241,101292,100,99980,100,101333,100,99955,100,101435,100,99943,100,101499,100,99893,100,101543,100,99849,100,,,99846,100,,,,
2019-06-28 10:07:20.000000000,101043,207,100592,121,101243,207,100214,307,101292,207,99994,207,101333,207,99980,207,101435,100,99955,100,101499,100,99943,100,101543,100,99893,100,,,99849,100,,,99846,100,,,,
2019-06-28 10:07:27.156979741,101043,207,100592,21,101243,207,100214,307,101292,207,99994,207,101333,207,99980,107,101435,100,99955,100,101499,100,99943,100,101543,100,99893,100,,,99849,100,,,99846,100,,,,
2019-06-28 10:07:30.000000000,101043,207,100214,307,101243,207,99994,207,101292,207,99955,207,101333,207,99943,207,101435,100,99893,100,101499,100,99849,100,101543,100,99846,100,,,,,,,,,,,,
2019-06-28 10:07:40.000000000,101043,246,100214,346,101243,241,99994,241,101292,241,99955,241,101333,100,99943,100,101435,100,99893,100,101499,100,99849,100,101543,100,99846,100,,,,,,,,,,,,
2019-06-28 10:07:50.000000000,101043,186,100214,286,101243,186,99994,186,101292,186,99955,186,101333,186,99943,186,101435,186,99893,186,101499,100,99849,100,101543,100,99846,100,,,,,,,,,,,,
2019-06-28 10:08:00.000000000,101043,186,100214,286,101243,186,99994,186,101292,186,99955,186,101333,186,99943,186,101435,186,99893,186,101499,100,99849,100,101543,100,99846,100,,,,,,,,,,,,
2019-06-28 10:08:10.000000000,101043,207,100214,307,101243,207,99994,207,101292,207,99955,207,101333,207,99943,207,101435,100,99893,100,101499,100,99849,100,101543,100,99846,100,,,,,,,,,,,,
2019-06-28 10:08:14.201349631,101043,207,100426,100,101243,207,100214,307,101292,207,99994,207,101333,207,99955,207,101435,100,99943,207,101499,100,99893,100,101543,100,99849,100,,,99846,100,,,,,,,,
2019-06-28 10:08:20.000000000,101043,207,100426,207,101243,207,100214,307,101292,207,99994,207,101333,207,99955,207,101435,100,99943,100,101499,100,99893,100,101543,100,99849,100,,,99846,100,,,,,,,,
2019-06-28 10:08:30.000000000,101043,186,100426,186,101243,186,100214,286,101292,186,99994,186,101333,186,99955,186,101435,186,99943,186,101499,100,99893,100,101543,100,99849,100,,,99846,100,,,,,,,,
2019-06-28 10:08:40.000000000,101043,528,100426,528,101243,100,100214,200,101292,100,99994,100,101333,100,99955,100,101435,100,99943,100,101499,100,99893,100,101543,100,99849,100,,,99846,100,,,,,,,,
2019-06-28 10:08:45.625137797,101043,528,100426,428,101243,100,100214,200,101292,100,99994,100,101333,100,99955,100,101435,100,99943,100,101499,100,99893,100,101543,100,99849,100,,,99846,100,,,,,,,,
2019-06-28 10:08:50.000000000,101043,528,100214,628,101243,100,99994,100,101292,100,99955,100,101333,100,99943,100,101435,100,99893,100,101499,100,99849,100,101543,100,99846,100,,,,,,,,,,,,
2019-06-28 10:08:52.934369579,101043,528,100290,100,101243,100,100214,628,101292,100,99994,100,101333,100,99955,100,101435,100,99943,100,101499,100,99893,100,101543,100,99849,100,,,99846,100,,,,,,,,
2019-06-28 10:08:58.967313220,100592,100,100290,100,101043,528,100214,628,101243,100,99994,100,101292,100,99955,100,101333,100,99943,100,101435,100,99893,100,101499,100,99849,100,101543,100,99846,100,,,,,,,,
2019-06-28 10:09:00.000000000,100592,246,100290,246,101043,241,100214,341,101243,241,99994,241,101292,100,99955,100,101333,100,99943,100,101435,100,99893,100,101499,100,99849,100,101543,100,99846,100,,,,,,,,
2019-06-28 10:09:02.500690387,100592,246,100290,46,101043,241,100214,341,101243,241,99994,241,101292,100,99955,100,101333,100,99943,100,101435,100,99893,100,101499,100,99849,100,101543,100,99846,100,,,,,,,,
2019-06-28 10:09:10.000000000,100592,186,100214,286,101043,186,99994,186,101243,186,99955,186,101292,186,99943,186,101333,186,99893,186,101435,100,99849,100,101499,100,99846,100,101543,100,,,,,,,,,,
2019-06-28 10:09:11.565973961,100592,186,100214,186,101043,186,99994,186,101243,186,99955,186,101292,186,99943,186,101333,186,99893,186,101435,100,99849,100,101499,100,99846,100,101543,100,,,,,,,,,,
2019-06-28 10:09:20.000000000,100592,186,100214,186,101043,186,99994,186,101243,186,99955,186,101292,186,99943,186,101333,186,99893,186,101435,100,99849,100,101499,100,99846,100,101543,100,,,,,,,,,,
2019-06-28 10:09:30.000000000,100592,246,100214,246,101043,241,99994,241,101243,241,99955,241,101292,100,99943,100,101333,100,99893,100,101435,100,99849,100,101499,100,99846,100,101543,100,,,,,,,,,,
2019-06-28 10:09:40.000000000,100592,186,100214,186,101043,186,99994,186,101243,186,99955,186,101292,186,99943,186,101333,186,99893,186,101435,100,99849,100,101499,100,99846,100,101543,100,,,,,,,,,,
2019-06-28 10:09:42.815914856,100239,100,100214,186,100592,186,99994,186,101043,186,99955,186,101243,186,99943,186,101292,186,99893,186,101333,186,99849,100,101435,100,99846,100,101499,100,,,101543,100,,,,,,
2019-06-28 10:09:44.052680510,100239,100,100215,100,100592,186,100214,186,101043,186,99994,186,101243,186,99955,186,101292,186,99943,186,101333,186,99893,186,101435,100,99849,100,101499,100,99846,100,101543,100,,,,,,
2019-06-28 10:09:50.000000000,100239,207,100215,207,100592,207,100214,207,101043,207,99994,207,101243,207,99955,207,101292,100,99943,100,101333,100,99893,100,101435,100,99849,100,101499,100,99846,100,101543,100,,,,,,
2019-06-28 10:09:59.929203864,100239,207,100215,207,100290,100,100214,207,100592,207,99994,207,101043,207,99955,207,101243,207,99943,100,101292,100,99893,100,101333,100,99849,100,101435,100,99846,100,101499,100,,,101543,100,,
2019-06-28 10:10:00.000000000,100239,186,100215,186,100290,186,100214,186,100592,186,99994,186,101043,186,99955,186,101243,186,99943,186,101292,100,99893,100,101333,100,99849,100,101435,100,99846,100,101499,100,,,101543,100,,
2019-06-28 10:10:00.254414666,100239,186,100215,286,100290,186,100214,186,100592,186,99994,186,101043,186,99955,186,101243,186,99943,186,101292,100,99893,100,101333,100,99849,100,101435,100,99846,100,101499,100,,,101543,100,,
2019-06-28 10:10:10.000000000,100239,246,100215,346,100290,241,100214,241,100592,241,99994,241,101043,100,99955,100,101243,100,99943,100,101292,100,99893,100,101333,100,99849,100,101435,100,99846,100,101499,100,,,101543,100,,
2019-06-28 10:10:20.000000000,100239,186,100215,286,100290,186,100214,186,100592,186,99994,186,101043,186,99955,186,101243,186,99943,186,101292,100,99893,100,101333,100,99849,100,101435,100,99846,100,101499,100,,,101543,100,,
2019-06-28 10:10:30.000000000,100239,186,100215,286,100290,186,100214,186,100592,186,99994,186,101043,186,99955,186,101243,186,99943,186,101292,100,99893,100,101333,100,99849,100,101435,100,99846,100,101499,100,,,101543,100,,
2019-06-28 10:10:40.000000000,100239,314,100215,414,100290,314,100214,314,100592,100,99994,100,101043,100,99955,100,101243,100,99943,100,101292,100,99893,100,101333,100,99849,100,101435,100,99846,100,101499,100,,,101543,100,,
2019-06-28 10:10:41.606113271,100239,214,100215,414,100290,314,100214,314,100592,100,99994,100,101043,100,99955,100,101243,100,99943,100,101292,100,99893,100,101333,100,99849,100,101435,100,99846,100,101499,100,,,101543,100,,
2019-06-28 10:10:48.669854782,100239,114,100215,414,100290,314,100214,314,100592,100,99994,100,101043,100,99955,100,101243,100,99943,100,101292,100,99893,100,101333,100,99849,100,101435,100,99846,100,101499,100,,,101543,100,,
2019-06-28 10:10:50.000000000,100290,207,100215,307,100592,207,100214,207,101043,207,99994,207,101243,207,99955,207,101292,100,99943,100,101333,100,99893,100,101435,100,99849,100,101499,100,99846,100,101543,100,,,,,,
2019-06-28 10:10:58.313262130,100290,107,100215,307,100592,207,100214,207,101043,207,99994,207,101243,207,99955,207,101292,100,99943,100,101333,100,99893,100,101435,100,99849,100,101499,100,99846,100,101543,100,,,,,,
2019-06-28 10:11:00.000000000,100592,186,100215,286,101043,186,100214,186,101243,186,99994,186,101292,186,99955,186,101333,186,99943,186,101435,100,99893,100,101499,100,99849,100,101543,100,99846,100,,,,,,,,
2019-06-28 10:11:10.000000000,100592,186,100215,286,101043,186,100214,186,101243,186,99994,186,101292,186,99955,186,101333,186,99943,186,101435,100,99893,100,101499,100,99849,100,101543,100,99846,100,,,,,,,,
2019-06-28 10:11:10.544898610,100592,186,100239,100,101043,186,100215,286,101243,186,100214,186,101292,186,99994,186,101333,186,99955,186,101435,100,99943,186,101499,100,99893,100,101543,100,99849,100,,,99846,100,,,,
2019-06-28 10:11:12.828887072,100592,86,100239,100,101043,186,100215,286,101243,186,100214,186,101292,186,99994,186,101333,86,99955,186,101435,100,99943,186,101499,100,99893,100,101543,100,99849,100,,,99846,100,,,,
2019-06-28 10:11:20.000000000,101043,186,100239,186,101243,186,100215,286,101292,186,100214,186,101435,186,99994,186,101499,186,99955,186,101543,100,99943,100,,,99893,100,,,99849,100,,,99846,100,,,,
2019-06-28 10:11:22.184066532,100676,100,100239,186,101043,186,100215,286,101243,186,100214,186,101292,186,99994,186,101435,186,99955,186,101499,186,99943,100,101543,100,99893,100,,,99849,100,,,99846,100,,,,
2019-06-28 10:11:29.750331463,100676,100,100290,100,101043,186,100239,186,101243,186,100215,286,101292,186,100214,186,101435,186,99994,186,101499,186,99955,186,101543,100,99943,100,,,99893,100,,,99849,100,,,99846,100
2019-06-28 10:11:30.000000000,100676,186,100290,186,101043,186,100239,186,101243,186,100215,286,101292,186,100214,186,101435,186,99994,186,101499,100,99955,100,101543,100,99943,100,,,99893,100,,,99849,100,,,99846,100
2019-06-28 10:11:31.355082978,100676,186,100290,186,100686,100,100239,186,101043,186,100215,286,101243,186,100214,186,101292,186,99994,186,101435,186,99955,100,101499,100,99943,100,101543,100,99893,100,,,99849,100,,,99846,100
2019-06-28 10:11:36.635959431,100676,186,100597,100,100686,100,100290,186,101043,186,100239,186,101243,186,100215,286,101292,186,100214,186,101435,186,99994,186,101499,100,99955,100,101543,100,99943,100,,,99893,100,,,99849,100
2019-06-28 10:11:40.000000000,100676,246,100597,246,100686,241,100290,241,101043,241,100239,241,101243,100,100215,200,101292,100,100214,100,101435,100,99994,100,101499,100,99955,100,101543,100,99943,100,,,99893,100,,,99849,100
2019-06-28 10:11:45.577786276,100676,146,100597,246,100686,241,100290,241,101043,241,100239,241,101243,100,100215,200,101292,100,100214,100,101435,100,99994,100,101499,100,99955,100,101543,100,99943,100,,,99893,100,,,99849,100
2019-06-28 10:11:46.109804473,100676,146,100597,246,100686,241,100362,100,101043,241,100290,241,101243,100,100239,241,101292,100,100215,200,101435,100,100214,100,101543,100,99994,100,,,99955,100,,,99943,100,,,99893,100
2019-06-28 10:11:50.000000000,100686,314,100597,314,101043,314,100362,314,101243,100,100290,100,101292,100,100239,100,101435,100,100215,200,101543,100,100214,100,,,99994,100,,,99955,100,,,99943,100,,,99893,100
