,ask_price_1,ask_size_1,bid_price_1,bid_size_1,ask_price_2,ask_size_2,bid_price_2,bid_size_2,ask_price_3,ask_size_3,bid_price_3,bid_size_3,ask_price_4,ask_size_4,bid_price_4,bid_size_4,ask_price_5,ask_size_5,bid_price_5,bid_size_5,ask_price_6,ask_size_6,bid_price_6,bid_size_6,ask_price_7,ask_size_7,bid_price_7,bid_size_7,ask_price_8,ask_size_8,bid_price_8,bid_size_8,ask_price_9,ask_size_9,bid_price_9,bid_size_9,ask_price_10,ask_size_10,bid_price_10,bid_size_10
2019-06-28 09:30:00.000000000,100180,100,,,,,,,,,,,,,,,,,,,,,,,,,,,,,,,,,,,,,,
2019-06-28 09:30:00.000000002,99964,100,,,100180,100,,,,,,,,,,,,,,,,,,,,,,,,,,,,,,,,,,
2019-06-28 09:30:00.000000003,100180,100,,,,,,,,,,,,,,,,,,,,,,,,,,,,,,,,,,,,,,
2019-06-28 09:30:00.000000006,100180,100,99920,100,,,,,,,,,,,,,,,,,,,,,,,,,,,,,,,,,,,,
2019-06-28 09:30:00.000000008,100127,100,99920,100,100180,100,,,,,,,,,,,,,,,,,,,,,,,,,,,,,,,,,,
2019-06-28 09:30:00.000000009,100025,100,99920,100,100127,100,,,100180,100,,,,,,,,,,,,,,,,,,,,,,,,,,,,,,
2019-06-28 09:30:00.000000010,100014,100,99920,100,100025,100,,,100127,100,,,100180,100,,,,,,,,,,,,,,,,,,,,,,,,,,
2019-06-28 09:30:00.000000011,100014,100,99920,100,100025,100,,,100107,100,,,100127,100,,,100180,100,,,,,,,,,,,,,,,,,,,,,,
2019-06-28 09:30:00.000000012,100014,100,99920,100,100025,100,,,100107,100,,,100127,100,,,100180,100,,,100190,100,,,,,,,,,,,,,,,,,,
2019-06-28 09:30:00.000000013,99983,100,99968,100,100014,100,99920,100,100025,100,,,100107,100,,,100127,100,,,100180,100,,,100190,100,,,,,,,,,,,,,,
2019-06-28 09:30:00.000000014,99983,100,99968,100,100014,100,99950,100,100025,100,99920,100,100107,100,,,100127,100,,,100180,100,,,100190,100,,,,,,,,,,,,,,
2019-06-28 09:30:00.000000015,99983,100,99968,100,100014,100,99950,100,100025,100,99920,100,100091,100,,,100107,100,,,100127,100,,,100180,100,,,100190,100,,,,,,,,,,
2019-06-28 09:30:00.000000016,99983,100,99968,100,100014,100,99950,100,100025,100,99920,100,100055,100,,,100091,100,,,100107,100,,,100127,100,,,100180,100,,,100190,100,,,,,,
2019-06-28 09:30:00.000000017,99983,100,99968,100,99987,100,99950,100,100014,100,99920,100,100025,100,99821,100,100055,100,,,100091,100,,,100107,100,,,100127,100,,,100180,100,,,100190,100,,
2019-06-28 09:30:00.000000018,99987,100,99968,100,100014,100,99950,100,100025,100,99920,100,100055,100,99821,100,100091,100,,,100107,100,,,100127,100,,,100180,100,,,100190,100,,,,,,
2019-06-28 09:30:00.000000019,99987,100,99968,100,100014,100,99962,100,100025,100,99950,100,100055,100,99920,100,100091,100,99903,100,100107,100,99821,100,100127,100,,,100138,100,,,100180,100,,,100190,100,,
2019-06-28 09:30:00.000000020,99987,100,99968,100,100014,100,99962,100,100025,100,99950,100,100055,100,99920,100,100081,100,99903,100,100091,100,99821,100,100107,100,,,100127,100,,,100138,100,,,100180,100,,
2019-06-28 09:30:00.000000021,99987,100,99968,100,100014,100,99962,100,100025,100,99950,100,100055,100,99920,100,100081,100,99903,100,100091,100,99843,100,100107,100,99821,100,100127,100,,,100138,100,,,100180,100,,
2019-06-28 09:30:00.000000023,99983,100,99968,100,99987,100,99962,100,100014,100,99950,100,100025,100,99920,100,100055,100,99903,100,100081,100,99843,100,100091,100,99821,100,100107,100,,,100127,100,,,100138,100,,
2019-06-28 09:30:00.000000027,99983,100,99968,100,99987,100,99962,100,100014,100,99950,100,100025,100,99932,100,100040,100,99920,100,100055,100,99903,100,100081,100,99843,100,100091,100,99821,100,100107,100,,,100127,100,,
2019-06-28 09:30:00.000000028,99983,100,99968,100,99987,100,99962,100,100014,100,99950,100,100025,100,99932,100,100040,100,99920,100,100055,100,99903,100,100081,100,99843,100,100085,100,99821,100,100091,100,,,100095,100,,
2019-06-28 09:30:00.000000030,99981,100,99968,100,99983,100,99962,100,99987,100,99950,100,100014,100,99932,100,100025,100,99920,100,100040,100,99903,100,100055,100,99848,100,100081,100,99843,100,100085,100,99821,100,100091,100,,
2019-06-28 09:30:00.000000031,99981,100,99968,100,99983,100,99962,100,99987,100,99950,100,100014,100,99940,100,100025,100,99932,100,100040,100,99920,100,100055,100,99903,100,100081,100,99848,100,100085,100,99843,100,100091,100,99821,100
2019-06-28 09:30:00.000000032,99981,100,99968,100,99983,100,99962,100,99987,100,99950,100,100014,100,99940,100,100025,100,99933,100,100040,100,99932,100,100055,100,99920,100,100081,100,99903,100,100085,100,99848,100,100091,100,99843,100
2019-06-28 09:30:00.000000033,99981,100,99969,100,99983,100,99968,100,99987,100,99964,100,100014,100,99962,100,100025,200,99950,100,100040,100,99940,100,100055,100,99933,100,100081,100,99932,100,100085,100,99920,100,100091,100,99903,100
2019-06-28 09:30:00.000000035,99983,100,99969,100,99987,100,99968,100,100014,100,99964,100,100025,200,99962,100,100040,100,99950,100,100055,100,99940,100,100081,100,99933,100,100085,100,99932,100,100091,100,99920,100,100095,100,99903,100
2019-06-28 09:30:00.000000038,99983,100,99969,100,99987,100,99968,100,99991,100,99964,100,100014,100,99962,100,100025,200,99950,100,100040,100,99940,100,100055,100,99933,100,100081,100,99932,100,100085,100,99920,100,100091,100,99903,100
2019-06-28 09:30:00.000000041,99987,100,99969,100,99991,100,99968,100,100014,100,99964,100,100025,200,99962,100,100040,100,99950,100,100055,100,99940,100,100081,100,99933,100,100085,100,99932,100,100091,100,99920,100,100095,100,99903,100
2019-06-28 09:30:00.000000042,99987,100,99969,100,99991,100,99968,100,100014,100,99964,100,100025,200,99962,100,100040,100,99950,100,100055,100,99940,100,100080,100,99933,100,100081,100,99932,100,100085,100,99920,100,100091,100,99903,100
2019-06-28 09:30:00.000000043,99987,100,99969,100,99991,100,99968,100,100014,100,99964,100,100025,200,99962,100,100040,100,99950,100,100055,100,99940,100,100061,100,99933,100,100080,100,99932,100,100081,100,99920,100,100085,100,99903,100
2019-06-28 09:30:00.000000049,99987,100,99969,100,99991,100,99968,100,100014,100,99964,100,100025,200,99962,100,100040,100,99950,100,100055,100,99940,100,100061,100,99933,100,100080,100,99932,100,100081,100,99920,100,100085,100,99903,100
2019-06-28 09:30:00.000000050,99987,100,99969,100,99991,100,99968,100,100014,100,99964,100,100025,200,99962,100,100040,100,99950,100,100055,100,99941,100,100061,100,99940,100,100080,100,99933,100,100081,100,99932,100,100085,100,99920,100
2019-06-28 09:30:00.000000051,99987,100,99981,100,99991,100,99969,100,100014,100,99968,100,100025,200,99964,100,100040,100,99962,100,100055,100,99950,100,100061,100,99941,100,100080,100,99940,100,100081,100,99933,100,100085,100,99932,100
2019-06-28 09:30:00.000000054,99991,100,99981,100,100014,100,99969,100,100025,200,99968,100,100040,100,99964,100,100055,100,99962,100,100061,100,99950,100,100080,100,99941,100,100081,100,99940,100,100085,100,99933,100,100091,100,99932,100
2019-06-28 09:30:00.000000055,99991,100,99981,100,100014,100,99969,100,100025,200,99968,100,100040,100,99964,100,100055,100,99962,100,100061,100,99950,100,100080,100,99941,100,100081,100,99940,100,100085,100,99933,100,100091,100,99932,100
2019-06-28 09:30:00.000000056,99987,100,99983,100,99991,100,99981,100,100014,100,99969,100,100025,200,99968,100,100040,100,99964,100,100055,100,99962,100,100061,100,99950,100,100080,100,99941,100,100081,100,99940,100,100085,100,99933,100
2019-06-28 09:30:00.000000059,99987,100,99983,100,99991,100,99981,100,100014,100,99969,100,100025,200,99968,200,100040,100,99964,100,100055,100,99962,100,100061,100,99950,100,100080,100,99941,100,100081,100,99940,100,100085,100,99933,100
2019-06-28 09:30:00.000000061,99987,100,99983,100,99991,100,99981,100,100014,100,99969,100,100025,200,99968,200,100040,100,99964,100,100055,100,99962,100,100061,100,99950,100,100080,100,99941,100,100081,100,99940,100,100085,100,99933,100
2019-06-28 09:30:00.000000063,99987,100,99983,100,99991,100,99981,100,100014,100,99973,100,100025,200,99969,100,100040,100,99968,200,100055,100,99964,100,100061,100,99962,100,100080,100,99950,100,100081,100,99941,100,100085,100,99940,100
2019-06-28 09:30:00.000000064,99987,100,99983,100,99991,100,99981,100,100014,100,99973,100,100025,200,99969,100,100040,100,99968,200,100055,100,99964,100,100061,100,99962,100,100080,100,99957,100,100081,100,99950,100,100085,100,99941,100
2019-06-28 09:30:00.000000065,99987,100,99983,100,99991,100,99981,100,100014,100,99973,100,100025,200,99972,100,100040,100,99969,100,100055,100,99968,200,100061,100,99964,100,100080,100,99962,100,100081,100,99957,100,100085,100,99950,100
2019-06-28 09:30:00.000000067,99991,100,99987,100,100014,100,99983,100,100025,200,99981,100,100040,100,99973,100,100055,100,99972,100,100061,100,99969,100,100080,100,99968,200,100081,100,99964,100,100085,100,99962,100,100091,100,99957,100
2019-06-28 09:30:00.000000069,99991,100,99987,100,100014,100,99983,100,100025,200,99981,100,100040,100,99973,100,100055,100,99972,100,100061,100,99969,100,100080,100,99968,200,100081,100,99964,100,100085,100,99962,100,100091,100,99957,100
2019-06-28 09:30:00.000000073,99991,100,99987,100,100014,100,99983,100,100025,200,99981,100,100040,100,99973,100,100055,100,99972,100,100061,100,99969,100,100080,100,99968,200,100081,100,99964,100,100085,100,99962,100,100091,100,99957,100
2019-06-28 09:30:00.000000074,99991,100,99987,100,100014,100,99983,100,100025,200,99981,100,100040,100,99973,100,100055,100,99972,100,100061,100,99969,100,100080,100,99968,200,100081,100,99964,100,100085,100,99962,100,100091,100,99957,100
2019-06-28 09:30:00.000000080,99991,100,99987,100,100014,100,99983,100,100025,200,99981,100,100040,100,99973,100,100055,100,99972,100,100061,100,99969,100,100080,100,99968,200,100081,100,99964,100,100085,100,99962,100,100091,100,99957,100
2019-06-28 09:30:00.000000083,99991,100,99987,100,100014,100,99983,100,100025,200,99981,100,100040,100,99973,100,100055,100,99972,100,100061,100,99969,100,100080,100,99968,200,100081,100,99964,100,100085,100,99962,100,100091,100,99957,100
2019-06-28 09:30:00.000000086,99991,100,99987,100,100014,100,99983,100,100025,200,99981,100,100040,100,99973,100,100055,100,99972,100,100061,100,99969,100,100080,100,99968,200,100081,100,99964,100,100085,100,99962,100,100091,100,99957,100
2019-06-28 09:30:00.000000088,99991,100,99987,100,100014,100,99983,100,100025,200,99981,100,100040,100,99973,100,100055,100,99972,100,100061,100,99969,100,100078,100,99968,200,100080,100,99964,100,100081,100,99962,100,100085,100,99957,100
2019-06-28 09:30:00.000000090,99991,100,99987,100,100014,100,99983,100,100025,200,99981,100,100040,100,99973,100,100055,100,99972,100,100061,100,99969,100,100078,100,99968,200,100080,100,99964,100,100081,100,99962,100,100085,100,99957,100
2019-06-28 09:30:00.000000091,99991,100,99987,100,100014,100,99983,100,100025,200,99981,100,100040,100,99973,100,100055,100,99972,100,100061,100,99969,100,100078,100,99968,200,100080,100,99964,100,100081,100,99962,100,100085,100,99957,100
2019-06-28 09:30:00.000000092,99991,100,99983,100,100014,100,99981,100,100025,200,99973,100,100040,100,99972,100,100055,100,99969,100,100061,100,99968,200,100078,100,99964,100,100080,100,99962,100,100081,100,99957,100,100085,100,99950,100
2019-06-28 09:30:10.000000000,99991,312,99983,312,100014,312,99981,312,100025,200,99973,100,100040,100,99972,100,100055,100,99969,100,100061,100,99968,200,100078,100,99964,100,100080,100,99962,100,100081,100,99957,100,100085,100,99950,100
2019-06-28 09:30:20.000000000,99991,206,99983,206,100014,206,99981,206,100025,306,99973,206,100040,206,99972,206,100055,100,99969,100,100061,100,99968,200,100078,100,99964,100,100080,100,99962,100,100081,100,99957,100,100085,100,99950,100
2019-06-28 09:30:25.907517436,99991,106,99983,206,100014,206,99981,206,100025,306,99973,206,100040,206,99972,206,100055,100,99969,100,100061,100,99968,200,100078,100,99964,100,100080,100,99962,100,100081,100,99957,100,100085,100,99950,100
2019-06-28 09:30:30.000000000,100014,244,99983,244,100025,340,99981,240,100040,240,99973,240,100055,100,99972,100,100061,100,99969,100,100078,100,99968,200,100080,100,99964,100,100081,100,99962,100,100085,100,99957,100,100091,100,99950,100
2019-06-28 09:30:35.090945784,100014,244,99983,244,100025,340,99981,240,100040,240,99973,240,100055,100,99972,100,100061,100,99969,100,100078,100,99968,200,100080,100,99964,100,100081,100,99962,100,100085,100,99957,100,100091,100,99950,100
2019-06-28 09:30:35.977565862,100014,244,99987,100,100025,340,99983,244,100040,240,99981,240,100055,100,99973,240,100061,100,99972,100,100078,100,99969,100,100080,100,99968,200,100081,100,99964,100,100085,100,99962,100,100091,100,99957,100
2019-06-28 09:30:40.000000000,100014,312,99987,312,100025,412,99983,312,100040,100,99981,100,100055,100,99973,100,100061,100,99972,100,100078,100,99969,100,100080,100,99968,200,100081,100,99964,100,100085,100,99962,100,100091,100,99957,100
2019-06-28 09:30:47.563459900,100014,312,99987,312,100025,412,99983,312,100040,100,99981,100,100055,100,99973,100,100061,100,99972,100,100078,100,99969,100,100080,100,99968,200,100081,100,99964,100,100082,100,99962,100,100085,100,99957,100
2019-06-28 09:30:50.000000000,100014,185,99987,185,100025,285,99983,185,100040,185,99981,185,100055,185,99973,185,100061,185,99972,185,100078,100,99969,100,100080,100,99968,200,100081,100,99964,100,100082,100,99962,100,100085,100,99957,100
2019-06-28 09:30:54.362783167,100014,185,99987,85,100025,285,99983,185,100040,185,99981,185,100055,185,99973,185,100061,185,99972,185,100078,100,99969,100,100081,100,99968,200,100082,100,99964,100,100085,100,99962,100,100091,100,99957,100
2019-06-28 09:31:00.000000000,100014,525,99983,525,100025,200,99981,100,100040,100,99973,100,100055,100,99972,100,100061,100,99969,100,100078,100,99968,200,100081,100,99964,100,100082,100,99962,100,100085,100,99957,100,100091,100,99950,100
2019-06-28 09:31:10.000000000,100014,244,99983,244,100025,340,99981,240,100040,240,99973,240,100055,100,99972,100,100061,100,99969,100,100078,100,99968,200,100081,100,99964,100,100082,100,99962,100,100085,100,99957,100,100091,100,99950,100
2019-06-28 09:31:13.109452120,99990,100,99983,244,100014,244,99981,240,100025,340,99973,240,100040,240,99972,100,100055,100,99969,100,100061,100,99968,200,100078,100,99964,100,100081,100,99962,100,100082,100,99957,100,100085,100,99950,100
2019-06-28 09:31:20.000000000,99990,525,99983,525,100014,100,99981,100,100025,200,99973,100,100040,100,99972,100,100055,100,99969,100,100061,100,99968,200,100078,100,99964,100,100081,100,99962,100,100082,100,99957,100,100085,100,99950,100
2019-06-28 09:31:30.000000000,99990,525,99983,525,100014,100,99981,100,100025,200,99973,100,100040,100,99972,100,100055,100,99969,100,100061,100,99968,200,100078,100,99964,100,100081,100,99962,100,100082,100,99957,100,100085,100,99950,100
2019-06-28 09:31:40.000000000,99990,206,99983,206,100014,206,99981,206,100025,306,99973,206,100040,206,99972,206,100055,100,99969,100,100061,100,99968,200,100078,100,99964,100,100081,100,99962,100,100082,100,99957,100,100085,100,99950,100
2019-06-28 09:31:50.000000000,99990,185,99983,185,100014,185,99981,185,100025,285,99973,185,100040,185,99972,185,100055,185,99969,185,100061,100,99968,200,100078,100,99964,100,100081,100,99962,100,100082,100,99957,100,100085,100,99950,100
2019-06-28 09:31:50.806796529,99990,185,99983,185,100014,185,99981,185,100025,285,99973,185,100040,185,99972,185,100055,185,99969,185,100061,100,99968,200,100078,100,99964,100,100081,100,99962,100,100082,100,99957,100,100085,100,99950,100
2019-06-28 09:32:00.000000000,99990,206,99983,206,100014,206,99981,206,100025,306,99973,206,100040,206,99972,206,100055,100,99969,100,100061,100,99968,200,100078,100,99964,100,100081,100,99962,100,100082,100,99957,100,100085,100,99950,100
2019-06-28 09:32:10.000000000,99990,525,99983,525,100014,100,99981,100,100025,200,99973,100,100040,100,99972,100,100055,100,99969,100,100061,100,99968,200,100078,100,99964,100,100081,100,99962,100,100082,100,99957,100,100085,100,99950,100
2019-06-28 09:32:20.000000000,99990,185,99983,185,100014,185,99981,185,100025,285,99973,185,100040,185,99972,185,100055,185,99969,185,100061,100,99968,200,100078,100,99964,100,100081,100,99962,100,100082,100,99957,100,100085,100,99950,100
2019-06-28 09:32:30.000000000,99990,185,99983,185,100014,185,99981,185,100025,285,99973,185,100040,185,99972,185,100055,185,99969,185,100061,100,99968,200,100078,100,99964,100,100081,100,99962,100,100082,100,99957,100,100085,100,99950,100
2019-06-28 09:32:37.536179471,99990,185,99983,185,100014,185,99981,185,100025,285,99973,85,100040,185,99972,185,100055,185,99969,185,100061,100,99968,200,100078,100,99964,100,100081,100,99962,100,100082,100,99957,100,100085,100,99950,100
2019-06-28 09:32:38.162808420,99990,185,99983,185,100014,185,99981,185,100025,285,99973,85,100040,185,99972,185,100055,185,99969,185,100061,100,99968,200,100078,100,99964,100,100081,100,99962,100,100082,100,99957,100,100085,100,99950,100
2019-06-28 09:32:40.000000000,99990,185,99983,185,100014,185,99981,185,100025,285,99972,185,100040,185,99969,185,100055,185,99968,285,100061,100,99964,100,100078,100,99962,100,100081,100,99957,100,100082,100,99950,100,100085,100,99946,100
2019-06-28 09:32:50.000000000,99990,525,99983,525,100014,100,99981,100,100025,200,99972,100,100040,100,99969,100,100055,100,99968,200,100061,100,99964,100,100078,100,99962,100,100081,100,99957,100,100082,100,99950,100,100085,100,99946,100
2019-06-28 09:32:50.917693740,99990,525,99983,525,100014,100,99981,100,100025,200,99972,100,100040,100,99969,100,100055,100,99968,200,100061,100,99964,100,100078,100,99962,100,100081,100,99957,100,100082,100,99950,100,100085,100,99946,100
2019-06-28 09:33:00.000000000,99990,185,99983,185,100014,185,99981,185,100025,285,99972,185,100040,185,99969,185,100055,185,99968,285,100061,100,99964,100,100078,100,99962,100,100081,100,99957,100,100082,100,99950,100,100085,100,99946,100
2019-06-28 09:33:10.000000000,99990,244,99983,244,100014,240,99981,240,100025,340,99972,240,100040,100,99969,100,100055,100,99968,200,100061,100,99964,100,100078,100,99962,100,100081,100,99957,100,100082,100,99950,100,100085,100,99946,100
2019-06-28 09:33:17.330964976,99990,244,99983,144,100014,240,99981,240,100025,340,99972,240,100040,100,99969,100,100055,100,99968,200,100061,100,99964,100,100078,100,99962,100,100081,100,99957,100,100082,100,99950,100,100085,100,99946,100
2019-06-28 09:33:20.000000000,99990,244,99981,244,100014,240,99972,240,100025,340,99969,240,100040,100,99968,200,100055,100,99964,100,100061,100,99962,100,100078,100,99957,100,100081,100,99950,100,100082,100,99946,100,100085,100,99941,100
2019-06-28 09:33:21.207001595,99987,100,99981,244,99990,244,99972,240,100014,240,99969,240,100025,340,99968,200,100040,100,99964,100,100055,100,99962,100,100061,100,99957,100,100078,100,99950,100,100081,100,99946,100,100082,100,99941,100
2019-06-28 09:33:30.000000000,99987,244,99981,244,99990,240,99972,240,100014,240,99969,240,100025,200,99968,200,100040,100,99964,100,100055,100,99962,100,100061,100,99957,100,100078,100,99950,100,100081,100,99946,100,100082,100,99941,100
2019-06-28 09:33:40.000000000,99987,244,99981,244,99990,240,99972,240,100014,240,99969,240,100025,200,99968,200,100040,100,99964,100,100055,100,99962,100,100061,100,99957,100,100078,100,99950,100,100081,100,99946,100,100082,100,99941,100
2019-06-28 09:33:42.783431271,99987,244,99981,244,99990,240,99972,240,100014,240,99969,240,100025,200,99968,200,100040,100,99964,100,100055,100,99962,100,100061,100,99957,100,100078,100,99950,100,100081,100,99946,100,100082,100,99941,100
2019-06-28 09:33:47.229367033,99987,244,99981,244,99990,240,99972,240,100014,240,99969,240,100025,200,99968,200,100040,100,99964,100,100055,100,99962,100,100061,100,99957,100,100078,100,99950,100,100081,100,99946,100,100082,100,99941,100
2019-06-28 09:33:48.610220123,99987,244,99981,244,99990,240,99972,240,100014,240,99969,240,100025,200,99968,200,100040,100,99964,100,100055,100,99962,100,100061,100,99957,100,100078,100,99950,100,100081,100,99946,100,100082,100,99941,100
2019-06-28 09:33:50.000000000,99987,244,99981,244,99990,240,99972,240,100014,240,99969,240,100025,200,99968,200,100040,100,99964,100,100055,100,99962,100,100061,100,99957,100,100078,100,99950,100,100081,100,99946,100,100082,100,99941,100
2019-06-28 09:34:00.000000000,99987,525,99981,525,99990,100,99972,100,100014,100,99969,100,100025,200,99968,200,100040,100,99964,100,100055,100,99962,100,100061,100,99957,100,100078,100,99950,100,100081,100,99946,100,100082,100,99941,100
2019-06-28 09:34:01.486296919,99987,525,99981,425,99990,100,99972,100,100014,100,99969,100,100025,200,99968,200,100040,100,99964,100,100055,100,99962,100,100061,100,99957,100,100078,100,99950,100,100081,100,99946,100,100082,100,99941,100
2019-06-28 09:34:10.000000000,99987,244,99972,244,99990,240,99969,240,100014,240,99968,340,100025,200,99964,100,100040,100,99962,100,100055,100,99957,100,100061,100,99950,100,100078,100,99946,100,100081,100,99941,100,100082,100,99940,100
2019-06-28 09:34:20.000000000,99987,185,99972,185,99990,185,99969,185,100014,185,99968,285,100025,285,99964,185,100040,185,99962,185,100055,100,99957,100,100061,100,99950,100,100078,100,99946,100,100081,100,99941,100,100082,100,99940,100
2019-06-28 09:34:21.144693894,99987,185,99972,85,99990,185,99969,185,100014,185,99968,285,100025,285,99964,185,100040,185,99962,185,100055,100,99957,100,100061,100,99950,100,100078,100,99946,100,100081,100,99941,100,100082,100,99940,100
2019-06-28 09:34:30.000000000,99987,525,99969,525,99990,100,99968,200,100014,100,99964,100,100025,200,99962,100,100040,100,99957,100,100055,100,99950,100,100061,100,99946,100,100078,100,99941,100,100081,100,99940,100,100082,100,99933,100
2019-06-28 09:34:40.000000000,99987,525,99969,525,99990,100,99968,200,100014,100,99964,100,100025,200,99962,100,100040,100,99957,100,100055,100,99950,100,100061,100,99946,100,100078,100,99941,100,100081,100,99940,100,100082,100,99933,100
2019-06-28 09:34:50.000000000,99987,185,99969,185,99990,185,99968,285,100014,185,99964,185,100025,285,99962,185,100040,185,99957,185,100055,100,99950,100,100061,100,99946,100,100078,100,99941,100,100081,100,99940,100,100082,100,99933,100
2019-06-28 09:34:57.653340004,99987,185,99969,85,99990,185,99968,285,100014,185,99964,185,100025,285,99962,185,100040,185,99957,185,100055,100,99950,100,100061,100,99946,100,100078,100,99940,100,100081,100,99933,100,100082,100,99932,100
2019-06-28 09:35:00.000000000,99987,312,99968,412,99990,312,99964,312,100014,100,99962,100,100025,200,99957,100,100040,100,99950,100,100055,100,99946,100,100061,100,99940,100,100078,100,99933,100,100081,100,99932,100,100082,100,99931,100
2019-06-28 09:35:00.844788478,99987,312,99968,412,99990,312,99964,312,100014,100,99962,100,100025,200,99957,100,100040,100,99950,100,100055,100,99946,100,100061,100,99940,100,100078,100,99933,100,100081,100,99932,100,100082,100,99931,100
2019-06-28 09:35:10.000000000,99987,185,99968,285,99990,185,99964,185,100014,185,99962,185,100025,285,99957,185,100040,185,99950,185,100055,100,99946,100,100061,100,99940,100,100078,100,99933,100,100081,100,99932,100,100082,100,99931,100
2019-06-28 09:35:20.000000000,99987,312,99968,412,99990,312,99964,312,100014,100,99962,100,100025,200,99957,100,100040,100,99950,100,100055,100,99946,100,100061,100,99940,100,100078,100,99933,100,100081,100,99932,100,100082,100,99931,100
2019-06-28 09:35:30.000000000,99987,312,99968,412,99990,312,99964,312,100014,100,99962,100,100025,200,99957,100,100040,100,99950,100,100055,100,99946,100,100061,100,99940,100,100078,100,99933,100,100081,100,99932,100,100082,100,99931,100
2019-06-28 09:35:36.333218087,99987,312,99968,412,99990,312,99964,312,100014,100,99962,100,100025,200,99957,100,100040,100,99950,100,100055,100,99946,100,100061,100,99940,100,100078,100,99933,100,100081,100,99932,100,100082,100,99931,100
2019-06-28 09:35:40.000000000,99987,525,99968,625,99990,100,99964,100,100014,100,99962,100,100025,200,99957,100,100040,100,99950,100,100055,100,99946,100,100061,100,99940,100,100078,100,99933,100,100081,100,99932,100,100082,100,99931,100
2019-06-28 09:35:40.494516702,99987,525,99968,525,99990,100,99964,100,100014,100,99962,100,100025,200,99957,100,100040,100,99950,100,100055,100,99946,100,100061,100,99940,100,100078,100,99933,100,100081,100,99932,100,100082,100,99931,100
2019-06-28 09:35:41.825073848,99987,525,99968,425,99990,100,99964,100,100014,100,99962,100,100025,200,99957,100,100040,100,99950,100,100055,100,99946,100,100061,100,99940,100,100078,100,99933,100,100081,100,99932,100,100082,100,99931,100
2019-06-28 09:35:50.000000000,99987,525,99964,525,99990,100,99962,100,100014,100,99957,100,100025,200,99950,100,100040,100,99946,100,100055,100,99940,100,100061,100,99933,100,100078,100,99932,100,100081,100,99931,100,100082,100,99920,100
2019-06-28 09:36:00.000000000,99987,244,99964,244,99990,240,99962,240,100014,240,99957,240,100025,200,99950,100,100040,100,99946,100,100055,100,99940,100,100061,100,99933,100,100078,100,99932,100,100081,100,99931,100,100082,100,99920,100
2019-06-28 09:36:10.000000000,99987,206,99964,206,99990,206,99962,206,100014,206,99957,206,100025,306,99950,206,100040,100,99946,100,100055,100,99940,100,100061,100,99933,100,100078,100,99932,100,100081,100,99931,100,100082,100,99920,100
2019-06-28 09:36:13.594715920,99987,206,99964,206,99990,206,99962,206,100014,206,99957,206,100025,306,99954,100,100040,100,99950,206,100055,100,99946,100,100061,100,99940,100,100078,100,99933,100,100081,100,99932,100,100082,100,99931,100
2019-06-28 09:36:20.000000000,99987,185,99964,185,99990,185,99962,185,100014,185,99957,185,100025,285,99954,185,100040,185,99950,185,100055,100,99946,100,100061,100,99940,100,100078,100,99933,100,100081,100,99932,100,100082,100,99931,100
2019-06-28 09:36:30.000000000,99987,312,99964,312,99990,312,99962,312,100014,100,99957,100,100025,200,99954,100,100040,100,99950,100,100055,100,99946,100,100061,100,99940,100,100078,100,99933,100,100081,100,99932,100,100082,100,99931,100
2019-06-28 09:36:40.000000000,99987,525,99964,525,99990,100,99962,100,100014,100,99957,100,100025,200,99954,100,100040,100,99950,100,100055,100,99946,100,100061,100,99940,100,100078,100,99933,100,100081,100,99932,100,100082,100,99931,100
2019-06-28 09:36:41.844539880,99987,525,99964,425,99990,100,99962,100,100014,100,99957,100,100025,200,99954,100,100040,100,99950,100,100055,100,99940,100,100061,100,99933,100,100078,100,99932,100,100081,100,99931,100,100082,100,99920,100
2019-06-28 09:36:43.787975861,99987,525,99965,100,99990,100,99964,425,100014,100,99962,100,100025,200,99957,100,100040,100,99954,100,100055,100,99950,100,100061,100,99940,100,100078,100,99933,100,100081,100,99932,100,100082,100,99931,100
2019-06-28 09:36:45.755110958,99968,100,99965,100,99987,525,99964,425,99990,100,99962,100,100014,100,99957,100,100025,200,99954,100,100040,100,99950,100,100055,100,99940,100,100061,100,99933,100,100078,100,99932,100,100081,100,99931,100
2019-06-28 09:36:50.000000000,99968,206,99965,206,99987,206,99962,206,99990,206,99957,206,100014,206,99954,206,100025,200,99950,100,100040,100,99940,100,100055,100,99933,100,100061,100,99932,100,100078,100,99931,100,100081,100,99920,100
2019-06-28 09:37:00.000000000,99968,206,99965,206,99987,206,99962,206,99990,206,99957,206,100014,206,99954,206,100025,200,99950,100,100040,100,99940,100,100055,100,99933,100,100061,100,99932,100,100078,100,99931,100,100081,100,99920,100
2019-06-28 09:37:04.505966495,99968,206,99965,106,99987,206,99962,206,99990,206,99957,206,100014,206,99954,206,100025,100,99950,100,100040,100,99940,100,100055,100,99933,100,100061,100,99932,100,100078,100,99931,100,100081,100,99920,100
2019-06-28 09:37:10.000000000,99968,312,99962,312,99987,312,99957,312,99990,100,99954,100,100014,100,99950,100,100025,100,99940,100,100040,100,99933,100,100055,100,99932,100,100061,100,99931,100,100078,100,99920,100,100081,100,99891,100
2019-06-28 09:37:19.524596129,99968,312,99962,312,99987,312,99957,312,99990,100,99954,100,100014,100,99950,100,100025,100,99940,100,100040,100,99933,100,100055,100,99932,100,100061,100,99931,100,100078,100,99920,100,100081,100,99891,100
2019-06-28 09:37:20.000000000,99968,525,99962,525,99987,100,99957,100,99990,100,99954,100,100014,100,99950,100,100025,100,99940,100,100040,100,99933,100,100055,100,99932,100,100061,100,99931,100,100078,100,99920,100,100081,100,99891,100
2019-06-28 09:37:30.000000000,99968,525,99962,525,99987,100,99957,100,99990,100,99954,100,100014,100,99950,100,100025,100,99940,100,100040,100,99933,100,100055,100,99932,100,100061,100,99931,100,100078,100,99920,100,100081,100,99891,100
2019-06-28 09:37:30.927904198,99968,525,99962,425,99987,100,99957,100,99990,100,99954,100,100014,100,99950,100,100025,100,99940,100,100040,100,99933,100,100055,100,99932,100,100061,100,99931,100,100078,100,99920,100,100081,100,99891,100
2019-06-28 09:37:31.474688419,99968,525,99962,425,99987,100,99957,100,99990,100,99954,100,100014,100,99950,100,100025,100,99940,100,100040,100,99933,100,100055,100,99932,100,100061,100,99931,100,100078,100,99920,100,100081,100,99891,100
2019-06-28 09:37:40.000000000,99968,525,99957,525,99987,100,99954,100,99990,100,99950,100,100014,100,99940,100,100025,100,99933,100,100040,100,99932,100,100055,100,99931,100,100061,100,99920,100,100078,100,99891,100,100081,100,99829,100
2019-06-28 09:37:50.000000000,99968,244,99957,244,99987,240,99954,240,99990,240,99950,240,100014,100,99940,100,100025,100,99933,100,100040,100,99932,100,100055,100,99931,100,100061,100,99920,100,100078,100,99891,100,100081,100,99829,100
2019-06-28 09:37:54.765435090,99965,100,99957,244,99968,244,99954,240,99987,240,99950,240,99990,240,99940,100,100014,100,99933,100,100025,100,99932,100,100040,100,99931,100,100055,100,99920,100,100061,100,99891,100,100078,100,99829,100
2019-06-28 09:38:00.000000000,99965,244,99957,244,99968,240,99954,240,99987,240,99950,240,99990,100,99940,100,100014,100,99933,100,100025,100,99932,100,100040,100,99931,100,100055,100,99920,100,100061,100,99891,100,100078,100,99829,100
2019-06-28 09:38:07.576919987,99965,244,99957,244,99968,240,99954,240,99987,240,99950,240,99990,100,99940,100,100014,100,99933,100,100025,100,99932,100,100030,100,99931,100,100040,100,99920,100,100055,100,99891,100,100061,100,99829,100
2019-06-28 09:38:10.000000000,99965,206,99957,206,99968,206,99954,206,99987,206,99950,206,99990,206,99940,206,100014,100,99933,100,100025,100,99932,100,100030,100,99931,100,100040,100,99920,100,100055,100,99891,100,100061,100,99829,100
2019-06-28 09:38:13.007085683,99965,206,99957,206,99968,206,99954,206,99987,206,99950,206,99990,206,99940,206,100014,100,99933,100,100025,100,99932,100,100030,100,99931,100,100040,100,99920,100,100055,100,99891,100,100061,100,99829,100
2019-06-28 09:38:16.067087909,99965,206,99957,206,99968,206,99954,206,99987,206,99950,206,99990,206,99940,206,100014,100,99933,100,100025,100,99932,100,100030,100,99931,100,100040,100,99920,100,100055,100,99905,100,100061,100,99891,100
2019-06-28 09:38:20.000000000,99965,185,99957,185,99968,185,99954,185,99987,185,99950,185,99990,185,99940,185,100014,185,99933,185,100025,100,99932,100,100030,100,99931,100,100040,100,99920,100,100055,100,99905,100,100061,100,99891,100
2019-06-28 09:38:25.771694358,99965,185,99957,185,99968,185,99954,185,99987,185,99950,185,99990,185,99940,185,100014,185,99933,185,100025,100,99932,100,100030,100,99931,100,100040,100,99923,100,100055,100,99920,100,100061,100,99905,100
2019-06-28 09:38:30.000000000,99965,244,99957,244,99968,240,99954,240,99987,240,99950,240,99990,100,99940,100,100014,100,99933,100,100025,100,99932,100,100030,100,99931,100,100040,100,99923,100,100055,100,99920,100,100061,100,99905,100
2019-06-28 09:38:35.371917034,99965,244,99957,244,99968,240,99954,240,99987,240,99950,240,99990,100,99940,100,100014,100,99933,100,100025,100,99932,100,100040,100,99931,100,100055,100,99923,100,100061,100,99920,100,100078,100,99918,100
2019-06-28 09:38:36.617657856,99965,244,99957,244,99968,240,99954,240,99987,240,99950,240,99990,100,99940,100,100014,100,99933,100,100025,100,99932,100,100040,100,99931,100,100055,100,99923,100,100061,100,99920,100,100078,100,99918,100
2019-06-28 09:38:40.000000000,99965,312,99957,312,99968,312,99954,312,99987,100,99950,100,99990,100,99940,100,100014,100,99933,100,100025,100,99932,100,100040,100,99931,100,100055,100,99923,100,100061,100,99920,100,100078,100,99918,100
2019-06-28 09:38:50.000000000,99965,244,99957,244,99968,240,99954,240,99987,240,99950,240,99990,100,99940,100,100014,100,99933,100,100025,100,99932,100,100040,100,99931,100,100055,100,99923,100,100061,100,99920,100,100078,100,99918,100
2019-06-28 09:39:00.000000000,99965,206,99957,206,99968,206,99954,206,99987,206,99950,206,99990,206,99940,206,100014,100,99933,100,100025,100,99932,100,100040,100,99931,100,100055,100,99923,100,100061,100,99920,100,100078,100,99918,100
2019-06-28 09:39:10.000000000,99965,244,99957,244,99968,240,99954,240,99987,240,99950,240,99990,100,99940,100,100014,100,99933,100,100025,100,99932,100,100040,100,99931,100,100055,100,99923,100,100061,100,99920,100,100078,100,99918,100
2019-06-28 09:39:15.565737195,99965,244,99957,244,99968,240,99954,240,99987,140,99950,240,99990,100,99940,100,100014,100,99933,100,100025,100,99932,100,100040,100,99931,100,100055,100,99923,100,100061,100,99920,100,100078,100,99918,100
2019-06-28 09:39:17.487996906,99965,144,99957,244,99968,240,99954,240,99987,140,99950,240,99990,100,99940,100,100014,100,99933,100,100025,100,99932,100,100040,100,99931,100,100055,100,99923,100,100061,100,99920,100,100078,100,99918,100
2019-06-28 09:39:20.000000000,99968,244,99957,244,99990,240,99954,240,100014,240,99950,240,100025,100,99940,100,100040,100,99933,100,100055,100,99932,100,100061,100,99931,100,100078,100,99923,100,100081,100,99920,100,100082,100,99918,100
2019-06-28 09:39:28.828009606,99968,144,99957,244,99990,240,99954,240,100014,240,99950,240,100025,100,99940,100,100040,100,99933,100,100055,100,99932,100,100061,100,99931,100,100078,100,99923,100,100081,100,99920,100,100082,100,99918,100
2019-06-28 09:39:30.000000000,99990,525,99957,525,100014,100,99954,100,100025,100,99950,100,100040,100,99940,100,100055,100,99933,100,100061,100,99932,100,100078,100,99931,100,100081,100,99923,100,100082,100,99920,100,100085,100,99918,100
2019-06-28 09:39:40.000000000,99990,312,99957,312,100014,312,99954,312,100025,100,99950,100,100040,100,99940,100,100055,100,99933,100,100061,100,99932,100,100078,100,99931,100,100081,100,99923,100,100082,100,99920,100,100085,100,99918,100
2019-06-28 09:39:42.757240594,99990,312,99957,312,100014,312,99954,312,100025,100,99950,100,100040,100,99940,100,100055,100,99933,100,100061,100,99932,100,100078,100,99931,100,100081,100,99923,100,100082,100,99920,100,100085,100,99918,100
2019-06-28 09:39:49.826149355,99990,312,99957,312,100014,312,99954,312,100025,100,99950,100,100040,100,99940,100,100055,100,99933,100,100061,100,99932,100,100078,100,99931,100,100081,100,99923,100,100082,100,99920,100,100085,100,99918,100
2019-06-28 09:39:50.000000000,99990,312,99957,312,100014,312,99954,312,100025,100,99950,100,100040,100,99940,100,100055,100,99933,100,100061,100,99932,100,100078,100,99931,100,100081,100,99923,100,100082,100,99920,100,100085,100,99918,100
2019-06-28 09:39:53.828137657,99990,312,99957,312,100014,312,99954,312,100025,100,99950,100,100040,100,99940,100,100055,100,99933,100,100061,100,99932,100,100078,100,99931,100,100081,100,99923,100,100082,100,99918,100,100085,100,99905,100
2019-06-28 09:40:00.000000000,99990,185,99957,185,100014,185,99954,185,100025,185,99950,185,100040,185,99940,185,100055,185,99933,185,100061,100,99932,100,100078,100,99931,100,100081,100,99923,100,100082,100,99918,100,100085,100,99905,100
2019-06-28 09:40:10.000000000,99990,244,99957,244,100014,240,99954,240,100025,240,99950,240,100040,100,99940,100,100055,100,99933,100,100061,100,99932,100,100078,100,99931,100,100081,100,99923,100,100082,100,99918,100,100085,100,99905,100
2019-06-28 09:40:20.000000000,99990,525,99957,525,100014,100,99954,100,100025,100,99950,100,100040,100,99940,100,100055,100,99933,100,100061,100,99932,100,100078,100,99931,100,100081,100,99923,100,100082,100,99918,100,100085,100,99905,100
2019-06-28 09:40:30.000000000,99990,244,99957,244,100014,240,99954,240,100025,240,99950,240,100040,100,99940,100,100055,100,99933,100,100061,100,99932,100,100078,100,99931,100,100081,100,99923,100,100082,100,99918,100,100085,100,99905,100
2019-06-28 09:40:30.133523326,99990,244,99965,100,100014,240,99957,244,100025,240,99954,240,100040,100,99950,240,100055,100,99940,100,100061,100,99933,100,100078,100,99932,100,100081,100,99931,100,100082,100,99923,100,100085,100,99918,100
2019-06-28 09:40:38.157276978,99990,244,99965,100,100014,240,99957,244,100025,240,99954,240,100040,100,99950,240,100055,100,99940,100,100061,100,99933,100,100078,100,99932,100,100081,100,99931,100,100082,100,99923,100,100085,100,99918,100
2019-06-28 09:40:40.000000000,99990,185,99965,185,100014,185,99957,185,100025,185,99954,185,100040,185,99950,185,100055,185,99940,185,100061,100,99933,100,100078,100,99932,100,100081,100,99931,100,100082,100,99923,100,100085,100,99918,100
2019-06-28 09:40:48.641271789,99990,85,99965,185,100014,185,99957,185,100025,185,99954,185,100040,185,99950,185,100055,185,99940,185,100061,100,99933,100,100078,100,99932,100,100081,100,99931,100,100082,100,99923,100,100085,100,99918,100
2019-06-28 09:40:50.000000000,100014,244,99965,244,100025,240,99957,240,100040,240,99954,240,100055,100,99950,100,100061,100,99940,100,100078,100,99933,100,100081,100,99932,100,100082,100,99931,100,100085,100,99923,100,100107,100,99918,100
2019-06-28 09:40:52.858427156,100014,144,99965,244,100025,240,99957,240,100040,240,99954,240,100055,100,99950,100,100061,100,99940,100,100078,100,99933,100,100081,100,99932,100,100082,100,99931,100,100085,100,99923,100,100107,100,99918,100
2019-06-28 09:41:00.000000000,100025,244,99965,244,100040,240,99957,240,100055,240,99954,240,100061,100,99950,100,100078,100,99940,100,100081,100,99933,100,100082,100,99932,100,100085,100,99931,100,100107,100,99923,100,100127,100,99918,100
2019-06-28 09:41:01.963719815,100025,244,99965,244,100040,240,99957,240,100055,240,99954,240,100061,100,99950,100,100078,100,99940,100,100081,100,99933,100,100082,100,99932,100,100085,100,99931,100,100107,100,99923,100,100127,100,99918,100
2019-06-28 09:41:06.052897673,100025,244,99965,244,100040,240,99957,240,100055,240,99954,240,100061,100,99950,100,100078,100,99940,100,100081,100,99933,100,100082,100,99932,100,100085,100,99931,100,100107,100,99923,100,100127,100,99918,100
2019-06-28 09:41:10.000000000,100025,525,99965,525,100040,100,99957,100,100055,100,99954,100,100061,100,99950,100,100078,100,99940,100,100081,100,99933,100,100082,100,99932,100,100085,100,99931,100,100107,100,99923,100,100127,100,99918,100
2019-06-28 09:41:10.985621724,100025,525,99990,100,100040,100,99965,525,100055,100,99957,100,100061,100,99954,100,100078,100,99950,100,100081,100,99940,100,100082,100,99933,100,100085,100,99932,100,100107,100,99931,100,100127,100,99923,100
2019-06-28 09:41:20.000000000,100025,206,99990,206,100040,206,99965,206,100055,206,99957,206,100061,206,99954,206,100078,100,99950,100,100081,100,99940,100,100082,100,99933,100,100085,100,99932,100,100107,100,99931,100,100127,100,99923,100
2019-06-28 09:41:30.000000000,100025,312,99990,312,100040,312,99965,312,100055,100,99957,100,100061,100,99954,100,100078,100,99950,100,100081,100,99940,100,100082,100,99933,100,100085,100,99932,100,100107,100,99931,100,100127,100,99923,100
2019-06-28 09:41:31.488382829,100025,212,99990,312,100040,312,99965,312,100055,100,99957,100,100061,100,99954,100,100078,100,99950,100,100081,100,99940,100,100082,100,99933,100,100085,100,99932,100,100107,100,99931,100,100127,100,99923,100
2019-06-28 09:41:38.882054747,100025,212,100014,100,100040,312,99990,312,100055,100,99965,312,100061,100,99957,100,100078,100,99954,100,100081,100,99950,100,100082,100,99940,100,100085,100,99933,100,100107,100,99932,100,100127,100,99931,100
2019-06-28 09:41:40.000000000,100040,312,100014,312,100055,312,99990,312,100061,100,99965,100,100078,100,99957,100,100081,100,99954,100,100082,100,99950,100,100085,100,99940,100,100107,100,99933,100,100127,100,99932,100,100135,100,99931,100
2019-06-28 09:41:41.519106053,100040,312,100014,312,100055,312,99990,312,100061,100,99965,100,100078,100,99957,100,100081,100,99954,100,100082,100,99950,100,100085,100,99933,100,100107,100,99932,100,100127,100,99931,100,100135,100,99923,100
2019-06-28 09:41:50.000000000,100040,185,100014,185,100055,185,99990,185,100061,185,99965,185,100078,185,99957,185,100081,185,99954,185,100082,100,99950,100,100085,100,99933,100,100107,100,99932,100,100127,100,99931,100,100135,100,99923,100
2019-06-28 09:42:00.000000000,100040,185,100014,185,100055,185,99990,185,100061,185,99965,185,100078,185,99957,185,100081,185,99954,185,100082,100,99950,100,100085,100,99933,100,100107,100,99932,100,100127,100,99931,100,100135,100,99923,100
2019-06-28 09:42:08.224546011,100040,185,100014,285,100055,185,99990,85,100061,185,99965,185,100078,185,99957,185,100081,185,99954,185,100082,100,99950,100,100085,100,99933,100,100107,100,99932,100,100127,100,99931,100,100135,100,99923,100
2019-06-28 09:42:10.000000000,100040,206,100014,306,100055,206,99965,206,100061,206,99957,206,100078,206,99954,206,100081,100,99950,100,100082,100,99933,100,100085,100,99932,100,100107,100,99931,100,100127,100,99923,100,100135,100,99918,100
2019-06-28 09:42:13.379883889,100040,206,100014,306,100055,206,99965,206,100061,206,99957,106,100078,206,99954,206,100081,100,99950,100,100082,100,99933,100,100085,100,99932,100,100107,100,99931,100,100127,100,99923,100,100135,100,99918,100
2019-06-28 09:42:13.401261929,100040,206,100014,306,100055,206,99965,206,100061,206,99957,106,100078,206,99954,206,100081,100,99950,100,100082,100,99933,100,100085,100,99932,100,100107,100,99931,100,100127,100,99923,100,100135,100,99918,100
2019-06-28 09:42:14.594177758,100040,206,100014,306,100055,206,99965,206,100061,206,99957,106,100078,206,99954,206,100081,100,99950,100,100082,100,99933,100,100085,100,99932,100,100107,100,99931,100,100135,100,99923,100,100180,100,99918,100
2019-06-28 09:42:20.000000000,100040,206,100014,306,100055,206,99965,206,100061,206,99954,206,100078,206,99950,206,100081,100,99933,100,100082,100,99932,100,100085,100,99931,100,100107,100,99923,100,100135,100,99918,100,100180,100,99905,100
2019-06-28 09:42:30.000000000,100040,312,100014,412,100055,312,99965,312,100061,100,99954,100,100078,100,99950,100,100081,100,99933,100,100082,100,99932,100,100085,100,99931,100,100107,100,99923,100,100135,100,99918,100,100180,100,99905,100
2019-06-28 09:42:37.187082970,100040,312,100014,412,100055,312,99965,312,100061,100,99954,100,100078,100,99950,100,100081,100,99933,100,100082,100,99932,100,100085,100,99931,100,100107,100,99923,100,100135,100,99918,100,100180,100,99905,100
2019-06-28 09:42:40.000000000,100040,185,100014,285,100055,185,99965,185,100061,185,99954,185,100078,185,99950,185,100081,185,99933,185,100082,100,99932,100,100085,100,99931,100,100107,100,99923,100,100135,100,99918,100,100180,100,99905,100
2019-06-28 09:42:47.935778798,100040,85,100014,285,100055,185,99965,185,100061,185,99954,185,100078,185,99950,185,100081,185,99933,185,100082,100,99932,100,100085,100,99931,100,100107,100,99918,100,100135,100,99905,100,100180,100,99891,100
2019-06-28 09:42:50.000000000,100055,525,100014,625,100061,100,99965,100,100078,100,99954,100,100081,100,99950,100,100082,100,99933,100,100085,100,99932,100,100107,100,99931,100,100135,100,99918,100,100180,100,99905,100,100751,100,99891,100
2019-06-28 09:43:00.000000000,100055,525,100014,625,100061,100,99965,100,100078,100,99954,100,100081,100,99950,100,100082,100,99933,100,100085,100,99932,100,100107,100,99931,100,100135,100,99918,100,100180,100,99905,100,100751,100,99891,100
2019-06-28 09:43:03.155627234,100055,425,100014,625,100061,100,99965,100,100078,100,99954,100,100081,100,99950,100,100082,100,99933,100,100085,100,99932,100,100107,100,99931,100,100135,100,99918,100,100180,100,99905,100,100751,100,99891,100
2019-06-28 09:43:09.989166635,100055,325,100014,625,100061,100,99965,100,100078,100,99954,100,100081,100,99950,100,100082,100,99933,100,100085,100,99932,100,100107,100,99918,100,100135,100,99905,100,100180,100,99891,100,100751,100,99829,100
2019-06-28 09:43:10.000000000,100061,312,100014,412,100078,312,99965,312,100081,100,99954,100,100082,100,99950,100,100085,100,99933,100,100107,100,99932,100,100135,100,99918,100,100180,100,99905,100,100751,100,99891,100,100856,100,99829,100
2019-06-28 09:43:19.387695642,100061,312,100014,412,100078,312,99965,312,100081,100,99954,100,100082,100,99950,100,100085,100,99933,100,100107,100,99932,100,100135,100,99918,100,100180,100,99905,100,100751,100,99891,100,100831,100,99829,100
2019-06-28 09:43:20.000000000,100061,525,100014,625,100078,100,99965,100,100081,100,99954,100,100082,100,99950,100,100085,100,99933,100,100107,100,99932,100,100135,100,99918,100,100180,100,99905,100,100751,100,99891,100,100831,100,99829,100
2019-06-28 09:43:30.000000000,100061,312,100014,412,100078,312,99965,312,100081,100,99954,100,100082,100,99950,100,100085,100,99933,100,100107,100,99932,100,100135,100,99918,100,100180,100,99905,100,100751,100,99891,100,100831,100,99829,100
2019-06-28 09:43:40.000000000,100061,206,100014,306,100078,206,99965,206,100081,206,99954,206,100082,206,99950,206,100085,100,99933,100,100107,100,99932,100,100135,100,99918,100,100180,100,99905,100,100751,100,99891,100,100831,100,99829,100
2019-06-28 09:43:50.000000000,100061,312,100014,412,100078,312,99965,312,100081,100,99954,100,100082,100,99950,100,100085,100,99933,100,100107,100,99932,100,100135,100,99918,100,100180,100,99905,100,100751,100,99891,100,100831,100,99829,100
2019-06-28 09:44:00.000000000,100061,525,100014,625,100078,100,99965,100,100081,100,99954,100,100082,100,99950,100,100085,100,99933,100,100107,100,99932,100,100135,100,99918,100,100180,100,99905,100,100751,100,99891,100,100831,100,99829,100
2019-06-28 09:44:00.003799882,100061,525,100014,525,100078,100,99965,100,100081,100,99954,100,100082,100,99950,100,100085,100,99933,100,100107,100,99932,100,100135,100,99918,100,100180,100,99905,100,100751,100,99891,100,100831,100,99829,100
2019-06-28 09:44:10.000000000,100061,312,100014,312,100078,312,99965,312,100081,100,99954,100,100082,100,99950,100,100085,100,99933,100,100107,100,99932,100,100135,100,99918,100,100180,100,99905,100,100751,100,99891,100,100831,100,99829,100
2019-06-28 09:44:18.457871083,100055,100,100014,312,100061,312,99965,312,100078,312,99954,100,100081,100,99950,100,100082,100,99933,100,100085,100,99932,100,100107,100,99918,100,100135,100,99905,100,100180,100,99891,100,100751,100,99829,100
2019-06-28 09:44:20.000000000,100055,185,100014,185,100061,185,99965,185,100078,185,99954,185,100081,185,99950,185,100082,185,99933,185,100085,100,99932,100,100107,100,99918,100,100135,100,99905,100,100180,100,99891,100,100751,100,99829,100
2019-06-28 09:44:24.193315446,100055,285,100014,185,100061,185,99965,185,100078,185,99954,185,100081,185,99950,185,100082,185,99933,185,100085,100,99932,100,100107,100,99918,100,100135,100,99905,100,100180,100,99891,100,100751,100,99829,100
2019-06-28 09:44:25.312767546,100055,285,100014,185,100061,185,99965,185,100075,100,99954,185,100078,185,99950,185,100081,185,99933,185,100082,185,99932,100,100085,100,99918,100,100107,100,99905,100,100135,100,99891,100,100180,100,99829,100
2019-06-28 09:44:30.000000000,100055,285,100014,185,100061,185,99965,185,100075,185,99954,185,100078,185,99950,185,100081,185,99933,185,100082,100,99932,100,100085,100,99918,100,100107,100,99905,100,100135,100,99891,100,100180,100,99829,100
2019-06-28 09:44:35.818183892,100018,100,100014,185,100055,285,99965,185,100061,185,99954,185,100075,185,99950,185,100078,185,99933,185,100081,185,99932,100,100082,100,99918,100,100085,100,99905,100,100107,100,99891,100,100135,100,99829,100
2019-06-28 09:44:40.000000000,100018,206,100014,206,100055,306,99965,206,100061,206,99954,206,100075,206,99950,206,100078,100,99933,100,100081,100,99932,100,100082,100,99918,100,100085,100,99905,100,100107,100,99891,100,100135,100,99829,100
2019-06-28 09:44:50.000000000,100018,244,100014,244,100055,340,99965,240,100061,240,99954,240,100075,100,99950,100,100078,100,99933,100,100081,100,99932,100,100082,100,99918,100,100085,100,99905,100,100107,100,99891,100,100135,100,99829,100
2019-06-28 09:45:00.000000000,100018,185,100014,185,100055,285,99965,185,100061,185,99954,185,100075,185,99950,185,100078,185,99933,185,100081,100,99932,100,100082,100,99918,100,100085,100,99905,100,100107,100,99891,100,100135,100,99829,100
2019-06-28 09:45:08.514859110,100018,185,100014,185,100055,185,99965,185,100061,185,99954,185,100075,185,99950,185,100078,185,99933,185,100081,100,99932,100,100082,100,99918,100,100085,100,99905,100,100107,100,99891,100,100135,100,99829,100
2019-06-28 09:45:10.000000000,100018,312,100014,312,100055,312,99965,312,100061,100,99954,100,100075,100,99950,100,100078,100,99933,100,100081,100,99932,100,100082,100,99918,100,100085,100,99905,100,100107,100,99891,100,100135,100,99829,100
2019-06-28 09:45:17.923993102,100018,312,100014,312,100055,312,99965,312,100061,100,99954,100,100075,100,99950,100,100078,100,99933,100,100081,100,99932,100,100082,100,99918,100,100085,100,99905,100,100107,100,99891,100,100135,100,99829,100
2019-06-28 09:45:18.289346325,100018,312,100014,312,100055,312,99965,312,100061,100,99954,100,100075,100,99950,100,100078,100,99933,100,100081,100,99932,100,100082,100,99918,100,100085,100,99905,100,100097,100,99891,100,100107,100,99829,100
2019-06-28 09:45:20.000000000,100018,185,100014,185,100055,185,99965,185,100061,185,99954,185,100075,185,99950,185,100078,185,99933,185,100081,100,99932,100,100082,100,99918,100,100085,100,99905,100,100097,100,99891,100,100107,100,99829,100
2019-06-28 09:45:30.000000000,100018,206,100014,206,100055,206,99965,206,100061,206,99954,206,100075,206,99950,206,100078,100,99933,100,100081,100,99932,100,100082,100,99918,100,100085,100,99905,100,100097,100,99891,100,100107,100,99829,100
2019-06-28 09:45:40.000000000,100018,244,100014,244,100055,240,99965,240,100061,240,99954,240,100075,100,99950,100,100078,100,99933,100,100081,100,99932,100,100082,100,99918,100,100085,100,99905,100,100097,100,99891,100,100107,100,99829,100
2019-06-28 09:45:50.000000000,100018,185,100014,185,100055,185,99965,185,100061,185,99954,185,100075,185,99950,185,100078,185,99933,185,100081,100,99932,100,100082,100,99918,100,100085,100,99905,100,100097,100,99891,100,100107,100,99829,100
2019-06-28 09:46:00.000000000,100018,185,100014,185,100055,185,99965,185,100061,185,99954,185,100075,185,99950,185,100078,185,99933,185,100081,100,99932,100,100082,100,99918,100,100085,100,99905,100,100097,100,99891,100,100107,100,99829,100
2019-06-28 09:46:10.000000000,100018,525,100014,525,100055,100,99965,100,100061,100,99954,100,100075,100,99950,100,100078,100,99933,100,100081,100,99932,100,100082,100,99918,100,100085,100,99905,100,100097,100,99891,100,100107,100,99829,100
2019-06-28 09:46:20.000000000,100018,206,100014,206,100055,206,99965,206,100061,206,99954,206,100075,206,99950,206,100078,100,99933,100,100081,100,99932,100,100082,100,99918,100,100085,100,99905,100,100097,100,99891,100,100107,100,99829,100
2019-06-28 09:46:24.752587127,100018,206,100014,206,100055,206,99965,206,100061,206,99954,206,100075,206,99950,206,100078,100,99933,100,100081,100,99932,100,100082,100,99918,100,100085,100,99905,100,100097,100,99891,100,100107,100,99829,100
2019-06-28 09:46:30.000000000,100018,185,100014,185,100055,185,99965,185,100061,185,99954,185,100075,185,99950,185,100078,185,99933,185,100081,100,99932,100,100082,100,99918,100,100085,100,99905,100,100097,100,99891,100,100107,100,99829,100
2019-06-28 09:46:40.000000000,100018,206,100014,206,100055,206,99965,206,100061,206,99954,206,100075,206,99950,206,100078,100,99933,100,100081,100,99932,100,100082,100,99918,100,100085,100,99905,100,100097,100,99891,100,100107,100,99829,100
2019-06-28 09:46:48.484521638,100018,206,100014,206,100055,206,99965,206,100061,206,99954,206,100075,206,99950,206,100078,100,99933,100,100082,100,99932,100,100085,100,99918,100,100097,100,99905,100,100107,100,99891,100,100135,100,99829,100
2019-06-28 09:46:50.000000000,100018,185,100014,185,100055,185,99965,185,100061,185,99954,185,100075,185,99950,185,100078,185,99933,185,100082,100,99932,100,100085,100,99918,100,100097,100,99905,100,100107,100,99891,100,100135,100,99829,100
2019-06-28 09:47:00.000000000,100018,525,100014,525,100055,100,99965,100,100061,100,99954,100,100075,100,99950,100,100078,100,99933,100,100082,100,99932,100,100085,100,99918,100,100097,100,99905,100,100107,100,99891,100,100135,100,99829,100
2019-06-28 09:47:00.689225000,100018,425,100014,525,100055,100,99965,100,100061,100,99954,100,100075,100,99950,100,100078,100,99933,100,100082,100,99932,100,100085,100,99918,100,100097,100,99905,100,100107,100,99891,100,100135,100,99823,100
2019-06-28 09:47:10.000000000,100055,525,100014,525,100061,100,99965,100,100075,100,99954,100,100078,100,99950,100,100082,100,99933,100,100085,100,99932,100,100097,100,99918,100,100107,100,99905,100,100135,100,99891,100,100180,100,99823,100
2019-06-28 09:47:15.234008714,100055,525,100041,100,100061,100,100014,525,100075,100,99965,100,100078,100,99954,100,100082,100,99950,100,100085,100,99933,100,100097,100,99932,100,100135,100,99918,100,100180,100,99905,100,100288,100,99891,100
2019-06-28 09:47:20.000000000,100055,185,100041,185,100061,185,100014,185,100075,185,99965,185,100078,185,99954,185,100082,185,99950,185,100085,100,99933,100,100097,100,99932,100,100135,100,99918,100,100180,100,99905,100,100288,100,99891,100
2019-06-28 09:47:30.000000000,100055,206,100041,206,100061,206,100014,206,100075,206,99965,206,100078,206,99954,206,100082,100,99950,100,100085,100,99933,100,100097,100,99932,100,100135,100,99918,100,100180,100,99905,100,100288,100,99891,100
2019-06-28 09:47:40.000000000,100055,312,100041,312,100061,312,100014,312,100075,100,99965,100,100078,100,99954,100,100082,100,99950,100,100085,100,99933,100,100097,100,99932,100,100135,100,99918,100,100180,100,99905,100,100288,100,99891,100
2019-06-28 09:47:48.632016104,100055,312,100041,212,100061,312,100014,312,100075,100,99965,100,100078,100,99954,100,100082,100,99950,100,100085,100,99933,100,100097,100,99932,100,100135,100,99918,100,100180,100,99905,100,100288,100,99891,100
2019-06-28 09:47:50.000000000,100055,206,100014,206,100061,206,99965,206,100075,206,99954,206,100078,206,99950,206,100082,100,99933,100,100085,100,99932,100,100097,100,99918,100,100135,100,99905,100,100180,100,99891,100,100288,100,99823,100
2019-06-28 09:48:00.000000000,100055,525,100014,525,100061,100,99965,100,100075,100,99954,100,100078,100,99950,100,100082,100,99933,100,100085,100,99932,100,100097,100,99918,100,100135,100,99905,100,100180,100,99891,100,100288,100,99823,100
2019-06-28 09:48:10.000000000,100055,525,100014,525,100061,100,99965,100,100075,100,99954,100,100078,100,99950,100,100082,100,99933,100,100085,100,99932,100,100097,100,99918,100,100135,100,99905,100,100180,100,99891,100,100288,100,99823,100
2019-06-28 09:48:16.249377206,100055,525,100014,525,100061,100,99965,100,100075,100,99954,100,100078,100,99950,100,100082,100,99933,100,100085,100,99932,100,100097,100,99918,100,100135,100,99905,100,100163,100,99891,100,100180,100,99823,100
2019-06-28 09:48:20.000000000,100055,185,100014,185,100061,185,99965,185,100075,185,99954,185,100078,185,99950,185,100082,185,99933,185,100085,100,99932,100,100097,100,99918,100,100135,100,99905,100,100163,100,99891,100,100180,100,99823,100
2019-06-28 09:48:28.961141558,100035,100,100014,185,100055,185,99965,185,100061,185,99954,185,100075,185,99950,185,100078,185,99933,185,100082,185,99932,100,100085,100,99918,100,100097,100,99905,100,100135,100,99891,100,100163,100,99823,100
2019-06-28 09:48:30.000000000,100035,244,100014,244,100055,240,99965,240,100061,240,99954,240,100075,100,99950,100,100078,100,99933,100,100082,100,99932,100,100085,100,99918,100,100097,100,99905,100,100135,100,99891,100,100163,100,99823,100
2019-06-28 09:48:40.000000000,100035,525,100014,525,100055,100,99965,100,100061,100,99954,100,100075,100,99950,100,100078,100,99933,100,100082,100,99932,100,100085,100,99918,100,100097,100,99905,100,100135,100,99891,100,100163,100,99823,100
2019-06-28 09:48:50.000000000,100035,244,100014,244,100055,240,99965,240,100061,240,99954,240,100075,100,99950,100,100078,100,99933,100,100082,100,99932,100,100085,100,99918,100,100097,100,99905,100,100135,100,99891,100,100163,100,99823,100
2019-06-28 09:49:00.000000000,100035,312,100014,312,100055,312,99965,312,100061,100,99954,100,100075,100,99950,100,100078,100,99933,100,100082,100,99932,100,100085,100,99918,100,100097,100,99905,100,100135,100,99891,100,100163,100,99823,100
2019-06-28 09:49:00.209516021,100035,312,100014,212,100055,312,99965,312,100061,100,99954,100,100075,100,99950,100,100078,100,99933,100,100082,100,99932,100,100085,100,99918,100,100097,100,99905,100,100135,100,99891,100,100163,100,99823,100
2019-06-28 09:49:09.146618461,100035,312,100014,112,100055,312,99965,312,100061,100,99954,100,100075,100,99950,100,100078,100,99933,100,100082,100,99932,100,100085,100,99918,100,100135,100,99905,100,100163,100,99891,100,100180,100,99823,100
2019-06-28 09:49:10.000000000,100035,244,99965,244,100055,240,99954,240,100061,240,99950,240,100075,100,99933,100,100078,100,99932,100,100082,100,99918,100,100085,100,99905,100,100135,100,99891,100,100163,100,99823,100,100180,100,99821,100
2019-06-28 09:49:18.253904878,100035,244,99965,244,100055,240,99954,240,100061,240,99950,240,100075,100,99933,100,100078,100,99932,100,100082,100,99918,100,100085,100,99905,100,100135,100,99891,100,100163,100,99823,100,100180,100,99821,100
2019-06-28 09:49:20.000000000,100035,312,99965,312,100055,312,99954,312,100061,100,99950,100,100075,100,99933,100,100078,100,99932,100,100082,100,99918,100,100085,100,99905,100,100135,100,99891,100,100163,100,99823,100,100180,100,99821,100
2019-06-28 09:49:24.813417566,100035,312,99965,312,100055,312,99954,312,100061,100,99950,100,100075,100,99933,100,100078,100,99932,100,100082,100,99918,100,100085,100,99905,100,100135,100,99891,100,100163,100,99821,100,100180,100,99809,100
2019-06-28 09:49:30.000000000,100035,206,99965,206,100055,206,99954,206,100061,206,99950,206,100075,206,99933,206,100078,100,99932,100,100082,100,99918,100,100085,100,99905,100,100135,100,99891,100,100163,100,99821,100,100180,100,99809,100
2019-06-28 09:49:33.102434939,100014,100,99965,206,100035,206,99954,206,100055,206,99950,206,100061,206,99933,206,100075,206,99932,100,100078,100,99918,100,100082,100,99905,100,100085,100,99891,100,100135,100,99821,100,100163,100,99809,100
2019-06-28 09:49:40.000000000,100014,312,99965,312,100035,312,99954,312,100055,100,99950,100,100061,100,99933,100,100075,100,99932,100,100078,100,99918,100,100082,100,99905,100,100085,100,99891,100,100135,100,99821,100,100163,100,99809,100
2019-06-28 09:49:41.356949467,100014,312,99965,212,100035,312,99954,312,100055,100,99950,100,100061,100,99933,100,100075,100,99932,100,100078,100,99918,100,100082,100,99905,100,100085,100,99891,100,100135,100,99821,100,100163,100,99809,100
2019-06-28 09:49:42.427464039,100014,312,99965,112,100035,312,99954,312,100055,100,99950,100,100061,100,99933,100,100075,100,99932,100,100078,100,99918,100,100082,100,99905,100,100085,100,99891,100,100135,100,99821,100,100163,100,99799,100
2019-06-28 09:49:49.850398851,100014,312,99965,12,100035,312,99954,312,100055,100,99950,100,100061,100,99933,100,100075,100,99932,100,100082,100,99918,100,100085,100,99905,100,100135,100,99891,100,100163,100,99821,100,100209,100,99799,100
2019-06-28 09:49:50.000000000,100014,206,99954,206,100035,206,99950,206,100055,206,99933,206,100061,206,99932,206,100075,100,99918,100,100082,100,99905,100,100085,100,99891,100,100135,100,99821,100,100163,100,99799,100,100209,100,99797,100
2019-06-28 09:50:00.000000000,100014,206,99954,206,100035,206,99950,206,100055,206,99933,206,100061,206,99932,206,100075,100,99918,100,100082,100,99905,100,100085,100,99891,100,100135,100,99821,100,100163,100,99799,100,100209,100,99797,100
2019-06-28 09:50:02.728692908,100014,206,99954,206,100035,206,99950,206,100055,206,99933,206,100061,206,99932,206,100075,100,99918,100,100082,100,99905,100,100085,100,99891,100,100135,100,99821,100,100163,100,99799,100,100209,100,99797,100
2019-06-28 09:50:08.689491705,99965,100,99954,206,100014,206,99950,206,100035,206,99933,206,100055,206,99932,206,100061,206,99918,100,100075,100,99905,100,100082,100,99891,100,100085,100,99821,100,100135,100,99799,100,100163,100,99797,100
2019-06-28 09:50:09.260624815,99965,100,99954,106,100014,206,99950,206,100035,206,99933,206,100055,206,99932,206,100061,206,99918,100,100075,100,99905,100,100082,100,99891,100,100085,100,99821,100,100135,100,99799,100,100163,100,99797,100
2019-06-28 09:50:10.000000000,99965,312,99950,312,100014,312,99933,312,100035,100,99932,100,100055,100,99918,100,100061,100,99905,100,100075,100,99891,100,100082,100,99821,100,100085,100,99799,100,100135,100,99797,100,100163,100,99453,100
2019-06-28 09:50:20.000000000,99965,525,99950,525,100014,100,99933,100,100035,100,99932,100,100055,100,99918,100,100061,100,99905,100,100075,100,99891,100,100082,100,99821,100,100085,100,99799,100,100135,100,99797,100,100163,100,99453,100
2019-06-28 09:50:30.000000000,99965,185,99950,185,100014,185,99933,185,100035,185,99932,185,100055,185,99918,185,100061,185,99905,185,100075,100,99891,100,100082,100,99821,100,100085,100,99799,100,100135,100,99797,100,100163,100,99453,100
2019-06-28 09:50:38.225995972,99965,185,99950,85,100014,185,99933,185,100035,185,99932,185,100055,185,99918,185,100061,185,99905,185,100075,100,99891,100,100082,100,99821,100,100085,100,99799,100,100135,100,99797,100,100163,100,99453,100
2019-06-28 09:50:40.000000000,99965,185,99933,185,100014,185,99932,185,100035,185,99918,185,100055,185,99905,185,100061,185,99891,185,100075,100,99821,100,100082,100,99799,100,100085,100,99797,100,100135,100,99453,100,100163,100,99438,100
2019-06-28 09:50:50.000000000,99965,185,99933,185,100014,185,99932,185,100035,185,99918,185,100055,185,99905,185,100061,185,99891,185,100075,100,99821,100,100082,100,99799,100,100085,100,99797,100,100135,100,99453,100,100163,100,99438,100
2019-06-28 09:51:00.000000000,99965,312,99933,312,100014,312,99932,312,100035,100,99918,100,100055,100,99905,100,100061,100,99891,100,100075,100,99821,100,100082,100,99799,100,100085,100,99797,100,100135,100,99453,100,100163,100,99438,100
2019-06-28 09:51:10.000000000,99965,312,99933,312,100014,312,99932,312,100035,100,99918,100,100055,100,99905,100,100061,100,99891,100,100075,100,99821,100,100082,100,99799,100,100085,100,99797,100,100135,100,99453,100,100163,100,99438,100
2019-06-28 09:51:20.000000000,99965,312,99933,312,100014,312,99932,312,100035,100,99918,100,100055,100,99905,100,100061,100,99891,100,100075,100,99821,100,100082,100,99799,100,100085,100,99797,100,100135,100,99453,100,100163,100,99438,100
2019-06-28 09:51:30.000000000,99965,206,99933,206,100014,206,99932,206,100035,206,99918,206,100055,206,99905,206,100061,100,99891,100,100075,100,99821,100,100082,100,99799,100,100085,100,99797,100,100135,100,99453,100,100163,100,99438,100
2019-06-28 09:51:40.000000000,99965,525,99933,525,100014,100,99932,100,100035,100,99918,100,100055,100,99905,100,100061,100,99891,100,100075,100,99821,100,100082,100,99799,100,100085,100,99797,100,100135,100,99453,100,100163,100,99438,100
2019-06-28 09:51:50.000000000,99965,185,99933,185,100014,185,99932,185,100035,185,99918,185,100055,185,99905,185,100061,185,99891,185,100075,100,99821,100,100082,100,99799,100,100085,100,99797,100,100135,100,99453,100,100163,100,99438,100
2019-06-28 09:51:55.413319840,99965,185,99955,100,100014,185,99933,185,100035,185,99932,185,100055,185,99918,185,100061,185,99905,185,100075,100,99891,185,100082,100,99821,100,100085,100,99799,100,100135,100,99797,100,100163,100,99453,100
2019-06-28 09:52:00.000000000,99965,244,99955,244,100014,240,99933,240,100035,240,99932,240,100055,100,99918,100,100061,100,99905,100,100075,100,99891,100,100082,100,99821,100,100085,100,99799,100,100135,100,99797,100,100163,100,99453,100
2019-06-28 09:52:08.070663216,99965,244,99955,244,100014,240,99933,240,100035,240,99932,140,100055,100,99918,100,100061,100,99905,100,100075,100,99891,100,100082,100,99821,100,100085,100,99799,100,100135,100,99797,100,100163,100,99453,100
2019-06-28 09:52:10.000000000,99965,185,99955,185,100014,185,99933,185,100035,185,99918,185,100055,185,99905,185,100061,185,99891,185,100075,100,99821,100,100082,100,99799,100,100085,100,99797,100,100135,100,99453,100,100163,100,99438,100
2019-06-28 09:52:18.950473970,99965,185,99955,185,100014,185,99933,185,100035,185,99918,185,100055,185,99905,185,100061,185,99891,185,100075,100,99821,100,100082,100,99799,100,100085,100,99797,100,100135,100,99453,100,100163,100,99438,100
2019-06-28 09:52:20.000000000,99965,244,99955,244,100014,240,99933,240,100035,240,99918,240,100055,100,99905,100,100061,100,99891,100,100075,100,99821,100,100082,100,99799,100,100085,100,99797,100,100135,100,99453,100,100163,100,99438,100
2019-06-28 09:52:24.967936474,99965,244,99955,244,100014,240,99933,240,100035,240,99918,240,100055,100,99905,100,100061,100,99891,100,100075,100,99821,100,100082,100,99799,100,100085,100,99797,100,100135,100,99453,100,100163,100,99438,100
2019-06-28 09:52:26.719530266,99965,144,99955,244,100014,240,99933,240,100035,240,99918,240,100055,100,99905,100,100061,100,99891,100,100075,100,99821,100,100082,100,99799,100,100085,100,99797,100,100135,100,99453,100,100163,100,99438,100
2019-06-28 09:52:29.497277615,99965,144,99955,244,100014,240,99933,240,100035,240,99918,240,100055,100,99905,100,100061,100,99891,100,100075,100,99821,100,100082,100,99799,100,100085,100,99797,100,100135,100,99453,100,100163,100,99438,100
2019-06-28 09:52:30.000000000,100014,525,99955,525,100035,100,99933,100,100055,100,99918,100,100061,100,99905,100,100075,100,99891,100,100082,100,99821,100,100085,100,99799,100,100135,100,99797,100,100163,100,99453,100,100209,100,99438,100
2019-06-28 09:52:34.478163186,100014,425,99955,525,100035,100,99933,100,100055,100,99918,100,100061,100,99905,100,100075,100,99891,100,100082,100,99821,100,100085,100,99799,100,100135,100,99797,100,100163,100,99453,100,100209,100,99438,100
2019-06-28 09:52:40.000000000,100035,185,99955,185,100055,185,99933,185,100061,185,99918,185,100075,185,99905,185,100082,185,99891,185,100085,100,99821,100,100135,100,99799,100,100163,100,99797,100,100209,100,99453,100,100288,100,99438,100
2019-06-28 09:52:50.000000000,100035,312,99955,312,100055,312,99933,312,100061,100,99918,100,100075,100,99905,100,100082,100,99891,100,100085,100,99821,100,100135,100,99799,100,100163,100,99797,100,100209,100,99453,100,100288,100,99438,100
2019-06-28 09:52:50.750328783,100035,312,99955,312,100055,312,99933,312,100061,100,99918,100,100075,100,99905,100,100082,100,99891,100,100085,100,99799,100,100135,100,99797,100,100163,100,99453,100,100209,100,99438,100,100288,100,99209,100
2019-06-28 09:52:51.982921934,100035,212,99955,312,100055,312,99933,312,100061,100,99918,100,100075,100,99905,100,100082,100,99891,100,100085,100,99799,100,100135,100,99797,100,100163,100,99453,100,100209,100,99438,100,100288,100,,
2019-06-28 09:52:54.869431844,100035,112,99955,312,100055,312,99933,312,100061,100,99918,100,100075,100,99905,100,100082,100,99891,100,100085,100,99799,100,100135,100,99797,100,100163,100,99453,100,100209,100,99438,100,100288,100,,
2019-06-28 09:53:00.000000000,100055,525,99955,525,100061,100,99933,100,100075,100,99918,100,100082,100,99905,100,100085,100,99891,100,100135,100,99799,100,100163,100,99797,100,100209,100,99453,100,100288,100,99438,100,100342,100,,
2019-06-28 09:53:04.951934893,100055,425,99955,525,100061,100,99933,100,100075,100,99918,100,100082,100,99905,100,100085,100,99891,100,100135,100,99799,100,100163,100,99797,100,100209,100,99453,100,100288,100,99438,100,100342,100,,
2019-06-28 09:53:10.000000000,100061,525,99955,525,100075,100,99933,100,100082,100,99918,100,100085,100,99905,100,100135,100,99891,100,100163,100,99799,100,100209,100,99797,100,100288,100,99453,100,100342,100,99438,100,100519,100,,
2019-06-28 09:53:15.692657802,100061,425,99955,525,100075,100,99933,100,100082,100,99918,100,100085,100,99905,100,100135,100,99891,100,100209,100,99799,100,100288,100,99797,100,100342,100,99453,100,100519,100,99438,100,100661,100,,
2019-06-28 09:53:16.886012427,100061,325,99955,525,100075,100,99933,100,100082,100,99918,100,100085,100,99905,100,100135,100,99799,100,100209,100,99797,100,100288,100,99453,100,100342,100,99438,100,100519,100,,,100661,100,,
2019-06-28 09:53:20.000000000,100075,206,99955,206,100082,206,99933,206,100085,206,99918,206,100135,206,99905,206,100209,100,99799,100,100288,100,99797,100,100342,100,99453,100,100519,100,99438,100,100661,100,,,100692,100,,
2019-06-28 09:53:20.544255719,100075,106,99955,206,100082,206,99933,106,100085,206,99918,206,100135,206,99905,206,100209,100,99799,100,100288,100,99797,100,100342,100,99453,100,100519,100,99438,100,100661,100,,,100692,100,,
2019-06-28 09:53:30.000000000,100082,525,99955,525,100085,100,99918,100,100135,100,99905,100,100209,100,99799,100,100288,100,99797,100,100342,100,99453,100,100519,100,99438,100,100661,100,,,100692,100,,,100706,100,,
2019-06-28 09:53:40.000000000,100082,185,99955,185,100085,185,99918,185,100135,185,99905,185,100209,185,99799,185,100288,185,99797,185,100342,100,99453,100,100519,100,99438,100,100661,100,,,100692,100,,,100706,100,,
2019-06-28 09:53:50.000000000,100082,525,99955,525,100085,100,99918,100,100135,100,99905,100,100209,100,99799,100,100288,100,99797,100,100342,100,99453,100,100519,100,99438,100,100661,100,,,100692,100,,,100706,100,,
2019-06-28 09:54:00.000000000,100082,206,99955,206,100085,206,99918,206,100135,206,99905,206,100209,206,99799,206,100288,100,99797,100,100342,100,99453,100,100519,100,99438,100,100661,100,,,100692,100,,,100706,100,,
2019-06-28 09:54:10.000000000,100082,244,99955,244,100085,240,99918,240,100135,240,99905,240,100209,100,99799,100,100288,100,99797,100,100342,100,99453,100,100519,100,99438,100,100661,100,,,100692,100,,,100706,100,,
2019-06-28 09:54:20.000000000,100082,525,99955,525,100085,100,99918,100,100135,100,99905,100,100209,100,99799,100,100288,100,99797,100,100342,100,99453,100,100519,100,99438,100,100661,100,,,100692,100,,,100706,100,,
2019-06-28 09:54:30.000000000,100082,244,99955,244,100085,240,99918,240,100135,240,99905,240,100209,100,99799,100,100288,100,99797,100,100342,100,99453,100,100519,100,99438,100,100661,100,,,100692,100,,,100706,100,,
2019-06-28 09:54:40.000000000,100082,185,99955,185,100085,185,99918,185,100135,185,99905,185,100209,185,99799,185,100288,185,99797,185,100342,100,99453,100,100519,100,99438,100,100661,100,,,100692,100,,,100706,100,,
2019-06-28 09:54:50.000000000,100082,206,99955,206,100085,206,99918,206,100135,206,99905,206,100209,206,99799,206,100288,100,99797,100,100342,100,99453,100,100519,100,99438,100,100661,100,,,100692,100,,,100706,100,,
2019-06-28 09:54:57.263415234,100082,206,100035,100,100085,206,99955,206,100135,206,99918,206,100209,206,99905,206,100288,100,99799,206,100342,100,99797,100,100519,100,99453,100,100661,100,99438,100,100692,100,,,100706,100,,
2019-06-28 09:55:00.000000000,100082,185,100035,185,100085,185,99955,185,100135,185,99918,185,100209,185,99905,185,100288,185,99799,185,100342,100,99797,100,100519,100,99453,100,100661,100,99438,100,100692,100,,,100706,100,,
2019-06-28 09:55:10.000000000,100082,525,100035,525,100085,100,99955,100,100135,100,99918,100,100209,100,99905,100,100288,100,99799,100,100342,100,99797,100,100519,100,99453,100,100661,100,99438,100,100692,100,,,100706,100,,
2019-06-28 09:55:10.104011938,100072,100,100035,525,100082,525,99955,100,100085,100,99918,100,100135,100,99905,100,100209,100,99799,100,100288,100,99797,100,100342,100,99453,100,100519,100,99438,100,100661,100,,,100692,100,,
2019-06-28 09:55:17.712254292,100072,100,100035,525,100082,525,99955,100,100085,100,99918,100,100135,100,99905,100,100209,100,99886,100,100288,100,99799,100,100342,100,99797,100,100519,100,99453,100,100661,100,99438,100,100692,100,,
2019-06-28 09:55:20.000000000,100072,244,100035,244,100082,240,99955,240,100085,240,99918,240,100135,100,99905,100,100209,100,99886,100,100288,100,99799,100,100342,100,99797,100,100519,100,99453,100,100661,100,99438,100,100692,100,,
2019-06-28 09:55:30.000000000,100072,244,100035,244,100082,240,99955,240,100085,240,99918,240,100135,100,99905,100,100209,100,99886,100,100288,100,99799,100,100342,100,99797,100,100519,100,99453,100,100661,100,99438,100,100692,100,,
2019-06-28 09:55:40.000000000,100072,244,100035,244,100082,240,99955,240,100085,240,99918,240,100135,100,99905,100,100209,100,99886,100,100288,100,99799,100,100342,100,99797,100,100519,100,99453,100,100661,100,99438,100,100692,100,,
2019-06-28 09:55:43.075399469,100072,244,100035,144,100082,240,99955,240,100085,240,99918,240,100135,100,99905,100,100288,100,99886,100,100342,100,99799,100,100519,100,99797,100,100661,100,99453,100,100692,100,99438,100,100751,100,,
2019-06-28 09:55:50.000000000,100072,185,99955,185,100082,185,99918,185,100085,185,99905,185,100135,185,99886,185,100288,185,99799,185,100342,100,99797,100,100519,100,99453,100,100661,100,99438,100,100692,100,,,100751,100,,
2019-06-28 09:56:00.000000000,100072,206,99955,206,100082,206,99918,206,100085,206,99905,206,100135,206,99886,206,100288,100,99799,100,100342,100,99797,100,100519,100,99453,100,100661,100,99438,100,100692,100,,,100751,100,,
2019-06-28 09:56:02.620831639,100072,206,99955,206,100082,206,99918,206,100085,206,99905,206,100135,206,99886,206,100288,100,99799,100,100342,100,99797,100,100519,100,99483,100,100661,100,99453,100,100692,100,99438,100,100751,100,,
2019-06-28 09:56:09.893410776,100072,206,99955,106,100082,106,99918,206,100085,206,99905,206,100135,206,99886,206,100288,100,99799,100,100342,100,99797,100,100519,100,99483,100,100661,100,99453,100,100692,100,99438,100,100751,100,,
2019-06-28 09:56:10.000000000,100072,244,99918,244,100085,240,99905,240,100135,240,99886,240,100288,100,99799,100,100342,100,99797,100,100519,100,99483,100,100661,100,99453,100,100692,100,99438,100,100751,100,,,100819,100,,
2019-06-28 09:56:20.000000000,100072,206,99918,206,100085,206,99905,206,100135,206,99886,206,100288,206,99799,206,100342,100,99797,100,100519,100,99483,100,100661,100,99453,100,100692,100,99438,100,100751,100,,,100819,100,,
2019-06-28 09:56:30.000000000,100072,206,99918,206,100085,206,99905,206,100135,206,99886,206,100288,206,99799,206,100342,100,99797,100,100519,100,99483,100,100661,100,99453,100,100692,100,99438,100,100751,100,,,100819,100,,
2019-06-28 09:56:30.540208969,100072,206,99918,206,100085,206,99905,206,100135,206,99886,206,100288,206,99799,206,100342,100,99797,100,100519,100,99690,100,100661,100,99483,100,100692,100,99453,100,100751,100,99438,100,100819,100,,
2019-06-28 09:56:40.000000000,100072,244,99918,244,100085,240,99905,240,100135,240,99886,240,100288,100,99799,100,100342,100,99797,100,100519,100,99690,100,100661,100,99483,100,100692,100,99453,100,100751,100,99438,100,100819,100,,
2019-06-28 09:56:50.000000000,100072,312,99918,312,100085,312,99905,312,100135,100,99886,100,100288,100,99799,100,100342,100,99797,100,100519,100,99690,100,100661,100,99483,100,100692,100,99453,100,100751,100,99438,100,100819,100,,
2019-06-28 09:56:53.888069515,100072,312,99918,312,100085,312,99905,312,100135,100,99886,100,100288,100,99799,100,100342,100,99797,100,100519,100,99690,100,100661,100,99652,100,100692,100,99483,100,100751,100,99453,100,100819,100,99438,100
2019-06-28 09:57:00.000000000,100072,244,99918,244,100085,240,99905,240,100135,240,99886,240,100288,100,99799,100,100342,100,99797,100,100519,100,99690,100,100661,100,99652,100,100692,100,99483,100,100751,100,99453,100,100819,100,99438,100
2019-06-28 09:57:10.000000000,100072,312,99918,312,100085,312,99905,312,100135,100,99886,100,100288,100,99799,100,100342,100,99797,100,100519,100,99690,100,100661,100,99652,100,100692,100,99483,100,100751,100,99453,100,100819,100,99438,100
2019-06-28 09:57:20.000000000,100072,244,99918,244,100085,240,99905,240,100135,240,99886,240,100288,100,99799,100,100342,100,99797,100,100519,100,99690,100,100661,100,99652,100,100692,100,99483,100,100751,100,99453,100,100819,100,99438,100
2019-06-28 09:57:30.000000000,100072,185,99918,185,100085,185,99905,185,100135,185,99886,185,100288,185,99799,185,100342,185,99797,185,100519,100,99690,100,100661,100,99652,100,100692,100,99483,100,100751,100,99453,100,100819,100,99438,100
2019-06-28 09:57:38.561599724,100072,185,99956,100,100085,185,99918,185,100135,185,99905,185,100288,185,99886,185,100342,185,99799,185,100519,100,99797,185,100661,100,99690,100,100692,100,99652,100,100751,100,99483,100,100819,100,99453,100
2019-06-28 09:57:40.000000000,100072,206,99956,206,100085,206,99918,206,100135,206,99905,206,100288,206,99886,206,100342,100,99799,100,100519,100,99797,100,100661,100,99690,100,100692,100,99652,100,100751,100,99483,100,100819,100,99453,100
2019-06-28 09:57:42.048787874,100035,100,99956,206,100072,206,99918,206,100085,206,99905,206,100135,206,99886,206,100288,206,99799,100,100342,100,99797,100,100519,100,99690,100,100661,100,99652,100,100692,100,99483,100,100751,100,99453,100
2019-06-28 09:57:49.560701659,100072,206,99956,206,100085,206,99918,206,100135,206,99905,206,100288,206,99886,206,100342,100,99799,100,100519,100,99797,100,100661,100,99690,100,100692,100,99652,100,100751,100,99483,100,100819,100,99453,100
2019-06-28 09:57:50.000000000,100072,244,99956,244,100085,240,99918,240,100135,240,99905,240,100288,100,99886,100,100342,100,99799,100,100519,100,99797,100,100661,100,99690,100,100692,100,99652,100,100751,100,99483,100,100819,100,99453,100
2019-06-28 09:57:58.335903159,100072,244,99956,144,100085,240,99918,240,100135,240,99905,240,100288,100,99886,100,100342,100,99799,100,100519,100,99797,100,100661,100,99690,100,100692,100,99652,100,100751,100,99483,100,100819,100,99438,100
2019-06-28 09:58:00.000000000,100072,185,99918,185,100085,185,99905,185,100135,185,99886,185,100288,185,99799,185,100342,185,99797,185,100519,100,99690,100,100661,100,99652,100,100692,100,99483,100,100751,100,99438,100,100819,100,,
2019-06-28 09:58:05.865896171,100072,185,99918,185,100085,185,99905,185,100135,185,99886,185,100288,185,99799,185,100342,185,99797,185,100519,100,99744,100,100661,100,99690,100,100692,100,99652,100,100751,100,99483,100,100819,100,99438,100
2019-06-28 09:58:10.000000000,100072,185,99918,185,100085,185,99905,185,100135,185,99886,185,100288,185,99799,185,100342,185,99797,185,100519,100,99744,100,100661,100,99690,100,100692,100,99652,100,100751,100,99483,100,100819,100,99438,100
2019-06-28 09:58:20.000000000,100072,525,99918,525,100085,100,99905,100,100135,100,99886,100,100288,100,99799,100,100342,100,99797,100,100519,100,99744,100,100661,100,99690,100,100692,100,99652,100,100751,100,99483,100,100819,100,99438,100
2019-06-28 09:58:27.752961338,99950,100,99918,525,100072,525,99905,100,100085,100,99886,100,100135,100,99799,100,100288,100,99797,100,100342,100,99744,100,100519,100,99690,100,100661,100,99652,100,100692,100,99483,100,100751,100,99438,100
2019-06-28 09:58:30.000000000,99950,244,99918,244,100072,240,99905,240,100085,240,99886,240,100135,100,99799,100,100288,100,99797,100,100342,100,99744,100,100519,100,99690,100,100661,100,99652,100,100692,100,99483,100,100751,100,99438,100
2019-06-28 09:58:40.000000000,99950,206,99918,206,100072,206,99905,206,100085,206,99886,206,100135,206,99799,206,100288,100,99797,100,100342,100,99744,100,100519,100,99690,100,100661,100,99652,100,100692,100,99483,100,100751,100,99438,100
2019-06-28 09:58:47.392592984,99950,206,99918,106,100072,206,99905,206,100085,206,99886,206,100135,206,99799,206,100288,100,99797,100,100342,100,99744,100,100519,100,99690,100,100661,100,99652,100,100692,100,99483,100,100751,100,99438,100
2019-06-28 09:58:50.000000000,99950,525,99905,525,100072,100,99886,100,100085,100,99799,100,100135,100,99797,100,100288,100,99744,100,100342,100,99690,100,100519,100,99652,100,100661,100,99483,100,100692,100,99438,100,100751,100,,
2019-06-28 09:59:00.000000000,99950,525,99905,525,100072,100,99886,100,100085,100,99799,100,100135,100,99797,100,100288,100,99744,100,100342,100,99690,100,100519,100,99652,100,100661,100,99483,100,100692,100,99438,100,100751,100,,
2019-06-28 09:59:10.000000000,99950,185,99905,185,100072,185,99886,185,100085,185,99799,185,100135,185,99797,185,100288,185,99744,185,100342,100,99690,100,100519,100,99652,100,100661,100,99483,100,100692,100,99438,100,100751,100,,
2019-06-28 09:59:12.255264704,99950,85,99905,185,100072,185,99886,185,100085,185,99799,185,100135,185,99797,185,100288,185,99744,185,100342,100,99690,100,100519,100,99652,100,100692,100,99483,100,100751,100,99438,100,100819,100,,
2019-06-28 09:59:15.878215431,99950,85,99905,85,100072,185,99886,185,100085,185,99799,185,100135,185,99797,185,100288,185,99744,185,100342,100,99690,100,100519,100,99652,100,100692,100,99483,100,100751,100,99438,100,100819,100,,
2019-06-28 09:59:20.000000000,100072,312,99886,312,100085,312,99799,312,100135,100,99797,100,100288,100,99744,100,100342,100,99690,100,100519,100,99652,100,100692,100,99483,100,100751,100,99438,100,100819,100,,,100856,100,,
2019-06-28 09:59:30.000000000,100072,244,99886,244,100085,240,99799,240,100135,240,99797,240,100288,100,99744,100,100342,100,99690,100,100519,100,99652,100,100692,100,99483,100,100751,100,99438,100,100819,100,,,100856,100,,
2019-06-28 09:59:40.000000000,100072,525,99886,525,100085,100,99799,100,100135,100,99797,100,100288,100,99744,100,100342,100,99690,100,100519,100,99652,100,100692,100,99483,100,100751,100,99438,100,100819,100,,,100856,100,,
2019-06-28 09:59:48.694713685,100072,525,99886,425,100085,100,99799,100,100288,100,99797,100,100342,100,99744,100,100519,100,99690,100,100692,100,99652,100,100751,100,99483,100,100819,100,99438,100,100856,100,,,101333,100,,
2019-06-28 09:59:50.000000000,100072,206,99799,206,100085,206,99797,206,100288,206,99744,206,100342,206,99690,206,100519,100,99652,100,100692,100,99483,100,100751,100,99438,100,100819,100,,,100856,100,,,101333,100,,
2019-06-28 10:00:00.000000000,100072,185,99799,185,100085,185,99797,185,100288,185,99744,185,100342,185,99690,185,100519,185,99652,185,100692,100,99483,100,100751,100,99438,100,100819,100,,,100856,100,,,101333,100,,
2019-06-28 10:00:10.000000000,100072,185,99799,185,100085,185,99797,185,100288,185,99744,185,100342,185,99690,185,100519,185,99652,185,100692,100,99483,100,100751,100,99438,100,100819,100,,,100856,100,,,101333,100,,
2019-06-28 10:00:20.000000000,100072,525,99799,525,100085,100,99797,100,100288,100,99744,100,100342,100,99690,100,100519,100,99652,100,100692,100,99483,100,100751,100,99438,100,100819,100,,,100856,100,,,101333,100,,
2019-06-28 10:00:30.000000000,100072,206,99799,206,100085,206,99797,206,100288,206,99744,206,100342,206,99690,206,100519,100,99652,100,100692,100,99483,100,100751,100,99438,100,100819,100,,,100856,100,,,101333,100,,
2019-06-28 10:00:36.236542818,100072,206,99799,106,100085,206,99797,206,100288,206,99744,206,100342,206,99690,206,100519,100,99652,100,100692,100,99483,100,100751,100,99438,100,100819,100,,,100856,100,,,101333,100,,
2019-06-28 10:00:39.871929794,100072,206,99799,106,100085,206,99797,206,100288,206,99744,206,100342,206,99709,100,100519,100,99690,206,100692,100,99652,100,100751,100,99483,100,100819,100,99438,100,100856,100,,,101333,100,,
2019-06-28 10:00:40.000000000,100072,206,99797,206,100085,206,99744,206,100288,206,99709,206,100342,206,99690,206,100519,100,99652,100,100692,100,99483,100,100751,100,99438,100,100819,100,,,100856,100,,,101333,100,,
2019-06-28 10:00:50.000000000,100072,244,99797,244,100085,240,99744,240,100288,240,99709,240,100342,100,99690,100,100519,100,99652,100,100692,100,99483,100,100751,100,99438,100,100819,100,,,100856,100,,,101333,100,,
2019-06-28 10:00:58.591561161,99886,100,99797,244,100072,244,99744,240,100085,240,99709,240,100288,240,99690,100,100342,100,99652,100,100519,100,99483,100,100692,100,99438,100,100751,100,,,100819,100,,,100856,100,,
2019-06-28 10:01:00.000000000,99886,244,99797,244,100072,240,99744,240,100085,240,99709,240,100288,100,99690,100,100342,100,99652,100,100519,100,99483,100,100692,100,99438,100,100751,100,,,100819,100,,,100856,100,,
2019-06-28 10:01:02.376281205,99886,244,99797,244,100072,240,99753,100,100085,240,99744,240,100288,100,99709,240,100342,100,99690,100,100519,100,99652,100,100692,100,99483,100,100751,100,99438,100,100819,100,,,100856,100,,
2019-06-28 10:01:10.000000000,99886,525,99797,525,100072,100,99753,100,100085,100,99744,100,100288,100,99709,100,100342,100,99690,100,100519,100,99652,100,100692,100,99483,100,100751,100,99438,100,100819,100,,,100856,100,,
2019-06-28 10:01:17.489498543,99886,525,99862,100,100072,100,99797,525,100085,100,99753,100,100288,100,99744,100,100342,100,99709,100,100692,100,99690,100,100751,100,99652,100,100819,100,99483,100,100856,100,99438,100,101333,100,,
2019-06-28 10:01:20.000000000,99886,185,99862,185,100072,185,99797,185,100085,185,99753,185,100288,185,99744,185,100342,185,99709,185,100692,100,99690,100,100751,100,99652,100,100819,100,99483,100,100856,100,99438,100,101333,100,,
2019-06-28 10:01:20.614397024,99886,285,99862,185,100072,185,99797,185,100085,185,99753,185,100288,185,99744,185,100342,185,99709,185,100692,100,99690,100,100751,100,99652,100,100819,100,99483,100,100856,100,99438,100,101333,100,,
2019-06-28 10:01:30.000000000,99886,306,99862,206,100072,206,99797,206,100085,206,99753,206,100288,206,99744,206,100342,100,99709,100,100692,100,99690,100,100751,100,99652,100,100819,100,99483,100,100856,100,99438,100,101333,100,,
2019-06-28 10:01:35.650342983,99886,306,99862,206,100072,206,99797,206,100085,206,99781,100,100288,206,99753,206,100342,100,99744,206,100692,100,99709,100,100751,100,99690,100,100819,100,99652,100,100856,100,99483,100,101333,100,99438,100
2019-06-28 10:01:36.077894709,99886,306,99862,106,100072,206,99797,206,100085,206,99781,100,100288,206,99753,206,100342,100,99744,206,100692,100,99709,100,100751,100,99690,100,100819,100,99652,100,100856,100,99483,100,101333,100,,
2019-06-28 10:01:40.000000000,99886,306,99797,206,100072,206,99781,206,100085,206,99753,206,100288,206,99744,206,100342,100,99709,100,100692,100,99690,100,100751,100,99652,100,100819,100,99483,100,100856,100,,,101333,100,,
2019-06-28 10:01:50.000000000,99886,344,99797,244,100072,240,99781,240,100085,240,99753,240,100288,100,99744,100,100342,100,99709,100,100692,100,99690,100,100751,100,99652,100,100819,100,99483,100,100856,100,,,101333,100,,
2019-06-28 10:02:00.000000000,99886,285,99797,185,100072,185,99781,185,100085,185,99753,185,100288,185,99744,185,100342,185,99709,185,100692,100,99690,100,100751,100,99652,100,100819,100,99483,100,100856,100,,,101333,100,,
2019-06-28 10:02:10.000000000,99886,412,99797,312,100072,312,99781,312,100085,100,99753,100,100288,100,99744,100,100342,100,99709,100,100692,100,99690,100,100751,100,99652,100,100819,100,99483,100,100856,100,,,101333,100,,
2019-06-28 10:02:20.000000000,99886,344,99797,244,100072,240,99781,240,100085,240,99753,240,100288,100,99744,100,100342,100,99709,100,100692,100,99690,100,100751,100,99652,100,100819,100,99483,100,100856,100,,,101333,100,,
2019-06-28 10:02:30.000000000,99886,412,99797,312,100072,312,99781,312,100085,100,99753,100,100288,100,99744,100,100342,100,99709,100,100692,100,99690,100,100751,100,99652,100,100819,100,99483,100,100856,100,,,101333,100,,
2019-06-28 10:02:30.728178834,99886,412,99797,212,100072,312,99781,312,100085,100,99753,100,100288,100,99744,100,100342,100,99709,100,100692,100,99690,100,100751,100,99652,100,100819,100,99483,100,100856,100,,,101333,100,,
2019-06-28 10:02:32.789448318,99862,100,99797,212,99886,412,99781,312,100072,312,99753,100,100085,100,99744,100,100288,100,99709,100,100342,100,99690,100,100692,100,99652,100,100751,100,99483,100,100819,100,,,100856,100,,
2019-06-28 10:02:40.000000000,99862,525,99781,525,99886,200,99753,100,100072,100,99744,100,100085,100,99709,100,100288,100,99690,100,100342,100,99652,100,100692,100,99483,100,100751,100,,,100819,100,,,100856,100,,
2019-06-28 10:02:40.847189755,99862,525,99781,525,99886,200,99753,100,100072,100,99744,100,100085,100,99709,100,100288,100,99690,100,100342,100,99652,100,100692,100,99483,100,100751,100,99321,100,100819,100,,,100856,100,,
2019-06-28 10:02:41.992992814,99862,525,99781,425,99886,200,99753,100,100072,100,99744,100,100085,100,99709,100,100288,100,99690,100,100342,100,99652,100,100692,100,99483,100,100751,100,99321,100,100819,100,,,100856,100,,
2019-06-28 10:02:50.000000000,99862,525,99753,525,99886,200,99744,100,100072,100,99709,100,100085,100,99690,100,100288,100,99652,100,100342,100,99483,100,100692,100,99321,100,100751,100,,,100819,100,,,100856,100,,
2019-06-28 10:03:00.000000000,99862,525,99753,525,99886,200,99744,100,100072,100,99709,100,100085,100,99690,100,100288,100,99652,100,100342,100,99483,100,100692,100,99321,100,100751,100,,,100819,100,,,100856,100,,
2019-06-28 10:03:08.249889868,99862,525,99753,525,99886,200,99744,100,100072,100,99709,100,100085,100,99690,100,100288,100,99652,100,100342,100,99483,100,100692,100,99321,100,100751,100,99251,100,100819,100,,,100856,100,,
2019-06-28 10:03:10.000000000,99862,206,99753,206,99886,306,99744,206,100072,206,99709,206,100085,206,99690,206,100288,100,99652,100,100342,100,99483,100,100692,100,99321,100,100751,100,99251,100,100819,100,,,100856,100,,
2019-06-28 10:03:20.000000000,99862,525,99753,525,99886,200,99744,100,100072,100,99709,100,100085,100,99690,100,100288,100,99652,100,100342,100,99483,100,100692,100,99321,100,100751,100,99251,100,100819,100,,,100856,100,,
2019-06-28 10:03:23.273454036,99797,100,99753,525,99862,525,99744,100,99886,200,99709,100,100072,100,99690,100,100085,100,99652,100,100288,100,99483,100,100342,100,99321,100,100692,100,99251,100,100751,100,,,100819,100,,
2019-06-28 10:03:30.000000000,99797,206,99753,206,99862,206,99744,206,99886,306,99709,206,100072,206,99690,206,100085,100,99652,100,100288,100,99483,100,100342,100,99321,100,100692,100,99251,100,100751,100,,,100819,100,,
2019-06-28 10:03:40.000000000,99797,244,99753,244,99862,240,99744,240,99886,340,99709,240,100072,100,99690,100,100085,100,99652,100,100288,100,99483,100,100342,100,99321,100,100692,100,99251,100,100751,100,,,100819,100,,
2019-06-28 10:03:50.000000000,99797,206,99753,206,99862,206,99744,206,99886,306,99709,206,100072,206,99690,206,100085,100,99652,100,100288,100,99483,100,100342,100,99321,100,100692,100,99251,100,100751,100,,,100819,100,,
2019-06-28 10:04:00.000000000,99797,525,99753,525,99862,100,99744,100,99886,200,99709,100,100072,100,99690,100,100085,100,99652,100,100288,100,99483,100,100342,100,99321,100,100692,100,99251,100,100751,100,,,100819,100,,
2019-06-28 10:04:10.000000000,99797,244,99753,244,99862,240,99744,240,99886,340,99709,240,100072,100,99690,100,100085,100,99652,100,100288,100,99483,100,100342,100,99321,100,100692,100,99251,100,100751,100,,,100819,100,,
2019-06-28 10:04:18.856345538,99797,344,99753,244,99862,240,99744,240,99886,340,99709,240,100072,100,99690,100,100085,100,99652,100,100288,100,99483,100,100342,100,99321,100,100692,100,99251,100,100751,100,,,100819,100,,
2019-06-28 10:04:20.000000000,99797,344,99753,244,99862,240,99744,240,99886,340,99709,240,100072,100,99690,100,100085,100,99652,100,100288,100,99483,100,100342,100,99321,100,100692,100,99251,100,100751,100,,,100819,100,,
2019-06-28 10:04:30.000000000,99797,285,99753,185,99862,185,99744,185,99886,285,99709,185,100072,185,99690,185,100085,185,99652,185,100288,100,99483,100,100342,100,99321,100,100692,100,99251,100,100751,100,,,100819,100,,
2019-06-28 10:04:31.218819539,99797,385,99753,185,99862,185,99744,185,99886,285,99709,185,100072,185,99690,185,100085,185,99652,185,100288,100,99483,100,100342,100,99321,100,100692,100,99251,100,100751,100,,,100819,100,,
2019-06-28 10:04:35.692341229,99797,385,99753,85,99862,185,99744,185,99886,285,99709,185,100072,185,99690,185,100085,185,99652,185,100288,100,99483,100,100342,100,99321,100,100692,100,99251,100,100751,100,,,100819,100,,
2019-06-28 10:04:40.000000000,99797,512,99744,312,99862,312,99709,312,99886,200,99690,100,100072,100,99652,100,100085,100,99483,100,100288,100,99321,100,100342,100,99251,100,100692,100,,,100751,100,,,100819,100,,
2019-06-28 10:04:50.000000000,99797,444,99744,244,99862,240,99709,240,99886,340,99690,240,100072,100,99652,100,100085,100,99483,100,100288,100,99321,100,100342,100,99251,100,100692,100,,,100751,100,,,100819,100,,
2019-06-28 10:05:00.000000000,99797,444,99744,244,99862,240,99709,240,99886,340,99690,240,100072,100,99652,100,100085,100,99483,100,100288,100,99321,100,100342,100,99251,100,100692,100,,,100751,100,,,100819,100,,
2019-06-28 10:05:10.000000000,99797,385,99744,185,99862,185,99709,185,99886,285,99690,185,100072,185,99652,185,100085,185,99483,185,100288,100,99321,100,100342,100,99251,100,100692,100,,,100751,100,,,100819,100,,
2019-06-28 10:05:20.000000000,99797,406,99744,206,99862,206,99709,206,99886,306,99690,206,100072,206,99652,206,100085,100,99483,100,100288,100,99321,100,100342,100,99251,100,100692,100,,,100751,100,,,100819,100,,
2019-06-28 10:05:30.000000000,99797,725,99744,525,99862,100,99709,100,99886,200,99690,100,100072,100,99652,100,100085,100,99483,100,100288,100,99321,100,100342,100,99251,100,100692,100,,,100751,100,,,100819,100,,
2019-06-28 10:05:40.000000000,99797,725,99744,525,99862,100,99709,100,99886,200,99690,100,100072,100,99652,100,100085,100,99483,100,100288,100,99321,100,100342,100,99251,100,100692,100,,,100751,100,,,100819,100,,
2019-06-28 10:05:50.000000000,99797,406,99744,206,99862,206,99709,206,99886,306,99690,206,100072,206,99652,206,100085,100,99483,100,100288,100,99321,100,100342,100,99251,100,100692,100,,,100751,100,,,100819,100,,
2019-06-28 10:06:00.000000000,99797,725,99744,525,99862,100,99709,100,99886,200,99690,100,100072,100,99652,100,100085,100,99483,100,100288,100,99321,100,100342,100,99251,100,100692,100,,,100751,100,,,100819,100,,
2019-06-28 10:06:10.000000000,99797,385,99744,185,99862,185,99709,185,99886,285,99690,185,100072,185,99652,185,100085,185,99483,185,100288,100,99321,100,100342,100,99251,100,100692,100,,,100751,100,,,100819,100,,
2019-06-28 10:06:20.000000000,99797,406,99744,206,99862,206,99709,206,99886,306,99690,206,100072,206,99652,206,100085,100,99483,100,100288,100,99321,100,100342,100,99251,100,100692,100,,,100751,100,,,100819,100,,
2019-06-28 10:06:30.000000000,99797,725,99744,525,99862,100,99709,100,99886,200,99690,100,100072,100,99652,100,100085,100,99483,100,100288,100,99321,100,100342,100,99251,100,100692,100,,,100751,100,,,100819,100,,
2019-06-28 10:06:40.000000000,99797,512,99744,312,99862,312,99709,312,99886,200,99690,100,100072,100,99652,100,100085,100,99483,100,100288,100,99321,100,100342,100,99251,100,100692,100,,,100751,100,,,100819,100,,
2019-06-28 10:06:50.000000000,99797,406,99744,206,99862,206,99709,206,99886,306,99690,206,100072,206,99652,206,100085,100,99483,100,100288,100,99321,100,100342,100,99251,100,100692,100,,,100751,100,,,100819,100,,
2019-06-28 10:06:58.792452237,99797,406,99744,206,99862,206,99709,206,99886,306,99690,206,99962,100,99652,206,100072,206,99483,100,100085,100,99321,100,100288,100,99251,100,100342,100,,,100692,100,,,100751,100,,
2019-06-28 10:07:00.000000000,99797,512,99744,312,99862,312,99709,312,99886,200,99690,100,99962,100,99652,100,100072,100,99483,100,100085,100,99321,100,100288,100,99251,100,100342,100,,,100692,100,,,100751,100,,
2019-06-28 10:07:10.000000000,99797,512,99744,312,99862,312,99709,312,99886,200,99690,100,99962,100,99652,100,100072,100,99483,100,100085,100,99321,100,100288,100,99251,100,100342,100,,,100692,100,,,100751,100,,
2019-06-28 10:07:20.000000000,99797,406,99744,206,99862,206,99709,206,99886,306,99690,206,99962,206,99652,206,100072,100,99483,100,100085,100,99321,100,100288,100,99251,100,100342,100,,,100692,100,,,100751,100,,
2019-06-28 10:07:25.682577726,99797,406,99744,206,99840,100,99709,206,99862,206,99690,206,99886,306,99652,206,99962,206,99483,100,100072,100,99321,100,100085,100,99251,100,100288,100,,,100342,100,,,100692,100,,
2019-06-28 10:07:30.000000000,99797,385,99744,185,99840,185,99709,185,99862,185,99690,185,99886,285,99652,185,99962,185,99483,185,100072,100,99321,100,100085,100,99251,100,100288,100,,,100342,100,,,100692,100,,
2019-06-28 10:07:34.831281095,99797,385,99744,185,99840,185,99709,185,99862,185,99690,185,99886,285,99652,185,99952,100,99483,185,99962,185,99321,100,100072,100,99251,100,100085,100,,,100342,100,,,100692,100,,
2019-06-28 10:07:40.000000000,99797,444,99744,244,99840,240,99709,240,99862,240,99690,240,99886,200,99652,100,99952,100,99483,100,99962,100,99321,100,100072,100,99251,100,100085,100,,,100342,100,,,100692,100,,
2019-06-28 10:07:45.330757785,99797,344,99744,244,99840,140,99709,240,99862,240,99690,240,99886,200,99652,100,99952,100,99483,100,99962,100,99321,100,100072,100,99251,100,100085,100,,,100342,100,,,100692,100,,
2019-06-28 10:07:46.497873700,99797,344,99744,244,99840,140,99709,240,99862,240,99690,240,99886,200,99652,100,99952,100,99483,100,99962,100,99321,100,100062,100,99251,100,100072,100,,,100342,100,,,100692,100,,
2019-06-28 10:07:50.000000000,99797,412,99744,312,99862,312,99709,312,99886,200,99690,100,99952,100,99652,100,99962,100,99483,100,100062,100,99321,100,100072,100,99251,100,100342,100,,,100692,100,,,100751,100,,
2019-06-28 10:08:00.000000000,99797,285,99744,185,99862,185,99709,185,99886,285,99690,185,99952,185,99652,185,99962,185,99483,185,100062,100,99321,100,100072,100,99251,100,100342,100,,,100692,100,,,100751,100,,
2019-06-28 10:08:02.678392568,99797,285,99754,100,99862,185,99744,185,99886,285,99709,185,99952,185,99690,185,99962,185,99652,185,100062,100,99483,185,100072,100,99321,100,100342,100,99251,100,100692,100,,,100751,100,,
2019-06-28 10:08:10.000000000,99797,625,99754,525,99862,100,99744,100,99886,200,99709,100,99952,100,99690,100,99962,100,99652,100,100062,100,99483,100,100072,100,99321,100,100342,100,99251,100,100692,100,,,100751,100,,
2019-06-28 10:08:16.908117401,99797,625,99754,525,99862,100,99744,100,99886,200,99709,100,99952,100,99690,100,99962,100,99652,100,100062,100,99483,100,100342,100,99321,100,100398,100,99251,100,100692,100,,,100751,100,,
2019-06-28 10:08:20.000000000,99797,306,99754,206,99862,206,99744,206,99886,306,99709,206,99952,206,99690,206,99962,100,99652,100,100062,100,99483,100,100342,100,99321,100,100398,100,99251,100,100692,100,,,100751,100,,
2019-06-28 10:08:30.000000000,99797,306,99754,206,99862,206,99744,206,99886,306,99709,206,99952,206,99690,206,99962,100,99652,100,100062,100,99483,100,100342,100,99321,100,100398,100,99251,100,100692,100,,,100751,100,,
2019-06-28 10:08:40.000000000,99797,344,99754,244,99862,240,99744,240,99886,340,99709,240,99952,100,99690,100,99962,100,99652,100,100062,100,99483,100,100342,100,99321,100,100398,100,99251,100,100692,100,,,100751,100,,
2019-06-28 10:08:50.000000000,99797,344,99754,244,99862,240,99744,240,99886,340,99709,240,99952,100,99690,100,99962,100,99652,100,100062,100,99483,100,100342,100,99321,100,100398,100,99251,100,100692,100,,,100751,100,,
2019-06-28 10:09:00.000000000,99797,344,99754,244,99862,240,99744,240,99886,340,99709,240,99952,100,99690,100,99962,100,99652,100,100062,100,99483,100,100342,100,99321,100,100398,100,99251,100,100692,100,,,100751,100,,
2019-06-28 10:09:10.000000000,99797,285,99754,185,99862,185,99744,185,99886,285,99709,185,99952,185,99690,185,99962,185,99652,185,100062,100,99483,100,100342,100,99321,100,100398,100,99251,100,100692,100,,,100751,100,,
2019-06-28 10:09:20.000000000,99797,412,99754,312,99862,312,99744,312,99886,200,99709,100,99952,100,99690,100,99962,100,99652,100,100062,100,99483,100,100342,100,99321,100,100398,100,99251,100,100692,100,,,100751,100,,
