,ask_price_1,ask_size_1,bid_price_1,bid_size_1,ask_price_2,ask_size_2,bid_price_2,bid_size_2,ask_price_3,ask_size_3,bid_price_3,bid_size_3,ask_price_4,ask_size_4,bid_price_4,bid_size_4,ask_price_5,ask_size_5,bid_price_5,bid_size_5,ask_price_6,ask_size_6,bid_price_6,bid_size_6,ask_price_7,ask_size_7,bid_price_7,bid_size_7,ask_price_8,ask_size_8,bid_price_8,bid_size_8,ask_price_9,ask_size_9,bid_price_9,bid_size_9,ask_price_10,ask_size_10,bid_price_10,bid_size_10
2019-06-28 09:30:00.000000002,99981,100,,,,,,,,,,,,,,,,,,,,,,,,,,,,,,,,,,,,,,
2019-06-28 09:30:00.000000004,99981,100,,,100056,100,,,,,,,,,,,,,,,,,,,,,,,,,,,,,,,,,,
2019-06-28 09:30:00.000000006,99981,100,99797,100,100056,100,,,,,,,,,,,,,,,,,,,,,,,,,,,,,,,,,,
2019-06-28 09:30:00.000000007,99981,100,99797,100,100013,100,,,100056,100,,,,,,,,,,,,,,,,,,,,,,,,,,,,,,
2019-06-28 09:30:00.000000010,99981,100,99905,100,100013,100,99887,100,100056,100,99797,100,,,,,,,,,,,,,,,,,,,,,,,,,,,,
2019-06-28 09:30:00.000000011,99981,100,99905,100,100013,100,99887,100,100056,100,99859,100,,,99797,100,,,,,,,,,,,,,,,,,,,,,,,,
2019-06-28 09:30:00.000000014,99981,100,99905,100,100013,100,99887,100,100023,100,99859,100,100056,100,99797,100,100197,100,,,,,,,,,,,,,,,,,,,,,,
2019-06-28 09:30:00.000000015,99981,100,99905,100,100013,100,99887,100,100023,100,99880,100,100056,100,99874,100,100197,100,99859,100,,,99797,100,,,,,,,,,,,,,,,,
2019-06-28 09:30:00.000000019,100013,100,99905,100,100023,100,99887,100,100056,100,99880,100,100197,100,99874,100,,,99859,100,,,99797,100,,,,,,,,,,,,,,,,
2019-06-28 09:30:00.000000023,99986,100,99905,100,100013,100,99887,100,100023,100,99880,100,100056,100,99877,100,100113,100,99874,100,100197,100,99859,100,,,99797,100,,,,,,,,,,,,
2019-06-28 09:30:00.000000025,100013,100,99981,100,100023,100,99905,100,100056,100,99887,100,100113,100,99880,100,100197,100,99877,100,,,99874,100,,,99859,100,,,99797,100,,,,,,,,
2019-06-28 09:30:00.000000026,100013,100,99981,100,100023,100,99905,100,100056,100,99901,100,100113,100,99887,100,100197,100,99880,100,,,99877,100,,,99874,100,,,99859,100,,,99797,100,,,,
2019-06-28 09:30:00.000000029,100013,100,99981,100,100023,100,99905,100,100056,100,99901,200,100113,100,99887,100,100197,100,99880,100,,,99877,100,,,99874,100,,,99859,100,,,99797,100,,,,
2019-06-28 09:30:00.000000031,100023,100,99981,100,100056,100,99905,100,100113,100,99901,200,100197,100,99887,100,,,99880,100,,,99877,100,,,99874,100,,,99859,100,,,99797,100,,,,
2019-06-28 09:30:00.000000034,100023,100,99981,100,100056,100,99905,100,100075,100,99901,200,100113,100,99887,100,100186,100,99880,100,100197,100,99877,100,,,99874,100,,,99859,100,,,99797,100,,,,
2019-06-28 09:30:00.000000035,100023,100,99905,100,100056,100,99901,200,100075,100,99887,100,100113,100,99880,100,100186,100,99877,100,100197,100,99874,100,,,99859,100,,,99797,100,,,,,,,,
2019-06-28 09:30:00.000000036,100023,100,99905,100,100056,100,99901,200,100075,100,99887,100,100113,100,99880,100,100131,100,99877,100,100186,100,99874,100,100197,100,99859,100,,,99797,100,,,,,,,,
2019-06-28 09:30:00.000000038,100023,100,99905,100,100056,100,99901,200,100075,100,99887,100,100101,100,99880,100,100113,100,99877,100,100131,100,99874,100,100186,100,99859,100,100197,100,99840,100,,,99797,100,,,,
2019-06-28 09:30:00.000000043,100023,100,99905,100,100051,100,99903,100,100056,100,99901,200,100075,100,99887,100,100101,100,99880,100,100113,100,99877,100,100131,100,99874,100,100186,100,99859,100,100197,100,99840,100,,,99797,100
2019-06-28 09:30:00.000000046,100023,100,100004,100,100051,100,99905,100,100056,100,99903,100,100075,100,99901,200,100100,100,99887,100,100101,100,99880,100,100113,100,99877,100,100131,100,99874,100,100186,100,99859,100,100197,100,99840,100
2019-06-28 09:30:00.000000050,100023,100,100004,100,100051,100,99905,100,100056,100,99903,100,100075,100,99901,200,100100,100,99887,100,100101,100,99880,100,100113,100,99877,100,100131,100,99874,100,100186,100,99859,100,100197,100,99840,100
2019-06-28 09:30:00.000000053,100023,100,100004,100,100051,100,99927,100,100056,100,99905,100,100075,100,99903,100,100100,100,99901,200,100101,100,99887,100,100113,100,99880,100,100131,100,99877,100,100186,100,99874,100,100197,100,99859,100
2019-06-28 09:30:00.000000057,100023,100,100004,100,100051,100,99927,100,100056,100,99905,100,100075,100,99903,100,100100,100,99901,200,100101,100,99887,100,100109,100,99880,100,100113,100,99877,100,100131,100,99874,100,100186,100,99859,100
2019-06-28 09:30:00.000000058,100023,100,100004,100,100051,100,99968,100,100056,100,99932,100,100075,100,99927,100,100100,100,99905,100,100101,100,99903,100,100109,100,99901,200,100113,100,99887,100,100131,100,99880,100,100186,100,99877,100
2019-06-28 09:30:00.000000059,100023,100,100004,100,100051,100,99968,100,100056,100,99932,100,100075,100,99927,100,100100,100,99905,100,100101,100,99903,100,100109,100,99901,200,100113,100,99887,100,100131,100,99880,200,100186,100,99877,100
2019-06-28 09:30:00.000000063,100023,100,100004,100,100051,100,99968,100,100056,100,99932,100,100061,100,99927,100,100075,100,99905,100,100100,100,99903,100,100101,100,99901,200,100109,100,99887,100,100113,100,99880,200,100131,100,99877,100
2019-06-28 09:30:00.000000065,100023,100,100004,100,100042,100,99968,100,100051,100,99932,100,100056,100,99927,100,100061,100,99905,100,100075,100,99903,100,100100,100,99901,200,100101,100,99887,100,100109,100,99880,200,100113,100,99877,100
2019-06-28 09:30:00.000000069,100023,100,100004,100,100041,100,99968,100,100042,100,99932,100,100051,100,99927,100,100056,100,99905,100,100061,100,99903,100,100075,100,99901,200,100100,100,99887,100,100101,100,99880,200,100109,100,99877,100
2019-06-28 09:30:00.000000071,100023,100,99968,100,100041,100,99932,100,100042,100,99927,100,100051,100,99905,100,100056,100,99903,100,100061,100,99901,200,100075,100,99887,100,100100,100,99880,200,100101,100,99877,100,100109,100,99874,100
2019-06-28 09:30:00.000000074,100023,100,99932,100,100041,100,99927,100,100042,100,99905,100,100051,100,99903,100,100056,100,99901,200,100061,100,99887,100,100075,100,99880,200,100100,100,99877,100,100101,100,99874,100,100109,100,99859,100
2019-06-28 09:30:00.000000075,100004,100,99932,100,100023,100,99927,100,100041,100,99905,100,100042,100,99903,100,100051,100,99901,200,100056,100,99887,100,100061,100,99880,200,100075,100,99877,100,100100,100,99874,100,100101,100,99859,100
2019-06-28 09:30:00.000000076,99979,100,99932,100,100004,100,99927,100,100023,100,99905,100,100041,100,99903,100,100042,100,99901,200,100051,100,99887,100,100056,100,99880,200,100061,100,99877,100,100075,100,99874,100,100100,100,99859,100
2019-06-28 09:30:00.000000077,99979,100,99932,100,100004,200,99927,100,100023,100,99905,100,100041,100,99903,100,100042,100,99901,200,100051,100,99887,100,100056,100,99880,200,100061,100,99877,100,100075,100,99874,100,100100,100,99859,100
2019-06-28 09:30:00.000000078,99979,100,99932,100,100004,200,99927,100,100009,100,99905,100,100023,100,99903,100,100041,100,99901,200,100042,100,99887,100,100051,100,99880,200,100056,100,99877,100,100061,100,99874,100,100075,100,99859,100
2019-06-28 09:30:00.000000079,99979,100,99932,100,100004,200,99927,100,100009,100,99905,100,100023,100,99903,100,100041,100,99901,200,100042,100,99887,100,100051,100,99880,200,100056,100,99877,100,100061,100,99874,100,100075,100,99859,100
2019-06-28 09:30:00.000000080,99979,100,99968,100,100004,300,99932,100,100009,100,99927,100,100023,100,99905,100,100041,100,99903,100,100042,100,99901,200,100051,100,99887,100,100056,100,99880,200,100061,100,99877,100,100075,100,99874,100
2019-06-28 09:30:00.000000081,99979,100,99968,200,100004,300,99932,100,100009,100,99927,100,100023,100,99905,100,100041,100,99903,100,100042,100,99901,200,100051,100,99887,100,100056,100,99880,200,100061,100,99877,100,100075,100,99874,100
2019-06-28 09:30:00.000000082,99979,100,99968,200,100004,300,99932,100,100009,100,99927,100,100023,100,99905,100,100041,100,99903,100,100042,100,99901,200,100051,100,99887,100,100056,100,99880,200,100061,100,99877,100,100075,100,99874,100
2019-06-28 09:30:00.000000083,99979,100,99968,200,100004,300,99932,100,100009,100,99927,100,100023,100,99905,100,100041,100,99903,200,100042,100,99901,200,100051,100,99887,100,100056,100,99880,200,100061,100,99877,100,100075,100,99874,100
2019-06-28 09:30:00.000000085,99979,100,99968,200,100004,300,99932,100,100009,100,99927,100,100023,100,99905,100,100041,100,99903,200,100042,100,99901,200,100051,100,99887,100,100056,100,99880,200,100061,100,99877,100,100075,100,99874,100
2019-06-28 09:30:00.000000088,99979,100,99968,200,100004,300,99932,100,100009,100,99927,100,100023,100,99905,100,100041,100,99903,200,100042,100,99901,200,100051,100,99887,100,100056,100,99880,200,100061,200,99877,100,100075,100,99874,100
2019-06-28 09:30:00.000000089,99979,100,99968,200,99994,100,99932,100,100004,300,99927,100,100009,100,99905,100,100023,100,99903,200,100041,100,99901,200,100042,100,99887,100,100051,100,99880,200,100056,100,99877,100,100061,200,99874,100
2019-06-28 09:30:00.000000090,99979,100,99969,100,99994,100,99968,200,100004,300,99932,100,100009,100,99927,100,100023,100,99905,100,100041,100,99903,200,100042,100,99901,200,100051,100,99887,100,100056,100,99880,200,100061,200,99877,100
2019-06-28 09:30:00.000000091,99979,100,99969,100,99994,100,99968,200,100004,300,99932,100,100009,100,99927,100,100023,100,99905,100,100041,100,99903,200,100042,100,99901,200,100051,100,99887,100,100056,100,99880,200,100061,200,99877,100
2019-06-28 09:30:00.000000094,99979,100,99969,100,99994,100,99968,200,100004,300,99932,100,100009,100,99927,100,100023,100,99905,100,100041,100,99903,200,100042,100,99901,200,100051,100,99887,100,100056,100,99880,200,100061,200,99877,100
2019-06-28 09:30:00.000000099,99979,100,99969,100,99994,100,99968,200,100004,300,99932,100,100009,100,99927,100,100023,100,99905,200,100041,100,99903,200,100042,100,99901,200,100051,100,99887,100,100056,100,99880,200,100061,200,99877,100
2019-06-28 09:30:01.349722760,99979,100,99969,100,99994,100,99968,200,100004,300,99932,100,100009,100,99927,100,100023,100,99905,100,100041,100,99903,200,100042,100,99901,200,100051,100,99887,100,100056,100,99880,200,100061,200,99877,100
2019-06-28 09:30:05.290140164,99974,100,99969,100,99979,100,99968,200,99994,100,99932,100,100004,300,99927,100,100009,100,99905,100,100041,100,99903,200,100042,100,99901,200,100051,100,99887,100,100056,100,99880,200,100061,200,99877,100
2019-06-28 09:30:08.667174888,99974,100,99969,100,99979,100,99968,200,99994,100,99932,100,100004,300,99927,100,100009,100,99905,100,100041,100,99903,200,100042,100,99901,200,100051,100,99898,100,100056,100,99887,100,100061,200,99880,200
2019-06-28 09:30:10.000000000,99974,211,99969,211,99979,211,99968,311,99994,211,99932,211,100004,411,99927,211,100009,100,99905,100,100041,100,99903,200,100042,100,99901,200,100051,100,99898,100,100056,100,99887,100,100061,200,99880,200
2019-06-28 09:30:20.000000000,99974,189,99969,189,99979,189,99968,289,99994,189,99932,189,100004,389,99927,189,100009,189,99905,189,100041,100,99903,200,100042,100,99901,200,100051,100,99898,100,100056,100,99887,100,100061,200,99880,200
2019-06-28 09:30:21.559663164,99974,189,99969,189,99979,189,99968,289,99994,189,99932,189,100004,389,99927,189,100009,189,99905,189,100041,100,99903,200,100042,100,99901,200,100051,100,99898,100,100056,100,99896,100,100061,200,99887,100
2019-06-28 09:30:30.000000000,99974,322,99969,322,99979,322,99968,422,99994,100,99932,100,100004,300,99927,100,100009,100,99905,100,100041,100,99903,200,100042,100,99901,200,100051,100,99898,100,100056,100,99896,100,100061,200,99887,100
2019-06-28 09:30:40.000000000,99974,189,99969,189,99979,189,99968,289,99994,189,99932,189,100004,389,99927,189,100009,189,99905,189,100041,100,99903,200,100042,100,99901,200,100051,100,99898,100,100056,100,99896,100,100061,200,99887,100
2019-06-28 09:30:42.275513478,99974,189,99969,89,99979,189,99968,289,99994,189,99932,189,100004,389,99927,189,100009,189,99905,189,100041,100,99903,200,100042,100,99901,200,100051,100,99898,100,100056,100,99896,100,100061,200,99887,100
2019-06-28 09:30:50.000000000,99974,189,99968,289,99979,189,99932,189,99994,189,99927,189,100004,389,99905,189,100009,189,99903,289,100041,100,99901,200,100042,100,99898,100,100051,100,99896,100,100056,100,99887,100,100061,200,99880,200
2019-06-28 09:31:00.000000000,99974,189,99968,289,99979,189,99932,189,99994,189,99927,189,100004,389,99905,189,100009,189,99903,289,100041,100,99901,200,100042,100,99898,100,100051,100,99896,100,100056,100,99887,100,100061,200,99880,200
2019-06-28 09:31:00.811126552,99974,189,99968,289,99979,89,99932,189,99994,189,99927,189,100004,389,99905,189,100009,189,99903,289,100041,100,99901,200,100042,100,99898,100,100051,100,99896,100,100056,100,99887,100,100061,200,99880,200
2019-06-28 09:31:10.000000000,99974,322,99968,422,99994,322,99932,322,100004,300,99927,100,100009,100,99905,100,100041,100,99903,200,100042,100,99901,200,100051,100,99898,100,100056,100,99896,100,100061,200,99887,100,100075,100,99880,200
2019-06-28 09:31:20.000000000,99974,544,99968,644,99994,100,99932,100,100004,300,99927,100,100009,100,99905,100,100041,100,99903,200,100042,100,99901,200,100051,100,99898,100,100056,100,99896,100,100061,200,99887,100,100075,100,99880,200
2019-06-28 09:31:30.000000000,99974,544,99968,644,99994,100,99932,100,100004,300,99927,100,100009,100,99905,100,100041,100,99903,200,100042,100,99901,200,100051,100,99898,100,100056,100,99896,100,100061,200,99887,100,100075,100,99880,200
2019-06-28 09:31:40.000000000,99974,251,99968,351,99994,247,99932,247,100004,447,99927,247,100009,100,99905,100,100041,100,99903,200,100042,100,99901,200,100051,100,99898,100,100056,100,99896,100,100061,200,99887,100,100075,100,99880,200
2019-06-28 09:31:40.579322705,99974,251,99968,251,99994,247,99932,247,100004,447,99927,247,100009,100,99905,100,100041,100,99903,200,100042,100,99901,200,100051,100,99898,100,100056,100,99896,100,100061,100,99887,100,100075,100,99880,200
2019-06-28 09:31:50.000000000,99974,211,99968,211,99994,211,99932,211,100004,411,99927,211,100009,211,99905,211,100041,100,99903,200,100042,100,99901,200,100051,100,99898,100,100056,100,99896,100,100061,100,99887,100,100075,100,99880,200
2019-06-28 09:31:57.496566360,99974,211,99968,211,99994,211,99932,211,100004,411,99927,211,100009,211,99905,211,100041,100,99903,100,100042,100,99901,200,100051,100,99898,100,100056,100,99896,100,100061,100,99887,100,100075,100,99880,200
2019-06-28 09:32:00.000000000,99974,322,99968,322,99994,322,99932,322,100004,300,99927,100,100009,100,99905,100,100041,100,99903,100,100042,100,99901,200,100051,100,99898,100,100056,100,99896,100,100061,100,99887,100,100075,100,99880,200
2019-06-28 09:32:05.581027238,99969,100,99968,322,99974,322,99932,322,99994,322,99927,100,100004,300,99905,100,100009,100,99903,100,100041,100,99901,200,100042,100,99898,100,100051,100,99896,100,100056,100,99887,100,100061,100,99880,200
2019-06-28 09:32:10.000000000,99969,211,99968,211,99974,211,99932,211,99994,211,99927,211,100004,411,99905,211,100009,100,99903,100,100041,100,99901,200,100042,100,99898,100,100051,100,99896,100,100056,100,99887,100,100061,100,99880,200
2019-06-28 09:32:12.540566183,99969,211,99968,211,99974,211,99932,211,99994,211,99927,211,100004,411,99905,211,100009,100,99903,100,100041,100,99901,200,100042,100,99898,100,100051,100,99896,100,100056,100,99887,100,100061,100,99880,200
2019-06-28 09:32:19.935391505,99969,211,99968,211,99974,211,99932,211,99994,211,99927,211,100004,411,99905,211,100009,100,99903,100,100041,100,99901,200,100042,100,99898,100,100051,100,99896,100,100056,100,99887,100,100061,100,99880,200
2019-06-28 09:32:20.000000000,99969,544,99968,544,99974,100,99932,100,99994,100,99927,100,100004,300,99905,100,100009,100,99903,100,100041,100,99901,200,100042,100,99898,100,100051,100,99896,100,100056,100,99887,100,100061,100,99880,200
2019-06-28 09:32:30.000000000,99969,211,99968,211,99974,211,99932,211,99994,211,99927,211,100004,411,99905,211,100009,100,99903,100,100041,100,99901,200,100042,100,99898,100,100051,100,99896,100,100056,100,99887,100,100061,100,99880,200
2019-06-28 09:32:31.764757485,99969,211,99968,211,99974,211,99932,211,99994,211,99927,211,100004,411,99905,211,100009,100,99903,100,100041,100,99901,200,100042,100,99898,100,100051,100,99896,100,100056,100,99887,100,100061,100,99880,200
2019-06-28 09:32:40.000000000,99969,189,99968,189,99974,189,99932,189,99994,189,99927,189,100004,389,99905,189,100009,189,99903,189,100041,100,99901,200,100042,100,99898,100,100051,100,99896,100,100056,100,99887,100,100061,100,99880,200
2019-06-28 09:32:50.000000000,99969,322,99968,322,99974,322,99932,322,99994,100,99927,100,100004,300,99905,100,100009,100,99903,100,100041,100,99901,200,100042,100,99898,100,100051,100,99896,100,100056,100,99887,100,100061,100,99880,200
2019-06-28 09:33:00.000000000,99969,544,99968,544,99974,100,99932,100,99994,100,99927,100,100004,300,99905,100,100009,100,99903,100,100041,100,99901,200,100042,100,99898,100,100051,100,99896,100,100056,100,99887,100,100061,100,99880,200
2019-06-28 09:33:10.000000000,99969,189,99968,189,99974,189,99932,189,99994,189,99927,189,100004,389,99905,189,100009,189,99903,189,100041,100,99901,200,100042,100,99898,100,100051,100,99896,100,100056,100,99887,100,100061,100,99880,200
2019-06-28 09:33:20.000000000,99969,189,99968,189,99974,189,99932,189,99994,189,99927,189,100004,389,99905,189,100009,189,99903,189,100041,100,99901,200,100042,100,99898,100,100051,100,99896,100,100056,100,99887,100,100061,100,99880,200
2019-06-28 09:33:23.212415911,99969,189,99968,189,99974,189,99932,189,99994,189,99927,189,100004,389,99905,189,100009,189,99903,189,100041,100,99901,200,100042,100,99898,100,100051,100,99896,100,100056,100,99887,100,100061,100,99880,200
2019-06-28 09:33:28.706849966,99969,89,99968,189,99974,189,99932,189,99994,189,99927,189,100004,389,99905,189,100009,189,99903,189,100041,100,99901,200,100042,100,99898,100,100051,100,99887,100,100056,100,99880,200,100061,100,99877,100
2019-06-28 09:33:30.000000000,99974,322,99968,322,99994,322,99932,322,100004,300,99927,100,100009,100,99905,100,100041,100,99903,100,100042,100,99901,200,100051,100,99898,100,100056,100,99887,100,100061,100,99880,200,100075,100,99877,100
2019-06-28 09:33:35.402141553,99974,322,99968,322,99978,100,99932,322,99994,322,99927,100,100004,300,99905,100,100009,100,99903,100,100041,100,99901,200,100042,100,99898,100,100051,100,99887,100,100056,100,99880,200,100061,100,99877,100
2019-06-28 09:33:40.000000000,99974,322,99968,322,99978,322,99932,322,99994,100,99927,100,100004,300,99905,100,100009,100,99903,100,100041,100,99901,200,100042,100,99898,100,100051,100,99887,100,100056,100,99880,200,100061,100,99877,100
2019-06-28 09:33:49.558527952,99974,322,99968,222,99978,322,99932,322,99994,100,99927,100,100004,300,99905,100,100009,100,99903,100,100041,100,99901,200,100042,100,99898,100,100051,100,99887,100,100056,100,99880,200,100061,100,99877,100
2019-06-28 09:33:50.000000000,99974,322,99932,322,99978,322,99927,322,99994,100,99905,100,100004,300,99903,100,100009,100,99901,200,100041,100,99898,100,100042,100,99887,100,100051,100,99880,200,100056,100,99877,100,100061,100,99874,100
2019-06-28 09:34:00.000000000,99974,322,99932,322,99978,322,99927,322,99994,100,99905,100,100004,300,99903,100,100009,100,99901,200,100041,100,99898,100,100042,100,99887,100,100051,100,99880,200,100056,100,99877,100,100061,100,99874,100
2019-06-28 09:34:07.060461120,99974,322,99932,222,99978,322,99927,322,99994,100,99905,100,100004,300,99903,100,100009,100,99901,200,100041,100,99898,100,100042,100,99887,100,100051,100,99880,200,100056,100,99877,100,100061,100,99874,100
2019-06-28 09:34:09.875711099,99974,322,99932,122,99978,322,99927,322,99994,100,99905,100,100004,300,99901,200,100009,100,99898,100,100041,100,99887,100,100042,100,99880,200,100051,100,99877,100,100056,100,99874,100,100061,100,99859,100
2019-06-28 09:34:10.000000000,99974,251,99927,251,99978,247,99905,247,99994,247,99901,347,100004,300,99898,100,100009,100,99887,100,100041,100,99880,200,100042,100,99877,100,100051,100,99874,100,100056,100,99859,100,100061,100,99809,100
2019-06-28 09:34:15.160300759,99974,251,99927,251,99978,247,99905,247,99994,247,99901,347,100004,300,99898,100,100009,100,99887,100,100041,100,99880,200,100042,100,99877,100,100051,100,99874,100,100056,100,99859,100,100061,100,99797,100
2019-06-28 09:34:20.000000000,99974,251,99927,251,99978,247,99905,247,99994,247,99901,347,100004,300,99898,100,100009,100,99887,100,100041,100,99880,200,100042,100,99877,100,100051,100,99874,100,100056,100,99859,100,100061,100,99797,100
2019-06-28 09:34:20.082635509,99974,251,99927,151,99978,247,99905,247,99994,247,99901,347,100004,300,99898,100,100009,100,99880,200,100041,100,99877,100,100042,100,99874,100,100051,100,99859,100,100056,100,99797,100,100061,100,99781,100
2019-06-28 09:34:30.000000000,99974,189,99905,189,99978,189,99901,289,99994,189,99898,189,100004,389,99880,289,100009,189,99877,189,100041,100,99874,100,100042,100,99859,100,100051,100,99797,100,100056,100,99781,100,100061,100,99768,100
2019-06-28 09:34:39.462286733,99974,189,99928,100,99978,189,99905,189,99994,189,99901,289,100004,389,99898,189,100009,189,99880,189,100041,100,99877,189,100042,100,99874,100,100051,100,99859,100,100056,100,99797,100,100061,100,99781,100
2019-06-28 09:34:40.000000000,99974,322,99928,322,99978,322,99905,322,99994,100,99901,200,100004,300,99898,100,100009,100,99880,100,100041,100,99877,100,100042,100,99874,100,100051,100,99859,100,100056,100,99797,100,100061,100,99781,100
2019-06-28 09:34:40.791648156,99974,322,99928,422,99978,322,99905,322,99994,100,99901,200,100004,300,99898,100,100009,100,99880,100,100041,100,99877,100,100042,100,99874,100,100051,100,99859,100,100056,100,99797,100,100061,100,99781,100
2019-06-28 09:34:41.088131752,99974,222,99928,422,99978,322,99905,322,99994,100,99901,200,100004,300,99898,100,100009,100,99880,100,100041,100,99877,100,100042,100,99874,100,100051,100,99859,100,100056,100,99797,100,100061,100,99781,100
2019-06-28 09:34:50.000000000,99978,251,99928,351,99994,247,99905,247,100004,447,99901,347,100009,100,99898,100,100041,100,99880,100,100042,100,99877,100,100051,100,99874,100,100056,100,99859,100,100061,100,99797,100,100075,100,99781,100
2019-06-28 09:34:58.886820499,99978,251,99929,100,99994,247,99928,351,100004,447,99905,247,100009,100,99901,347,100041,100,99898,100,100042,100,99880,100,100051,100,99877,100,100056,100,99874,100,100061,100,99859,100,100075,100,99797,100
2019-06-28 09:35:00.000000000,99978,251,99929,251,99994,247,99928,347,100004,447,99905,247,100009,100,99901,200,100041,100,99898,100,100042,100,99880,100,100051,100,99877,100,100056,100,99874,100,100061,100,99859,100,100075,100,99797,100
2019-06-28 09:35:10.000000000,99978,189,99929,189,99994,189,99928,289,100004,389,99905,189,100009,189,99901,289,100041,189,99898,189,100042,100,99880,100,100051,100,99877,100,100056,100,99874,100,100061,100,99859,100,100075,100,99797,100
2019-06-28 09:35:20.000000000,99978,189,99929,189,99994,189,99928,289,100004,389,99905,189,100009,189,99901,289,100041,189,99898,189,100042,100,99880,100,100051,100,99877,100,100056,100,99874,100,100061,100,99859,100,100075,100,99797,100
2019-06-28 09:35:30.000000000,99978,251,99929,251,99994,247,99928,347,100004,447,99905,247,100009,100,99901,200,100041,100,99898,100,100042,100,99880,100,100051,100,99877,100,100056,100,99874,100,100061,100,99859,100,100075,100,99797,100
2019-06-28 09:35:34.019737130,99978,251,99929,251,99994,247,99928,347,100004,447,99905,247,100009,100,99901,200,100041,100,99898,100,100042,100,99880,100,100051,100,99877,100,100056,100,99874,100,100061,100,99859,100,100075,100,99797,100
2019-06-28 09:35:40.000000000,99978,544,99929,544,99994,100,99928,200,100004,300,99905,100,100009,100,99901,200,100041,100,99898,100,100042,100,99880,100,100051,100,99877,100,100056,100,99874,100,100061,100,99859,100,100075,100,99797,100
2019-06-28 09:35:43.419584300,99978,444,99929,544,99994,100,99928,200,100004,300,99905,100,100009,100,99901,200,100041,100,99898,100,100042,100,99880,100,100051,100,99877,100,100056,100,99874,100,100061,100,99859,100,100075,100,99797,100
2019-06-28 09:35:50.000000000,99994,251,99929,251,100004,447,99928,347,100009,247,99905,247,100041,100,99901,200,100042,100,99898,100,100051,100,99880,100,100056,100,99877,100,100061,100,99874,100,100075,100,99859,100,100082,100,99797,100
2019-06-28 09:35:52.203157575,99994,151,99929,251,100004,447,99928,347,100009,247,99905,247,100041,100,99901,200,100042,100,99880,100,100051,100,99877,100,100056,100,99874,100,100061,100,99859,100,100075,100,99797,100,100082,100,99781,100
2019-06-28 09:36:00.000000000,100004,522,99929,322,100009,322,99928,422,100041,100,99905,100,100042,100,99901,200,100051,100,99880,100,100056,100,99877,100,100061,100,99874,100,100075,100,99859,100,100082,100,99797,100,100101,100,99781,100
2019-06-28 09:36:07.269974621,100004,422,99929,322,100009,222,99928,422,100041,100,99905,100,100042,100,99901,200,100051,100,99880,100,100056,100,99877,100,100061,100,99874,100,100075,100,99859,100,100082,100,99797,100,100101,100,99781,100
2019-06-28 09:36:10.000000000,100004,351,99929,251,100041,247,99928,347,100042,247,99905,247,100051,100,99901,200,100056,100,99880,100,100061,100,99877,100,100075,100,99874,100,100082,100,99859,100,100101,100,99797,100,100109,100,99781,100
2019-06-28 09:36:18.774975180,100004,351,99929,251,100041,247,99928,347,100042,247,99905,247,100051,100,99901,200,100056,100,99880,100,100061,100,99877,100,100082,100,99874,100,100101,100,99859,100,100109,100,99797,100,100125,100,99781,100
2019-06-28 09:36:20.000000000,100004,311,99929,211,100041,211,99928,311,100042,211,99905,211,100051,211,99901,311,100056,100,99880,100,100061,100,99877,100,100082,100,99874,100,100101,100,99859,100,100109,100,99797,100,100125,100,99781,100
2019-06-28 09:36:30.000000000,100004,289,99929,189,100041,189,99928,289,100042,189,99905,189,100051,189,99901,289,100056,189,99880,189,100061,100,99877,100,100082,100,99874,100,100101,100,99859,100,100109,100,99797,100,100125,100,99781,100
2019-06-28 09:36:31.849631887,100004,289,99994,100,100041,189,99929,189,100042,189,99928,289,100051,189,99905,189,100056,189,99901,289,100061,100,99880,189,100082,100,99877,100,100101,100,99874,100,100109,100,99859,100,100125,100,99797,100
2019-06-28 09:36:31.974404771,100004,189,99994,100,100041,189,99929,189,100042,189,99928,289,100051,189,99905,189,100056,189,99901,289,100061,100,99880,189,100082,100,99877,100,100101,100,99874,100,100109,100,99859,100,100125,100,99797,100
2019-06-28 09:36:40.000000000,100004,544,99994,544,100041,100,99929,100,100042,100,99928,200,100051,100,99905,100,100056,100,99901,200,100061,100,99880,100,100082,100,99877,100,100101,100,99874,100,100109,100,99859,100,100125,100,99797,100
2019-06-28 09:36:40.624769687,100004,544,99994,644,100041,100,99929,100,100042,100,99928,200,100051,100,99905,100,100056,100,99901,200,100061,100,99880,100,100082,100,99877,100,100101,100,99874,100,100109,100,99859,100,100125,100,99797,100
2019-06-28 09:36:50.000000000,100004,189,99994,289,100041,189,99929,189,100042,189,99928,289,100051,189,99905,189,100056,189,99901,289,100061,100,99880,100,100082,100,99877,100,100101,100,99874,100,100109,100,99859,100,100125,100,99797,100
2019-06-28 09:36:56.276291046,100004,89,99994,289,100041,189,99929,189,100042,189,99928,289,100051,189,99905,189,100056,189,99901,289,100061,100,99880,100,100082,100,99877,100,100101,100,99874,100,100109,100,99859,100,100125,100,99797,100
2019-06-28 09:37:00.000000000,100041,211,99994,311,100042,211,99929,211,100051,211,99928,311,100056,211,99905,211,100061,100,99901,200,100082,100,99880,100,100101,100,99877,100,100109,100,99874,100,100125,100,99859,100,100134,100,99797,100
2019-06-28 09:37:07.322223728,100041,111,99994,311,100042,211,99929,211,100051,211,99928,311,100056,211,99905,211,100061,100,99901,200,100082,100,99880,100,100101,100,99877,100,100109,100,99874,100,100125,100,99859,100,100134,100,99797,100
2019-06-28 09:37:10.000000000,100042,251,99994,351,100051,247,99929,247,100056,247,99928,347,100061,100,99905,100,100082,100,99901,200,100101,100,99880,100,100109,100,99877,100,100125,100,99874,100,100134,100,99859,100,100141,100,99797,100
2019-06-28 09:37:20.000000000,100042,211,99994,311,100051,211,99929,211,100056,211,99928,311,100061,211,99905,211,100082,100,99901,200,100101,100,99880,100,100109,100,99877,100,100125,100,99874,100,100134,100,99859,100,100141,100,99797,100
2019-06-28 09:37:21.728289184,100042,211,99994,311,100051,211,99929,211,100056,211,99928,311,100061,211,99905,111,100082,100,99901,200,100101,100,99880,100,100109,100,99877,100,100125,100,99874,100,100134,100,99859,100,100141,100,99797,100
2019-06-28 09:37:30.000000000,100042,544,99994,644,100051,100,99929,100,100056,100,99928,200,100061,100,99901,200,100082,100,99880,100,100101,100,99877,100,100109,100,99874,100,100125,100,99859,100,100134,100,99797,100,100141,100,99781,100
2019-06-28 09:37:34.876475299,100042,444,99994,644,100051,100,99929,100,100056,100,99928,200,100061,100,99901,200,100082,100,99880,100,100101,100,99877,100,100109,100,99874,100,100125,100,99859,100,100134,100,99797,100,100141,100,99781,100
2019-06-28 09:37:40.000000000,100051,211,99994,311,100056,211,99929,211,100061,211,99928,311,100082,211,99901,311,100101,100,99880,100,100109,100,99877,100,100125,100,99874,100,100134,100,99859,100,100141,100,99797,100,100143,100,99781,100
2019-06-28 09:37:50.000000000,100051,251,99994,351,100056,247,99929,247,100061,247,99928,347,100082,100,99901,200,100101,100,99880,100,100109,100,99877,100,100125,100,99874,100,100134,100,99859,100,100141,100,99797,100,100143,100,99781,100
2019-06-28 09:38:00.000000000,100051,211,99994,311,100056,211,99929,211,100061,211,99928,311,100082,211,99901,311,100101,100,99880,100,100109,100,99877,100,100125,100,99874,100,100134,100,99859,100,100141,100,99797,100,100143,100,99781,100
2019-06-28 09:38:10.000000000,100051,189,99994,289,100056,189,99929,189,100061,189,99928,289,100082,189,99901,289,100101,189,99880,189,100109,100,99877,100,100125,100,99874,100,100134,100,99859,100,100141,100,99797,100,100143,100,99781,100
2019-06-28 09:38:16.106753498,100051,189,99994,189,100056,189,99929,189,100061,189,99928,289,100082,189,99901,289,100101,189,99880,189,100109,100,99877,100,100125,100,99874,100,100134,100,99859,100,100141,100,99797,100,100143,100,99781,100
2019-06-28 09:38:20.000000000,100051,211,99994,211,100056,211,99929,211,100061,211,99928,311,100082,211,99901,311,100101,100,99880,100,100109,100,99877,100,100125,100,99874,100,100134,100,99859,100,100141,100,99797,100,100143,100,99781,100
2019-06-28 09:38:30.000000000,100051,189,99994,189,100056,189,99929,189,100061,189,99928,289,100082,189,99901,289,100101,189,99880,189,100109,100,99877,100,100125,100,99874,100,100134,100,99859,100,100141,100,99797,100,100143,100,99781,100
2019-06-28 09:38:31.560214827,100051,189,99994,189,100056,189,99929,189,100061,189,99928,289,100082,189,99901,289,100101,189,99880,189,100109,100,99877,100,100125,100,99874,100,100134,100,99859,100,100141,100,99797,100,100143,100,99781,100
2019-06-28 09:38:40.000000000,100051,322,99994,322,100056,322,99929,322,100061,100,99928,200,100082,100,99901,200,100101,100,99880,100,100109,100,99877,100,100125,100,99874,100,100134,100,99859,100,100141,100,99797,100,100143,100,99781,100
2019-06-28 09:38:50.000000000,100051,251,99994,251,100056,247,99929,247,100061,247,99928,347,100082,100,99901,200,100101,100,99880,100,100109,100,99877,100,100125,100,99874,100,100134,100,99859,100,100141,100,99797,100,100143,100,99781,100
2019-06-28 09:38:51.769601959,100051,251,99994,251,100056,247,99929,247,100061,247,99928,347,100082,100,99901,200,100101,100,99880,100,100109,100,99877,100,100125,100,99874,100,100134,100,99859,100,100141,100,99797,100,100143,100,99781,100
2019-06-28 09:39:00.000000000,100051,251,99994,251,100056,247,99929,247,100061,247,99928,347,100082,100,99901,200,100101,100,99880,100,100109,100,99877,100,100125,100,99874,100,100134,100,99859,100,100141,100,99797,100,100143,100,99781,100
2019-06-28 09:39:10.000000000,100051,251,99994,251,100056,247,99929,247,100061,247,99928,347,100082,100,99901,200,100101,100,99880,100,100109,100,99877,100,100125,100,99874,100,100134,100,99859,100,100141,100,99797,100,100143,100,99781,100
2019-06-28 09:39:11.201172666,100051,251,99994,251,100056,247,99929,247,100061,247,99928,347,100082,100,99901,200,100101,100,99880,100,100109,100,99877,100,100125,100,99859,100,100134,100,99797,100,100141,100,99781,100,100143,100,99722,100
2019-06-28 09:39:20.000000000,100051,322,99994,322,100056,322,99929,322,100061,100,99928,200,100082,100,99901,200,100101,100,99880,100,100109,100,99877,100,100125,100,99859,100,100134,100,99797,100,100141,100,99781,100,100143,100,99722,100
2019-06-28 09:39:30.000000000,100051,189,99994,189,100056,189,99929,189,100061,189,99928,289,100082,189,99901,289,100101,189,99880,189,100109,100,99877,100,100125,100,99859,100,100134,100,99797,100,100141,100,99781,100,100143,100,99722,100
2019-06-28 09:39:40.000000000,100051,251,99994,251,100056,247,99929,247,100061,247,99928,347,100082,100,99901,200,100101,100,99880,100,100109,100,99877,100,100125,100,99859,100,100134,100,99797,100,100141,100,99781,100,100143,100,99722,100
2019-06-28 09:39:44.045944610,100051,251,99994,251,100056,247,99929,247,100061,247,99928,247,100082,100,99901,200,100101,100,99880,100,100109,100,99877,100,100125,100,99859,100,100134,100,99797,100,100141,100,99781,100,100143,100,99722,100
2019-06-28 09:39:50.000000000,100051,544,99994,544,100056,100,99929,100,100061,100,99928,100,100082,100,99901,200,100101,100,99880,100,100109,100,99877,100,100125,100,99859,100,100134,100,99797,100,100141,100,99781,100,100143,100,99722,100
2019-06-28 09:40:00.000000000,100051,322,99994,322,100056,322,99929,322,100061,100,99928,100,100082,100,99901,200,100101,100,99880,100,100109,100,99877,100,100125,100,99859,100,100134,100,99797,100,100141,100,99781,100,100143,100,99722,100
2019-06-28 09:40:10.000000000,100051,251,99994,251,100056,247,99929,247,100061,247,99928,247,100082,100,99901,200,100101,100,99880,100,100109,100,99877,100,100125,100,99859,100,100134,100,99797,100,100141,100,99781,100,100143,100,99722,100
2019-06-28 09:40:18.873072248,100051,251,99994,151,100056,247,99929,247,100061,247,99928,247,100082,100,99901,200,100101,100,99880,100,100109,100,99877,100,100125,100,99859,100,100134,100,99797,100,100141,100,99781,100,100143,100,99711,100
2019-06-28 09:40:20.000000000,100051,211,99929,211,100056,211,99928,211,100061,211,99901,311,100082,211,99880,211,100101,100,99877,100,100109,100,99859,100,100125,100,99797,100,100134,100,99781,100,100141,100,99711,100,100143,100,99672,100
2019-06-28 09:40:30.000000000,100051,251,99929,251,100056,247,99928,247,100061,247,99901,347,100082,100,99880,100,100101,100,99877,100,100109,100,99859,100,100125,100,99797,100,100134,100,99781,100,100141,100,99711,100,100143,100,99672,100
2019-06-28 09:40:40.000000000,100051,211,99929,211,100056,211,99928,211,100061,211,99901,311,100082,211,99880,211,100101,100,99877,100,100109,100,99859,100,100125,100,99797,100,100134,100,99781,100,100141,100,99711,100,100143,100,99672,100
2019-06-28 09:40:46.430503127,100051,211,99929,111,100056,211,99928,211,100061,211,99901,311,100082,211,99880,211,100101,100,99859,100,100109,100,99797,100,100125,100,99781,100,100134,100,99711,100,100141,100,99672,100,100143,100,,
2019-06-28 09:40:50.000000000,100051,251,99928,251,100056,247,99901,347,100061,247,99880,247,100082,100,99859,100,100101,100,99797,100,100109,100,99781,100,100125,100,99711,100,100134,100,99672,100,100141,100,,,100143,100,,
2019-06-28 09:41:00.000000000,100051,251,99928,251,100056,247,99901,347,100061,247,99880,247,100082,100,99859,100,100101,100,99797,100,100109,100,99781,100,100125,100,99711,100,100134,100,99672,100,100141,100,,,100143,100,,
2019-06-28 09:41:10.000000000,100051,211,99928,211,100056,211,99901,311,100061,211,99880,211,100082,211,99859,211,100101,100,99797,100,100109,100,99781,100,100125,100,99711,100,100134,100,99672,100,100141,100,,,100143,100,,
2019-06-28 09:41:20.000000000,100051,211,99928,211,100056,211,99901,311,100061,211,99880,211,100082,211,99859,211,100101,100,99797,100,100109,100,99781,100,100125,100,99711,100,100134,100,99672,100,100141,100,,,100143,100,,
2019-06-28 09:41:24.929383591,100051,211,99928,211,100056,211,99901,311,100061,211,99880,211,100082,211,99859,211,100101,100,99797,100,100109,100,99781,100,100125,100,99711,100,100134,100,99672,100,100141,100,98986,100,100143,100,,
2019-06-28 09:41:26.705814268,100051,211,99928,111,100056,211,99901,311,100061,211,99880,211,100082,211,99859,211,100101,100,99797,100,100109,100,99781,100,100125,100,99711,100,100134,100,99672,100,100141,100,98986,100,100184,100,,
2019-06-28 09:41:30.000000000,100051,189,99901,289,100056,189,99880,189,100061,189,99859,189,100082,189,99797,189,100101,189,99781,189,100109,100,99711,100,100125,100,99672,100,100134,100,98986,100,100141,100,,,100184,100,,
2019-06-28 09:41:40.000000000,100051,544,99901,644,100056,100,99880,100,100061,100,99859,100,100082,100,99797,100,100101,100,99781,100,100109,100,99711,100,100125,100,99672,100,100134,100,98986,100,100141,100,,,100184,100,,
2019-06-28 09:41:50.000000000,100051,544,99901,644,100056,100,99880,100,100061,100,99859,100,100082,100,99797,100,100101,100,99781,100,100109,100,99711,100,100125,100,99672,100,100134,100,98986,100,100141,100,,,100184,100,,
2019-06-28 09:41:52.234463498,100051,544,99901,644,100056,100,99880,100,100061,100,99859,100,100082,100,99797,100,100101,100,99781,100,100109,100,99711,100,100125,100,99672,100,100134,100,99471,100,100141,100,98986,100,100184,100,,
2019-06-28 09:41:54.279446955,100051,544,99901,544,100056,100,99880,100,100061,100,99859,100,100082,100,99797,100,100101,100,99781,100,100109,100,99711,100,100125,100,99672,100,100134,100,99471,100,100141,100,98986,100,100184,100,,
2019-06-28 09:42:00.000000000,100051,322,99901,322,100056,322,99880,322,100061,100,99859,100,100082,100,99797,100,100101,100,99781,100,100109,100,99711,100,100125,100,99672,100,100134,100,99471,100,100141,100,98986,100,100184,100,,
2019-06-28 09:42:10.000000000,100051,189,99901,189,100056,189,99880,189,100061,189,99859,189,100082,189,99797,189,100101,189,99781,189,100109,100,99711,100,100125,100,99672,100,100134,100,99471,100,100141,100,98986,100,100184,100,,
2019-06-28 09:42:15.599606669,100051,189,99901,89,100056,189,99880,189,100061,189,99859,189,100082,189,99797,189,100101,189,99781,189,100109,100,99711,100,100125,100,99672,100,100141,100,99471,100,100184,100,98986,100,100186,100,,
2019-06-28 09:42:17.046607339,99901,11,99880,189,100051,189,99859,189,100056,189,99797,189,100061,189,99781,189,100082,189,99711,100,100101,189,99672,100,100109,100,99471,100,100125,100,98986,100,100141,100,,,100184,100,,
2019-06-28 09:42:20.000000000,99901,455,99880,544,100051,100,99859,100,100056,100,99797,100,100061,100,99781,100,100082,100,99711,100,100101,100,99672,100,100109,100,99471,100,100125,100,98986,100,100141,100,,,100184,100,,
2019-06-28 09:42:24.177092212,99901,455,99880,444,100051,100,99859,100,100056,100,99797,100,100061,100,99781,100,100082,100,99711,100,100101,100,99672,100,100109,100,99471,100,100125,100,98986,100,100141,100,,,100184,100,,
2019-06-28 09:42:30.000000000,99901,122,99859,211,100051,211,99797,211,100056,211,99781,211,100061,211,99711,211,100082,100,99672,100,100101,100,99471,100,100109,100,98986,100,100125,100,,,100141,100,,,100184,100,,
2019-06-28 09:42:32.469727033,99901,122,99859,211,100051,211,99797,211,100056,211,99781,211,100061,211,99711,211,100082,100,99672,100,100101,100,99587,100,100109,100,99471,100,100125,100,98986,100,100141,100,,,100184,100,,
2019-06-28 09:42:40.000000000,99901,233,99859,322,100051,322,99797,322,100056,100,99781,100,100061,100,99711,100,100082,100,99672,100,100101,100,99587,100,100109,100,99471,100,100125,100,98986,100,100141,100,,,100184,100,,
2019-06-28 09:42:50.000000000,99901,100,99859,189,100051,189,99797,189,100056,189,99781,189,100061,189,99711,189,100082,189,99672,189,100101,100,99587,100,100109,100,99471,100,100125,100,98986,100,100141,100,,,100184,100,,
2019-06-28 09:43:00.000000000,99901,162,99859,251,100051,247,99797,247,100056,247,99781,247,100061,100,99711,100,100082,100,99672,100,100101,100,99587,100,100109,100,99471,100,100125,100,98986,100,100141,100,,,100184,100,,
2019-06-28 09:43:07.255581937,99901,162,99859,151,100051,247,99797,247,100056,247,99781,247,100061,100,99711,100,100101,100,99672,100,100109,100,99587,100,100125,100,99471,100,100141,100,98986,100,100184,100,,,100186,100,,
2019-06-28 09:43:10.000000000,99901,122,99797,211,100051,211,99781,211,100056,211,99711,211,100061,211,99672,211,100101,100,99587,100,100109,100,99471,100,100125,100,98986,100,100141,100,,,100184,100,,,100186,100,,
2019-06-28 09:43:20.000000000,99901,122,99797,211,100051,211,99781,211,100056,211,99711,211,100061,211,99672,211,100101,100,99587,100,100109,100,99471,100,100125,100,98986,100,100141,100,,,100184,100,,,100186,100,,
2019-06-28 09:43:30.000000000,99901,455,99797,544,100051,100,99781,100,100056,100,99711,100,100061,100,99672,100,100101,100,99587,100,100109,100,99471,100,100125,100,98986,100,100141,100,,,100184,100,,,100186,100,,
2019-06-28 09:43:40.000000000,99901,122,99797,211,100051,211,99781,211,100056,211,99711,211,100061,211,99672,211,100101,100,99587,100,100109,100,99471,100,100125,100,98986,100,100141,100,,,100184,100,,,100186,100,,
2019-06-28 09:43:50.000000000,99901,162,99797,251,100051,247,99781,247,100056,247,99711,247,100061,100,99672,100,100101,100,99587,100,100109,100,99471,100,100125,100,98986,100,100141,100,,,100184,100,,,100186,100,,
2019-06-28 09:43:52.377872821,99901,62,99797,251,100051,247,99781,247,100056,247,99711,247,100061,100,99672,100,100101,100,99587,100,100109,100,99471,100,100125,100,98986,100,100141,100,,,100184,100,,,100186,100,,
2019-06-28 09:44:00.000000000,100051,251,99797,251,100056,247,99781,247,100061,247,99711,247,100101,100,99672,100,100109,100,99587,100,100125,100,99471,100,100141,100,98986,100,100184,100,,,100186,100,,,100197,100,,
2019-06-28 09:44:10.000000000,100051,544,99797,544,100056,100,99781,100,100061,100,99711,100,100101,100,99672,100,100109,100,99587,100,100125,100,99471,100,100141,100,98986,100,100184,100,,,100186,100,,,100197,100,,
2019-06-28 09:44:20.000000000,100051,322,99797,322,100056,322,99781,322,100061,100,99711,100,100101,100,99672,100,100109,100,99587,100,100125,100,99471,100,100141,100,98986,100,100184,100,,,100186,100,,,100197,100,,
2019-06-28 09:44:30.000000000,100051,189,99797,189,100056,189,99781,189,100061,189,99711,189,100101,189,99672,189,100109,189,99587,189,100125,100,99471,100,100141,100,98986,100,100184,100,,,100186,100,,,100197,100,,
2019-06-28 09:44:40.000000000,100051,251,99797,251,100056,247,99781,247,100061,247,99711,247,100101,100,99672,100,100109,100,99587,100,100125,100,99471,100,100141,100,98986,100,100184,100,,,100186,100,,,100197,100,,
2019-06-28 09:44:50.000000000,100051,544,99797,544,100056,100,99781,100,100061,100,99711,100,100101,100,99672,100,100109,100,99587,100,100125,100,99471,100,100141,100,98986,100,100184,100,,,100186,100,,,100197,100,,
2019-06-28 09:44:50.699413485,100051,444,99797,544,100056,100,99781,100,100061,100,99711,100,100101,100,99672,100,100109,100,99587,100,100125,100,99471,100,100141,100,98986,100,100184,100,,,100186,100,,,100197,100,,
2019-06-28 09:44:54.038506483,100051,444,99860,100,100056,100,99797,544,100061,100,99781,100,100101,100,99711,100,100109,100,99672,100,100125,100,99587,100,100141,100,99471,100,100184,100,98986,100,100186,100,,,100197,100,,
2019-06-28 09:45:00.000000000,100056,189,99860,189,100061,189,99797,189,100101,189,99781,189,100109,189,99711,189,100125,189,99672,189,100141,100,99587,100,100184,100,99471,100,100186,100,98986,100,100197,100,,,100292,100,,
2019-06-28 09:45:10.000000000,100056,544,99860,544,100061,100,99797,100,100101,100,99781,100,100109,100,99711,100,100125,100,99672,100,100141,100,99587,100,100184,100,99471,100,100186,100,98986,100,100197,100,,,100292,100,,
2019-06-28 09:45:20.000000000,100056,189,99860,189,100061,189,99797,189,100101,189,99781,189,100109,189,99711,189,100125,189,99672,189,100141,100,99587,100,100184,100,99471,100,100186,100,98986,100,100197,100,,,100292,100,,
2019-06-28 09:45:26.135070896,100056,189,99860,189,100061,189,99797,189,100101,189,99781,189,100109,189,99711,189,100125,189,99672,189,100141,100,99587,100,100184,100,99471,100,100186,100,98986,100,100197,100,,,100292,100,,
2019-06-28 09:45:30.000000000,100056,544,99860,544,100061,100,99797,100,100101,100,99781,100,100109,100,99711,100,100125,100,99672,100,100141,100,99587,100,100184,100,99471,100,100186,100,98986,100,100197,100,,,100292,100,,
2019-06-28 09:45:40.000000000,100056,251,99860,251,100061,247,99797,247,100101,247,99781,247,100109,100,99711,100,100125,100,99672,100,100141,100,99587,100,100184,100,99471,100,100186,100,98986,100,100197,100,,,100292,100,,
2019-06-28 09:45:50.000000000,100056,544,99860,544,100061,100,99797,100,100101,100,99781,100,100109,100,99711,100,100125,100,99672,100,100141,100,99587,100,100184,100,99471,100,100186,100,98986,100,100197,100,,,100292,100,,
2019-06-28 09:46:00.000000000,100056,544,99860,544,100061,100,99797,100,100101,100,99781,100,100109,100,99711,100,100125,100,99672,100,100141,100,99587,100,100184,100,99471,100,100186,100,98986,100,100197,100,,,100292,100,,
2019-06-28 09:46:10.000000000,100056,211,99860,211,100061,211,99797,211,100101,211,99781,211,100109,211,99711,211,100125,100,99672,100,100141,100,99587,100,100184,100,99471,100,100186,100,98986,100,100197,100,,,100292,100,,
2019-06-28 09:46:20.000000000,100056,322,99860,322,100061,322,99797,322,100101,100,99781,100,100109,100,99711,100,100125,100,99672,100,100141,100,99587,100,100184,100,99471,100,100186,100,98986,100,100197,100,,,100292,100,,
2019-06-28 09:46:30.000000000,100056,544,99860,544,100061,100,99797,100,100101,100,99781,100,100109,100,99711,100,100125,100,99672,100,100141,100,99587,100,100184,100,99471,100,100186,100,98986,100,100197,100,,,100292,100,,
2019-06-28 09:46:40.000000000,100056,211,99860,211,100061,211,99797,211,100101,211,99781,211,100109,211,99711,211,100125,100,99672,100,100141,100,99587,100,100184,100,99471,100,100186,100,98986,100,100197,100,,,100292,100,,
2019-06-28 09:46:48.552110264,100056,111,99860,211,100061,211,99797,211,100101,211,99781,211,100109,211,99711,211,100125,100,99672,100,100141,100,99587,100,100184,100,99471,100,100186,100,98986,100,100197,100,,,100292,100,,
2019-06-28 09:46:50.000000000,100061,544,99860,544,100101,100,99797,100,100109,100,99781,100,100125,100,99711,100,100141,100,99672,100,100184,100,99587,100,100186,100,99471,100,100197,100,98986,100,100292,100,,,100389,100,,
2019-06-28 09:46:53.171599383,100061,544,99860,544,100101,100,99797,100,100109,100,99781,100,100125,100,99711,100,100141,100,99672,100,100184,100,99587,100,100186,100,99471,100,100197,100,98986,100,100292,100,,,100389,100,,
2019-06-28 09:47:00.000000000,100061,251,99860,251,100101,247,99797,247,100109,247,99781,247,100125,100,99711,100,100141,100,99672,100,100184,100,99587,100,100186,100,99471,100,100197,100,98986,100,100292,100,,,100389,100,,
2019-06-28 09:47:09.227674774,100061,151,99860,251,100101,247,99797,247,100109,247,99781,247,100125,100,99711,100,100141,100,99672,100,100184,100,99587,100,100186,100,99471,100,100197,100,98986,100,100292,100,,,100389,100,,
2019-06-28 09:47:10.000000000,100101,544,99860,544,100109,100,99797,100,100125,100,99781,100,100141,100,99711,100,100184,100,99672,100,100186,100,99587,100,100197,100,99471,100,100292,100,98986,100,100389,100,,,100671,100,,
2019-06-28 09:47:20.000000000,100101,322,99860,322,100109,322,99797,322,100125,100,99781,100,100141,100,99711,100,100184,100,99672,100,100186,100,99587,100,100197,100,99471,100,100292,100,98986,100,100389,100,,,100671,100,,
2019-06-28 09:47:30.000000000,100101,322,99860,322,100109,322,99797,322,100125,100,99781,100,100141,100,99711,100,100184,100,99672,100,100186,100,99587,100,100197,100,99471,100,100292,100,98986,100,100389,100,,,100671,100,,
2019-06-28 09:47:30.329846931,100101,322,100051,100,100109,322,99860,322,100125,100,99797,322,100141,100,99781,100,100184,100,99711,100,100186,100,99672,100,100197,100,99587,100,100292,100,99471,100,100389,100,98986,100,100671,100,,
2019-06-28 09:47:31.841822573,100101,222,100051,100,100109,322,99860,322,100125,100,99797,322,100141,100,99781,100,100184,100,99711,100,100186,100,99672,100,100197,100,99587,100,100292,100,99471,100,100389,100,98986,100,100671,100,,
2019-06-28 09:47:37.107768890,100101,122,100051,100,100109,322,99860,322,100125,100,99797,222,100141,100,99781,100,100184,100,99711,100,100186,100,99672,100,100197,100,99587,100,100292,100,99471,100,100389,100,98986,100,100671,100,,
2019-06-28 09:47:40.000000000,100109,189,100051,189,100125,189,99860,189,100141,189,99781,189,100184,189,99711,189,100186,189,99672,189,100197,100,99587,100,100292,100,99471,100,100389,100,98986,100,100671,100,,,100747,100,,
2019-06-28 09:47:50.000000000,100109,189,100051,189,100125,189,99860,189,100141,189,99781,189,100184,189,99711,189,100186,189,99672,189,100197,100,99587,100,100292,100,99471,100,100389,100,98986,100,100671,100,,,100747,100,,
2019-06-28 09:47:52.994101536,100109,89,100051,189,100125,189,99860,189,100141,189,99781,189,100184,89,99711,189,100186,189,99672,189,100197,100,99587,100,100292,100,99471,100,100389,100,98986,100,100671,100,,,100747,100,,
2019-06-28 09:47:57.059966465,100125,189,100109,11,100141,189,100051,189,100184,89,99860,189,100186,189,99781,189,100197,100,99711,189,100292,100,99672,189,100389,100,99587,100,100671,100,99471,100,100747,100,98986,100,100797,100,,
2019-06-28 09:47:59.144379587,100125,189,100109,11,100141,189,100051,189,100184,89,99860,189,100186,189,99781,189,100197,100,99711,189,100292,100,99672,189,100389,100,99587,100,100671,100,99471,100,100747,100,98986,100,100797,100,,
2019-06-28 09:48:00.000000000,100125,544,100109,455,100141,100,100051,100,100186,100,99860,100,100197,100,99781,100,100292,100,99711,100,100389,100,99672,100,100671,100,99587,100,100747,100,99471,100,100797,100,98986,100,100848,100,,
2019-06-28 09:48:02.710925206,100125,544,100109,555,100141,100,100051,100,100186,100,99860,100,100197,100,99781,100,100292,100,99711,100,100389,100,99672,100,100671,100,99587,100,100747,100,99471,100,100797,100,98986,100,100848,100,,
2019-06-28 09:48:09.235865463,100125,544,100109,655,100141,100,100051,100,100186,100,99860,100,100197,100,99781,100,100292,100,99711,100,100389,100,99672,100,100671,100,99587,100,100747,100,99471,100,100797,100,98986,100,100848,100,,
2019-06-28 09:48:10.000000000,100125,211,100109,322,100141,211,100051,211,100186,211,99860,211,100197,211,99781,211,100292,100,99711,100,100389,100,99672,100,100671,100,99587,100,100747,100,99471,100,100797,100,98986,100,100848,100,,
2019-06-28 09:48:20.000000000,100125,211,100109,322,100141,211,100051,211,100186,211,99860,211,100197,211,99781,211,100292,100,99711,100,100389,100,99672,100,100671,100,99587,100,100747,100,99471,100,100797,100,98986,100,100848,100,,
2019-06-28 09:48:30.000000000,100125,189,100109,300,100141,189,100051,189,100186,189,99860,189,100197,189,99781,189,100292,189,99711,189,100389,100,99672,100,100671,100,99587,100,100747,100,99471,100,100797,100,98986,100,100848,100,,
2019-06-28 09:48:32.034095556,100125,189,100109,300,100141,189,100051,189,100186,189,99860,89,100197,189,99781,189,100292,189,99711,189,100389,100,99672,100,100671,100,99587,100,100747,100,99471,100,100797,100,98986,100,100848,100,,
2019-06-28 09:48:40.000000000,100125,189,100109,300,100141,189,100051,189,100186,189,99781,189,100197,189,99711,189,100292,189,99672,189,100389,100,99587,100,100671,100,99471,100,100747,100,98986,100,100797,100,,,100848,100,,
2019-06-28 09:48:44.803116424,100125,189,100109,300,100141,189,100051,189,100186,189,99781,189,100197,189,99711,189,100292,189,99672,189,100389,100,99587,100,100671,100,99471,100,100747,100,98986,100,100797,100,,,101576,100,,
2019-06-28 09:48:50.000000000,100125,211,100109,322,100141,211,100051,211,100186,211,99781,211,100197,211,99711,211,100292,100,99672,100,100389,100,99587,100,100671,100,99471,100,100747,100,98986,100,100797,100,,,101576,100,,
2019-06-28 09:48:51.477265670,100125,211,100109,422,100141,211,100051,211,100186,211,99781,211,100197,211,99711,211,100292,100,99672,100,100389,100,99587,100,100671,100,99471,100,100747,100,98986,100,100797,100,,,101576,100,,
2019-06-28 09:48:54.802306726,100125,111,100109,422,100141,211,100051,211,100186,211,99781,211,100197,211,99711,211,100292,100,99672,100,100389,100,99587,100,100671,100,99471,100,100747,100,98986,100,100797,100,,,101576,100,,
2019-06-28 09:48:55.637415892,100125,111,100109,422,100141,211,100051,211,100186,211,99781,211,100197,211,99711,211,100292,100,99672,100,100389,100,99587,100,100671,100,99471,100,100747,100,98986,100,100797,100,,,101576,100,,
2019-06-28 09:49:00.000000000,100141,211,100109,422,100186,211,100051,211,100197,211,99781,211,100292,211,99711,211,100389,100,99672,100,100671,100,99587,100,100747,100,99471,100,100797,100,98986,100,101576,100,,,101676,100,,
2019-06-28 09:49:10.000000000,100141,322,100109,533,100186,322,100051,322,100197,100,99781,100,100292,100,99711,100,100389,100,99672,100,100671,100,99587,100,100747,100,99471,100,100797,100,98986,100,101576,100,,,101676,100,,
2019-06-28 09:49:18.276830586,100141,322,100110,100,100186,322,100109,533,100197,100,100051,322,100292,100,99781,100,100389,100,99711,100,100671,100,99672,100,100747,100,99587,100,100797,100,99471,100,101576,100,98986,100,101676,100,,
2019-06-28 09:49:20.000000000,100141,322,100110,322,100186,322,100109,533,100197,100,100051,100,100292,100,99781,100,100389,100,99711,100,100671,100,99672,100,100747,100,99587,100,100797,100,99471,100,101576,100,98986,100,101676,100,,
2019-06-28 09:49:30.000000000,100141,251,100110,251,100186,247,100109,458,100197,247,100051,247,100292,100,99781,100,100389,100,99711,100,100671,100,99672,100,100747,100,99587,100,100797,100,99471,100,101576,100,98986,100,101676,100,,
2019-06-28 09:49:38.005060661,100141,151,100110,251,100186,247,100109,458,100197,247,100051,247,100292,100,99781,100,100389,100,99711,100,100671,100,99672,100,100747,100,99587,100,100797,100,99471,100,101576,100,98986,100,101676,100,,
2019-06-28 09:49:40.000000000,100186,251,100110,251,100197,247,100109,458,100292,247,100051,247,100389,100,99781,100,100671,100,99711,100,100747,100,99672,100,100797,100,99587,100,101576,100,99471,100,101676,100,98986,100,101680,100,,
2019-06-28 09:49:50.000000000,100186,189,100110,189,100197,189,100109,400,100292,189,100051,189,100389,189,99781,189,100671,189,99711,189,100747,100,99672,100,100797,100,99587,100,101576,100,99471,100,101676,100,98986,100,101680,100,,
2019-06-28 09:50:00.000000000,100186,544,100110,544,100197,100,100109,311,100292,100,100051,100,100389,100,99781,100,100671,100,99711,100,100747,100,99672,100,100797,100,99587,100,101576,100,99471,100,101676,100,98986,100,101680,100,,
2019-06-28 09:50:10.000000000,100186,544,100110,544,100197,100,100109,311,100292,100,100051,100,100389,100,99781,100,100671,100,99711,100,100747,100,99672,100,100797,100,99587,100,101576,100,99471,100,101676,100,98986,100,101680,100,,
2019-06-28 09:50:20.000000000,100186,544,100110,544,100197,100,100109,311,100292,100,100051,100,100389,100,99781,100,100671,100,99711,100,100747,100,99672,100,100797,100,99587,100,101576,100,99471,100,101676,100,98986,100,101680,100,,
2019-06-28 09:50:30.000000000,100186,211,100110,211,100197,211,100109,422,100292,211,100051,211,100389,211,99781,211,100671,100,99711,100,100747,100,99672,100,100797,100,99587,100,101576,100,99471,100,101676,100,98986,100,101680,100,,
2019-06-28 09:50:40.000000000,100186,322,100110,322,100197,322,100109,533,100292,100,100051,100,100389,100,99781,100,100671,100,99711,100,100747,100,99672,100,100797,100,99587,100,101576,100,99471,100,101676,100,98986,100,101680,100,,
2019-06-28 09:50:50.000000000,100186,322,100110,322,100197,322,100109,533,100292,100,100051,100,100389,100,99781,100,100671,100,99711,100,100747,100,99672,100,100797,100,99587,100,101576,100,99471,100,101676,100,98986,100,101680,100,,
2019-06-28 09:50:50.396193347,100186,322,100125,100,100197,322,100110,322,100292,100,100109,533,100389,100,100051,100,100671,100,99781,100,100747,100,99711,100,100797,100,99672,100,101576,100,99587,100,101676,100,99471,100,101680,100,98986,100
2019-06-28 09:50:59.813700424,100186,222,100125,100,100197,322,100110,322,100292,100,100109,533,100389,100,100051,100,100671,100,99781,100,100747,100,99711,100,100797,100,99672,100,101576,100,99587,100,101676,100,99471,100,101680,100,98986,100
2019-06-28 09:51:00.000000000,100197,211,100125,211,100292,211,100110,211,100389,211,100109,422,100671,211,100051,211,100747,100,99781,100,100797,100,99711,100,101576,100,99672,100,101676,100,99587,100,101680,100,99471,100,101749,100,98986,100
2019-06-28 09:51:09.856016984,100197,211,100125,211,100292,211,100110,111,100389,211,100109,422,100671,211,100051,211,100747,100,99781,100,100797,100,99711,100,101576,100,99672,100,101676,100,99587,100,101680,100,99471,100,101749,100,98986,100
2019-06-28 09:51:10.000000000,100197,544,100125,544,100292,100,100109,311,100389,100,100051,100,100671,100,99781,100,100747,100,99711,100,100797,100,99672,100,101576,100,99587,100,101676,100,99471,100,101680,100,98986,100,101749,100,,
2019-06-28 09:51:20.000000000,100197,544,100125,544,100292,100,100109,311,100389,100,100051,100,100671,100,99781,100,100747,100,99711,100,100797,100,99672,100,101576,100,99587,100,101676,100,99471,100,101680,100,98986,100,101749,100,,
2019-06-28 09:51:24.460568114,100197,444,100125,544,100292,100,100109,311,100389,100,100051,100,100671,100,99781,100,100747,100,99711,100,100797,100,99672,100,101576,100,99587,100,101676,100,99471,100,101680,100,98986,100,101749,100,,
2019-06-28 09:51:30.000000000,100292,322,100125,322,100389,322,100109,533,100671,100,100051,100,100747,100,99781,100,100797,100,99711,100,101576,100,99672,100,101676,100,99587,100,101680,100,99471,100,101749,100,98986,100,,,,
2019-06-28 09:51:30.094258554,100292,222,100125,322,100389,322,100109,533,100671,100,100051,100,100747,100,99781,100,100797,100,99711,100,101576,100,99672,100,101676,100,99587,100,101680,100,99471,100,101749,100,98986,100,,,,
2019-06-28 09:51:40.000000000,100389,251,100125,251,100671,247,100109,458,100747,247,100051,247,100797,100,99781,100,101576,100,99711,100,101676,100,99672,100,101680,100,99587,100,101749,100,99471,100,,,98986,100,,,,
2019-06-28 09:51:48.968730711,100389,251,100197,100,100671,247,100125,251,100747,247,100109,458,100797,100,100051,247,101576,100,99781,100,101676,100,99711,100,101680,100,99672,100,101749,100,99587,100,,,99471,100,,,98986,100
2019-06-28 09:51:49.304265173,100389,251,100197,100,100671,247,100125,251,100747,247,100109,458,100797,100,100051,247,101676,100,99781,100,101680,100,99711,100,101702,100,99672,100,101749,100,99587,100,,,99471,100,,,98986,100
2019-06-28 09:51:50.000000000,100389,251,100197,251,100671,247,100125,247,100747,247,100109,458,100797,100,100051,100,101676,100,99781,100,101680,100,99711,100,101702,100,99672,100,101749,100,99587,100,,,99471,100,,,98986,100
2019-06-28 09:52:00.000000000,100389,322,100197,322,100671,322,100125,322,100747,100,100109,311,100797,100,100051,100,101676,100,99781,100,101680,100,99711,100,101702,100,99672,100,101749,100,99587,100,,,99471,100,,,98986,100
2019-06-28 09:52:10.000000000,100389,544,100197,544,100671,100,100125,100,100747,100,100109,311,100797,100,100051,100,101676,100,99781,100,101680,100,99711,100,101702,100,99672,100,101749,100,99587,100,,,99471,100,,,98986,100
2019-06-28 09:52:20.000000000,100389,251,100197,251,100671,247,100125,247,100747,247,100109,458,100797,100,100051,100,101676,100,99781,100,101680,100,99711,100,101702,100,99672,100,101749,100,99587,100,,,99471,100,,,98986,100
2019-06-28 09:52:30.000000000,100389,251,100197,251,100671,247,100125,247,100747,247,100109,458,100797,100,100051,100,101676,100,99781,100,101680,100,99711,100,101702,100,99672,100,101749,100,99587,100,,,99471,100,,,98986,100
2019-06-28 09:52:40.000000000,100389,251,100197,251,100671,247,100125,247,100747,247,100109,458,100797,100,100051,100,101676,100,99781,100,101680,100,99711,100,101702,100,99672,100,101749,100,99587,100,,,99471,100,,,98986,100
2019-06-28 09:52:42.710068492,100389,251,100197,351,100671,247,100125,247,100747,247,100109,458,100797,100,100051,100,101676,100,99781,100,101680,100,99711,100,101702,100,99672,100,101749,100,99587,100,,,99471,100,,,98986,100
2019-06-28 09:52:45.343816961,100389,151,100197,351,100671,247,100125,247,100747,247,100109,458,100797,100,100051,100,101676,100,99781,100,101680,100,99711,100,101702,100,99672,100,101749,100,99587,100,,,99471,100,,,98986,100
2019-06-28 09:52:50.000000000,100671,251,100197,351,100747,247,100125,247,100797,247,100109,458,101676,100,100051,100,101680,100,99781,100,101702,100,99711,100,101749,100,99672,100,,,99587,100,,,99471,100,,,98986,100
2019-06-28 09:53:00.000000000,100671,544,100197,644,100747,100,100125,100,100797,100,100109,311,101676,100,100051,100,101680,100,99781,100,101702,100,99711,100,101749,100,99672,100,,,99587,100,,,99471,100,,,98986,100
2019-06-28 09:53:10.000000000,100671,211,100197,311,100747,211,100125,211,100797,211,100109,422,101676,211,100051,211,101680,100,99781,100,101702,100,99711,100,101749,100,99672,100,,,99587,100,,,99471,100,,,98986,100
2019-06-28 09:53:20.000000000,100671,544,100197,644,100747,100,100125,100,100797,100,100109,311,101676,100,100051,100,101680,100,99781,100,101702,100,99711,100,101749,100,99672,100,,,99587,100,,,99471,100,,,98986,100
2019-06-28 09:53:30.000000000,100671,189,100197,289,100747,189,100125,189,100797,189,100109,400,101676,189,100051,189,101680,189,99781,189,101702,100,99711,100,101749,100,99672,100,,,99587,100,,,99471,100,,,98986,100
2019-06-28 09:53:40.000000000,100671,189,100197,289,100747,189,100125,189,100797,189,100109,400,101676,189,100051,189,101680,189,99781,189,101702,100,99711,100,101749,100,99672,100,,,99587,100,,,99471,100,,,98986,100
2019-06-28 09:53:50.000000000,100671,322,100197,422,100747,322,100125,322,100797,100,100109,311,101676,100,100051,100,101680,100,99781,100,101702,100,99711,100,101749,100,99672,100,,,99587,100,,,99471,100,,,98986,100
2019-06-28 09:54:00.000000000,100671,251,100197,351,100747,247,100125,247,100797,247,100109,458,101676,100,100051,100,101680,100,99781,100,101702,100,99711,100,101749,100,99672,100,,,99587,100,,,99471,100,,,98986,100
2019-06-28 09:54:10.000000000,100671,322,100197,422,100747,322,100125,322,100797,100,100109,311,101676,100,100051,100,101680,100,99781,100,101702,100,99711,100,101749,100,99672,100,,,99587,100,,,99471,100,,,98986,100
2019-06-28 09:54:20.000000000,100671,211,100197,311,100747,211,100125,211,100797,211,100109,422,101676,211,100051,211,101680,100,99781,100,101702,100,99711,100,101749,100,99672,100,,,99587,100,,,99471,100,,,98986,100
2019-06-28 09:54:30.000000000,100671,211,100197,311,100747,211,100125,211,100797,211,100109,422,101676,211,100051,211,101680,100,99781,100,101702,100,99711,100,101749,100,99672,100,,,99587,100,,,99471,100,,,98986,100
2019-06-28 09:54:40.000000000,100671,189,100197,289,100747,189,100125,189,100797,189,100109,400,101676,189,100051,189,101680,189,99781,189,101702,100,99711,100,101749,100,99672,100,,,99587,100,,,99471,100,,,98986,100
2019-06-28 09:54:45.527446310,100671,189,100596,100,100747,189,100197,289,100797,189,100125,189,101676,189,100109,400,101680,189,100051,189,101702,100,99781,189,101749,100,99711,100,,,99672,100,,,99587,100,,,99471,100
2019-06-28 09:54:46.117494046,100671,189,100596,100,100747,189,100292,100,100797,189,100197,289,101676,189,100125,189,101680,189,100109,400,101702,100,100051,189,101749,100,99781,189,,,99711,100,,,99672,100,,,99587,100
2019-06-28 09:54:50.000000000,100671,322,100596,322,100747,322,100292,322,100797,100,100197,200,101676,100,100125,100,101680,100,100109,311,101702,100,100051,100,101749,100,99781,100,,,99711,100,,,99672,100,,,99587,100
2019-06-28 09:55:00.000000000,100671,544,100596,544,100747,100,100292,100,100797,100,100197,200,101676,100,100125,100,101680,100,100109,311,101702,100,100051,100,101749,100,99781,100,,,99711,100,,,99672,100,,,99587,100
2019-06-28 09:55:10.000000000,100671,189,100596,189,100747,189,100292,189,100797,189,100197,289,101676,189,100125,189,101680,189,100109,400,101702,100,100051,100,101749,100,99781,100,,,99711,100,,,99672,100,,,99587,100
2019-06-28 09:55:20.000000000,100671,211,100596,211,100747,211,100292,211,100797,211,100197,311,101676,211,100125,211,101680,100,100109,311,101702,100,100051,100,101749,100,99781,100,,,99711,100,,,99672,100,,,99587,100
2019-06-28 09:55:30.000000000,100671,189,100596,189,100747,189,100292,189,100797,189,100197,289,101676,189,100125,189,101680,189,100109,400,101702,100,100051,100,101749,100,99781,100,,,99711,100,,,99672,100,,,99587,100
2019-06-28 09:55:34.572748592,100671,189,100596,89,100747,189,100292,189,100797,189,100197,289,101676,189,100125,189,101680,189,100109,400,101702,100,100051,100,101749,100,99781,100,,,99711,100,,,99672,100,,,99587,100
2019-06-28 09:55:37.739046420,100388,11,100292,189,100671,189,100197,289,100747,189,100125,189,100797,189,100109,400,101676,189,100051,100,101680,189,99781,100,101702,100,99711,100,101749,100,99672,100,,,99587,100,,,99471,100
2019-06-28 09:55:40.000000000,100388,233,100292,322,100671,322,100197,422,100747,100,100125,100,100797,100,100109,311,101676,100,100051,100,101680,100,99781,100,101702,100,99711,100,101749,100,99672,100,,,99587,100,,,99471,100
2019-06-28 09:55:50.000000000,100388,233,100292,322,100671,322,100197,422,100747,100,100125,100,100797,100,100109,311,101676,100,100051,100,101680,100,99781,100,101702,100,99711,100,101749,100,99672,100,,,99587,100,,,99471,100
2019-06-28 09:56:00.000000000,100388,122,100292,211,100671,211,100197,311,100747,211,100125,211,100797,211,100109,422,101676,100,100051,100,101680,100,99781,100,101702,100,99711,100,101749,100,99672,100,,,99587,100,,,99471,100
2019-06-28 09:56:10.000000000,100388,100,100292,189,100671,189,100197,289,100747,189,100125,189,100797,189,100109,400,101676,189,100051,189,101680,100,99781,100,101702,100,99711,100,101749,100,99672,100,,,99587,100,,,99471,100
2019-06-28 09:56:20.000000000,100388,100,100292,189,100671,189,100197,289,100747,189,100125,189,100797,189,100109,400,101676,189,100051,189,101680,100,99781,100,101702,100,99711,100,101749,100,99672,100,,,99587,100,,,99471,100
2019-06-28 09:56:30.000000000,100388,122,100292,211,100671,211,100197,311,100747,211,100125,211,100797,211,100109,422,101676,100,100051,100,101680,100,99781,100,101702,100,99711,100,101749,100,99672,100,,,99587,100,,,99471,100
2019-06-28 09:56:34.623658322,100388,122,100292,111,100596,100,100197,311,100671,211,100125,211,100747,211,100109,422,100797,211,100051,100,101676,100,99781,100,101680,100,99711,100,101702,100,99672,100,101749,100,99587,100,,,99471,100
2019-06-28 09:56:40.000000000,100388,122,100197,311,100596,211,100125,211,100671,211,100109,422,100747,211,100051,211,100797,100,99781,100,101676,100,99711,100,101680,100,99672,100,101702,100,99587,100,101749,100,99471,100,,,98986,100
2019-06-28 09:56:50.000000000,100388,233,100197,422,100596,322,100125,322,100671,100,100109,311,100747,100,100051,100,100797,100,99781,100,101676,100,99711,100,101680,100,99672,100,101702,100,99587,100,101749,100,99471,100,,,98986,100
2019-06-28 09:56:53.025786895,100388,233,100197,422,100596,322,100125,322,100671,100,100109,311,100747,100,100051,100,100797,100,99781,100,100920,100,99711,100,101676,100,99672,100,101680,100,99587,100,101702,100,99471,100,101749,100,98986,100
2019-06-28 09:56:55.803742465,100388,133,100197,422,100596,322,100125,322,100671,100,100109,311,100747,100,100051,100,100797,100,99781,100,100920,100,99711,100,101676,100,99672,100,101680,100,99587,100,101702,100,99471,100,101749,100,98986,100
2019-06-28 09:56:59.921217356,100388,33,100197,422,100596,322,100125,322,100671,100,100109,311,100747,100,100051,100,100797,100,99781,100,100920,100,99711,100,101676,100,99672,100,101680,100,99587,100,101702,100,99471,100,101749,100,98986,100
2019-06-28 09:57:00.000000000,100596,189,100197,289,100671,189,100125,189,100747,189,100109,400,100797,189,100051,189,100920,189,99781,189,101676,100,99711,100,101680,100,99672,100,101702,100,99587,100,101749,100,99471,100,,,98986,100
2019-06-28 09:57:03.703287267,100596,189,100388,100,100671,189,100197,289,100747,189,100125,189,100797,189,100109,400,100920,189,100051,189,101676,100,99781,189,101680,100,99711,100,101702,100,99672,100,101749,100,99587,100,,,99471,100
2019-06-28 09:57:07.806742412,100596,189,100388,100,100671,189,100197,289,100747,189,100125,189,100797,189,100109,400,100920,189,100051,189,100963,100,99781,189,101676,100,99711,100,101680,100,99672,100,101702,100,99587,100,101749,100,99471,100
2019-06-28 09:57:10.000000000,100596,544,100388,544,100671,100,100197,200,100747,100,100125,100,100797,100,100109,311,100920,100,100051,100,100963,100,99781,100,101676,100,99711,100,101680,100,99672,100,101702,100,99587,100,101749,100,99471,100
2019-06-28 09:57:10.945179546,100596,544,100388,544,100671,100,100197,200,100689,100,100125,100,100747,100,100109,311,100797,100,100051,100,100920,100,99781,100,100963,100,99711,100,101676,100,99672,100,101680,100,99471,100,101702,100,98986,100
2019-06-28 09:57:16.871641092,100596,544,100388,544,100671,100,100197,200,100689,100,100125,100,100747,100,100109,311,100797,100,100051,100,100920,100,99781,100,100963,100,99711,100,100999,100,99672,100,101676,100,99471,100,101680,100,98986,100
2019-06-28 09:57:20.000000000,100596,251,100388,251,100671,247,100197,347,100689,247,100125,247,100747,100,100109,311,100797,100,100051,100,100920,100,99781,100,100963,100,99711,100,100999,100,99672,100,101676,100,99471,100,101680,100,98986,100
2019-06-28 09:57:30.000000000,100596,251,100388,251,100671,247,100197,347,100689,247,100125,247,100747,100,100109,311,100797,100,100051,100,100920,100,99781,100,100963,100,99711,100,100999,100,99672,100,101676,100,99471,100,101680,100,98986,100
2019-06-28 09:57:40.000000000,100596,189,100388,189,100671,189,100197,289,100689,189,100125,189,100747,189,100109,400,100797,189,100051,189,100920,100,99781,100,100963,100,99711,100,100999,100,99672,100,101676,100,99471,100,101680,100,98986,100
2019-06-28 09:57:50.000000000,100596,322,100388,322,100671,322,100197,422,100689,100,100125,100,100747,100,100109,311,100797,100,100051,100,100920,100,99781,100,100963,100,99711,100,100999,100,99672,100,101676,100,99471,100,101680,100,98986,100
2019-06-28 09:57:54.302557782,100596,322,100388,322,100671,322,100197,422,100689,100,100125,100,100747,100,100109,311,100797,100,99781,100,100920,100,99711,100,100963,100,99672,100,100999,100,99471,100,101676,100,98986,100,101680,100,,
2019-06-28 09:57:57.528853151,100596,322,100388,322,100671,322,100197,422,100689,100,100125,100,100691,100,100109,311,100747,100,99781,100,100920,100,99711,100,100963,100,99672,100,100999,100,99471,100,101676,100,98986,100,101680,100,,
2019-06-28 09:58:00.000000000,100596,189,100388,189,100671,189,100197,289,100689,189,100125,189,100691,189,100109,400,100747,189,99781,189,100920,100,99711,100,100963,100,99672,100,100999,100,99471,100,101676,100,98986,100,101680,100,,
2019-06-28 09:58:10.000000000,100596,251,100388,251,100671,247,100197,347,100689,247,100125,247,100691,100,100109,311,100747,100,99781,100,100920,100,99711,100,100963,100,99672,100,100999,100,99471,100,101676,100,98986,100,101680,100,,
2019-06-28 09:58:16.229985289,100596,251,100388,151,100671,247,100197,347,100689,247,100125,247,100691,100,100109,311,100747,100,99781,100,100920,100,99711,100,100963,100,99672,100,100999,100,99471,100,101676,100,98986,100,101680,100,,
2019-06-28 09:58:20.000000000,100596,322,100197,422,100671,322,100125,322,100689,100,100109,311,100691,100,99781,100,100747,100,99711,100,100920,100,99672,100,100963,100,99471,100,100999,100,98986,100,101676,100,,,101680,100,,
2019-06-28 09:58:30.000000000,100596,189,100197,289,100671,189,100125,189,100689,189,100109,400,100691,189,99781,189,100747,189,99711,189,100920,100,99672,100,100963,100,99471,100,100999,100,98986,100,101676,100,,,101680,100,,
2019-06-28 09:58:30.622063984,100596,189,100197,289,100671,189,100125,189,100689,189,100109,400,100691,189,99781,189,100747,189,99711,189,100751,100,99672,100,100920,100,99471,100,100963,100,98986,100,100999,100,,,101676,100,,
2019-06-28 09:58:40.000000000,100596,211,100197,311,100671,211,100125,211,100689,211,100109,422,100691,211,99781,211,100747,100,99711,100,100751,100,99672,100,100920,100,99471,100,100963,100,98986,100,100999,100,,,101676,100,,
2019-06-28 09:58:41.870509281,100596,211,100197,311,100671,211,100125,211,100689,211,100109,422,100691,211,99781,211,100747,100,99711,100,100751,100,99672,100,100795,100,99471,100,100920,100,98986,100,100963,100,,,100999,100,,
2019-06-28 09:58:42.670965535,100543,100,100197,311,100596,211,100125,211,100671,211,100109,422,100689,211,99781,111,100691,211,99711,100,100747,100,99672,100,100751,100,99471,100,100795,100,98986,100,100920,100,,,100963,100,,
2019-06-28 09:58:50.000000000,100543,251,100197,351,100596,247,100125,247,100671,247,100109,458,100689,100,99711,100,100691,100,99672,100,100747,100,99471,100,100751,100,98986,100,100795,100,,,100920,100,,,100963,100,,
2019-06-28 09:59:00.000000000,100543,544,100197,644,100596,100,100125,100,100671,100,100109,311,100689,100,99711,100,100691,100,99672,100,100747,100,99471,100,100751,100,98986,100,100795,100,,,100920,100,,,100963,100,,
2019-06-28 09:59:10.000000000,100543,322,100197,422,100596,322,100125,322,100671,100,100109,311,100689,100,99711,100,100691,100,99672,100,100747,100,99471,100,100751,100,98986,100,100795,100,,,100920,100,,,100963,100,,
2019-06-28 09:59:20.000000000,100543,189,100197,289,100596,189,100125,189,100671,189,100109,400,100689,189,99711,189,100691,189,99672,189,100747,100,99471,100,100751,100,98986,100,100795,100,,,100920,100,,,100963,100,,
2019-06-28 09:59:20.784707130,100543,189,100197,289,100596,189,100125,189,100667,100,100109,400,100671,189,99711,189,100689,189,99672,189,100691,189,99471,100,100747,100,98986,100,100751,100,,,100795,100,,,100920,100,,
2019-06-28 09:59:30.000000000,100543,211,100197,311,100596,211,100125,211,100667,211,100109,422,100671,211,99711,211,100689,100,99672,100,100691,100,99471,100,100747,100,98986,100,100751,100,,,100795,100,,,100920,100,,
2019-06-28 09:59:32.494103332,100543,211,100197,311,100596,211,100125,211,100621,100,100109,422,100667,211,99711,211,100671,211,99672,100,100689,100,99471,100,100691,100,98986,100,100747,100,,,100751,100,,,100795,100,,
2019-06-28 09:59:38.791380046,100543,211,100389,100,100596,211,100197,311,100621,100,100125,211,100667,211,100109,422,100671,211,99711,211,100689,100,99672,100,100691,100,99471,100,100747,100,98986,100,100751,100,,,100795,100,,
2019-06-28 09:59:40.000000000,100543,322,100389,322,100596,322,100197,422,100621,100,100125,100,100667,100,100109,311,100671,100,99711,100,100689,100,99672,100,100691,100,99471,100,100747,100,98986,100,100751,100,,,100795,100,,
2019-06-28 09:59:46.229183815,100420,100,100389,322,100543,322,100197,422,100596,322,100125,100,100621,100,100109,311,100667,100,99711,100,100671,100,99672,100,100689,100,99471,100,100691,100,98986,100,100747,100,,,100751,100,,
2019-06-28 09:59:50.000000000,100420,211,100389,211,100543,211,100197,311,100596,211,100125,211,100621,211,100109,422,100667,100,99711,100,100671,100,99672,100,100689,100,99471,100,100691,100,98986,100,100747,100,,,100751,100,,
2019-06-28 09:59:52.753933702,100420,211,100389,211,100543,211,100277,100,100596,211,100197,311,100621,211,100125,211,100667,100,100109,422,100671,100,99711,100,100691,100,99672,100,100747,100,99471,100,100751,100,98986,100,100795,100,,
2019-06-28 10:00:00.000000000,100420,211,100389,211,100543,211,100277,211,100596,211,100197,311,100621,211,100125,211,100667,100,100109,311,100671,100,99711,100,100691,100,99672,100,100747,100,99471,100,100751,100,98986,100,100795,100,,
2019-06-28 10:00:10.000000000,100420,211,100389,211,100543,211,100277,211,100596,211,100197,311,100621,211,100125,211,100667,100,100109,311,100671,100,99711,100,100691,100,99672,100,100747,100,99471,100,100751,100,98986,100,100795,100,,
2019-06-28 10:00:14.038358061,100420,211,100389,311,100543,211,100277,211,100596,211,100197,311,100621,211,100125,211,100667,100,100109,211,100671,100,99711,100,100691,100,99672,100,100747,100,99471,100,100751,100,98986,100,100795,100,,
2019-06-28 10:00:19.935756773,100420,211,100389,311,100504,100,100277,211,100543,211,100197,311,100596,211,100125,211,100621,211,100109,211,100667,100,99711,100,100671,100,99672,100,100691,100,99471,100,100747,100,,,100751,100,,
2019-06-28 10:00:20.000000000,100420,251,100389,351,100504,247,100277,247,100543,247,100197,347,100596,100,100125,100,100621,100,100109,211,100667,100,99711,100,100671,100,99672,100,100691,100,99471,100,100747,100,,,100751,100,,
2019-06-28 10:00:30.000000000,100420,544,100389,644,100504,100,100277,100,100543,100,100197,200,100596,100,100125,100,100621,100,100109,211,100667,100,99711,100,100671,100,99672,100,100691,100,99471,100,100747,100,,,100751,100,,
2019-06-28 10:00:32.330819559,100420,544,100389,644,100504,100,100277,100,100543,100,100197,200,100596,100,100125,100,100621,100,100109,211,100667,100,99991,100,100671,100,99711,100,100691,100,99672,100,100747,100,99471,100,100751,100,,
2019-06-28 10:00:33.335829321,100420,544,100389,544,100504,100,100277,100,100543,100,100197,200,100596,100,100125,100,100621,100,100109,211,100667,100,99991,100,100671,100,99711,100,100691,100,99672,100,100747,100,99471,100,100751,100,,
2019-06-28 10:00:36.854221204,100420,544,100389,544,100504,100,100277,100,100543,100,100197,200,100596,100,100160,100,100621,100,100125,100,100667,100,100109,211,100671,100,99991,100,100691,100,99711,100,100747,100,99672,100,100751,100,99471,100
2019-06-28 10:00:40.000000000,100420,322,100389,322,100504,322,100277,322,100543,100,100197,200,100596,100,100160,100,100621,100,100125,100,100667,100,100109,211,100671,100,99991,100,100691,100,99711,100,100747,100,99672,100,100751,100,99471,100
2019-06-28 10:00:44.168282279,100420,322,100389,222,100504,322,100277,322,100543,100,100197,200,100596,100,100160,100,100621,100,100125,100,100667,100,100109,211,100671,100,99991,100,100691,100,99711,100,100747,100,99672,100,100751,100,99471,100
2019-06-28 10:00:48.789192917,100420,322,100389,122,100504,322,100277,322,100543,100,100197,200,100596,100,100160,100,100621,100,100125,100,100667,100,100109,211,100671,100,99991,100,100691,100,99711,100,100747,100,99672,100,100751,100,99471,100
2019-06-28 10:00:50.000000000,100420,211,100277,211,100504,211,100197,311,100543,211,100160,211,100596,211,100125,211,100621,100,100109,211,100667,100,99991,100,100671,100,99711,100,100691,100,99672,100,100747,100,99471,100,100751,100,,
2019-06-28 10:01:00.000000000,100420,544,100277,544,100504,100,100197,200,100543,100,100160,100,100596,100,100125,100,100621,100,100109,211,100667,100,99991,100,100671,100,99711,100,100691,100,99672,100,100747,100,99471,100,100751,100,,
2019-06-28 10:01:00.551393721,100420,544,100277,544,100504,100,100226,100,100543,100,100197,200,100596,100,100160,100,100621,100,100125,100,100667,100,100109,211,100671,100,99991,100,100691,100,99711,100,100747,100,99672,100,100751,100,99471,100
2019-06-28 10:01:10.000000000,100420,322,100277,322,100504,322,100226,322,100543,100,100197,200,100596,100,100160,100,100621,100,100125,100,100667,100,100109,211,100671,100,99991,100,100691,100,99711,100,100747,100,99672,100,100751,100,99471,100
2019-06-28 10:01:20.000000000,100420,322,100277,322,100504,322,100226,322,100543,100,100197,200,100596,100,100160,100,100621,100,100125,100,100667,100,100109,211,100671,100,99991,100,100691,100,99711,100,100747,100,99672,100,100751,100,99471,100
2019-06-28 10:01:27.158010542,100420,322,100387,100,100504,322,100277,322,100543,100,100226,222,100596,100,100197,200,100621,100,100160,100,100667,100,100125,100,100671,100,100109,211,100691,100,99991,100,100747,100,99711,100,100751,100,99672,100
2019-06-28 10:01:30.000000000,100420,251,100387,251,100504,247,100277,247,100543,247,100197,347,100596,100,100160,100,100621,100,100125,100,100667,100,100109,211,100671,100,99991,100,100691,100,99711,100,100747,100,99672,100,100751,100,99471,100
2019-06-28 10:01:40.000000000,100420,211,100387,211,100504,211,100277,211,100543,211,100197,311,100596,211,100160,211,100621,100,100125,100,100667,100,100109,211,100671,100,99991,100,100691,100,99711,100,100747,100,99672,100,100751,100,99471,100
2019-06-28 10:01:41.460863762,100420,111,100387,211,100504,211,100277,211,100543,211,100197,311,100596,211,100160,211,100621,100,100125,100,100667,100,100109,211,100671,100,99991,100,100691,100,99711,100,100751,100,99672,100,100795,100,99471,100
2019-06-28 10:01:42.323062216,100420,111,100387,211,100504,211,100277,211,100543,211,100197,311,100596,211,100160,211,100621,100,100125,100,100667,100,100109,211,100671,100,99991,100,100691,100,99711,100,100795,100,99672,100,100920,100,99471,100
2019-06-28 10:01:49.958685083,100420,111,100387,211,100504,211,100277,211,100543,211,100197,311,100596,211,100160,211,100621,100,100125,100,100645,100,100109,211,100667,100,99991,100,100671,100,99711,100,100691,100,99672,100,100795,100,99471,100
2019-06-28 10:01:50.000000000,100504,251,100387,251,100543,247,100277,247,100596,247,100197,347,100621,100,100160,100,100645,100,100125,100,100667,100,100109,211,100671,100,99991,100,100691,100,99711,100,100795,100,99672,100,100920,100,99471,100
2019-06-28 10:02:00.000000000,100504,322,100387,322,100543,322,100277,322,100596,100,100197,200,100621,100,100160,100,100645,100,100125,100,100667,100,100109,211,100671,100,99991,100,100691,100,99711,100,100795,100,99672,100,100920,100,99471,100
2019-06-28 10:02:02.587891588,100504,322,100387,322,100543,322,100277,322,100596,100,100197,200,100621,100,100160,100,100645,100,100125,100,100667,100,100109,111,100671,100,99991,100,100691,100,99711,100,100795,100,99672,100,100920,100,99471,100
2019-06-28 10:02:10.000000000,100504,251,100387,251,100543,247,100277,247,100596,247,100197,347,100621,100,100160,100,100645,100,100125,100,100667,100,100109,111,100671,100,99991,100,100691,100,99711,100,100795,100,99672,100,100920,100,99471,100
2019-06-28 10:02:11.969673577,100504,251,100389,100,100543,247,100387,251,100596,247,100277,247,100621,100,100197,347,100645,100,100160,100,100667,100,100125,100,100671,100,100109,111,100691,100,99991,100,100795,100,99711,100,100920,100,99672,100
2019-06-28 10:02:19.245169266,100504,151,100389,100,100543,247,100387,251,100596,247,100277,247,100621,100,100197,347,100645,100,100160,100,100667,100,100125,100,100671,100,100109,111,100691,100,99991,100,100795,100,99711,100,100920,100,99672,100
2019-06-28 10:02:20.000000000,100543,211,100389,211,100596,211,100387,211,100621,211,100277,211,100645,211,100197,311,100667,100,100160,100,100671,100,100125,100,100691,100,100109,111,100795,100,99991,100,100920,100,99711,100,100927,100,99672,100
2019-06-28 10:02:24.361548757,100543,211,100483,100,100596,211,100389,211,100621,211,100387,211,100645,211,100277,211,100667,100,100197,311,100671,100,100160,100,100691,100,100125,100,100795,100,100109,111,100920,100,99991,100,100927,100,99711,100
2019-06-28 10:02:26.849957393,100543,211,100483,100,100596,211,100389,211,100621,211,100387,211,100645,211,100277,211,100667,100,100197,211,100671,100,100160,100,100691,100,100125,100,100795,100,100109,111,100920,100,99991,100,100927,100,99711,100
2019-06-28 10:02:27.726378880,100543,211,100483,100,100596,211,100389,211,100621,211,100387,211,100645,111,100277,211,100667,100,100197,211,100671,100,100160,100,100691,100,100125,100,100711,100,100109,111,100795,100,99991,100,100920,100,99711,100
2019-06-28 10:02:30.000000000,100543,251,100483,251,100596,247,100389,247,100621,247,100387,247,100667,100,100277,100,100671,100,100197,100,100691,100,100160,100,100711,100,100125,100,100795,100,100109,111,100920,100,99991,100,100927,100,99711,100
2019-06-28 10:02:40.000000000,100543,251,100483,251,100596,247,100389,247,100621,247,100387,247,100667,100,100277,100,100671,100,100197,100,100691,100,100160,100,100711,100,100125,100,100795,100,100109,111,100920,100,99991,100,100927,100,99711,100
2019-06-28 10:02:43.726308130,100543,251,100483,251,100596,247,100420,100,100621,247,100389,247,100667,100,100387,247,100671,100,100277,100,100691,100,100197,100,100711,100,100160,100,100795,100,100125,100,100920,100,100109,111,100927,100,99991,100
2019-06-28 10:02:44.837068262,100543,251,100483,151,100596,247,100420,100,100621,247,100389,247,100667,100,100387,247,100671,100,100277,100,100691,100,100197,100,100711,100,100160,100,100795,100,100125,100,100920,100,100109,111,100927,100,99991,100
2019-06-28 10:02:50.000000000,100543,211,100420,211,100596,211,100389,211,100621,211,100387,211,100667,211,100277,211,100671,100,100197,100,100691,100,100160,100,100711,100,100125,100,100795,100,100109,111,100920,100,99991,100,100927,100,99711,100
2019-06-28 10:02:54.259533972,100543,211,100420,211,100596,211,100389,211,100621,211,100387,211,100667,211,100277,211,100671,100,100258,100,100691,100,100197,100,100711,100,100160,100,100795,100,100125,100,100920,100,100109,111,100927,100,99991,100
2019-06-28 10:02:54.817456303,100543,211,100420,211,100596,211,100389,211,100621,211,100387,211,100655,100,100277,211,100667,211,100258,100,100691,100,100197,100,100711,100,100160,100,100795,100,100125,100,100920,100,100109,111,100927,100,99991,100
2019-06-28 10:03:00.000000000,100543,211,100420,211,100596,211,100389,211,100621,211,100387,211,100655,211,100277,211,100667,100,100258,100,100691,100,100197,100,100711,100,100160,100,100795,100,100125,100,100920,100,100109,111,100927,100,99991,100
2019-06-28 10:03:07.563544061,100543,211,100420,211,100596,211,100389,211,100599,100,100387,211,100621,211,100277,211,100655,211,100258,100,100667,100,100197,100,100691,100,100160,100,100711,100,100125,100,100795,100,100109,111,100920,100,99991,100
2019-06-28 10:03:10.000000000,100543,189,100420,189,100596,189,100389,189,100599,189,100387,189,100621,189,100277,189,100655,189,100258,189,100667,100,100197,100,100691,100,100160,100,100711,100,100125,100,100795,100,100109,111,100920,100,99991,100
2019-06-28 10:03:20.000000000,100543,211,100420,211,100596,211,100389,211,100599,211,100387,211,100621,211,100277,211,100655,100,100258,100,100667,100,100197,100,100691,100,100160,100,100711,100,100125,100,100795,100,100109,111,100920,100,99991,100
2019-06-28 10:03:27.352578862,100503,100,100420,211,100543,211,100389,211,100596,211,100387,211,100599,211,100277,211,100621,211,100258,100,100655,100,100197,100,100667,100,100160,100,100691,100,100125,100,100711,100,100109,111,100795,100,99991,100
2019-06-28 10:03:28.093902194,100503,100,100420,211,100543,211,100389,211,100596,211,100387,211,100599,211,100317,100,100621,211,100277,211,100655,100,100258,100,100667,100,100197,100,100691,100,100160,100,100711,100,100125,100,100795,100,100109,111
2019-06-28 10:03:28.253586392,100503,100,100420,211,100543,211,100389,211,100596,211,100387,211,100599,211,100317,100,100621,211,100277,211,100655,100,100258,100,100667,100,100160,100,100691,100,100125,100,100711,100,100109,111,100795,100,99991,100
2019-06-28 10:03:30.000000000,100503,211,100420,211,100543,211,100389,211,100596,211,100387,211,100599,211,100317,211,100621,100,100277,100,100655,100,100258,100,100667,100,100160,100,100691,100,100125,100,100711,100,100109,111,100795,100,99991,100
2019-06-28 10:03:38.664420760,100503,211,100420,211,100543,211,100389,211,100596,211,100387,211,100599,211,100317,211,100621,100,100277,100,100655,100,100258,100,100667,100,100160,100,100691,100,100125,100,100711,100,100109,111,100795,100,100018,100
2019-06-28 10:03:40.000000000,100503,251,100420,251,100543,247,100389,247,100596,247,100387,247,100599,100,100317,100,100621,100,100277,100,100655,100,100258,100,100667,100,100160,100,100691,100,100125,100,100711,100,100109,111,100795,100,100018,100
2019-06-28 10:03:50.000000000,100503,322,100420,322,100543,322,100389,322,100596,100,100387,100,100599,100,100317,100,100621,100,100277,100,100655,100,100258,100,100667,100,100160,100,100691,100,100125,100,100711,100,100109,111,100795,100,100018,100
2019-06-28 10:04:00.000000000,100503,322,100420,322,100543,322,100389,322,100596,100,100387,100,100599,100,100317,100,100621,100,100277,100,100655,100,100258,100,100667,100,100160,100,100691,100,100125,100,100711,100,100109,111,100795,100,100018,100
2019-06-28 10:04:00.831296796,100503,322,100420,322,100543,322,100389,322,100596,100,100387,100,100599,100,100317,100,100621,100,100277,100,100655,100,100258,100,100667,100,100166,100,100691,100,100160,100,100711,100,100125,100,100795,100,100109,111
2019-06-28 10:04:02.122475620,100503,322,100420,322,100543,322,100389,322,100596,100,100387,100,100599,100,100317,100,100621,100,100277,100,100655,100,100258,100,100667,100,100206,100,100691,100,100166,100,100711,100,100160,100,100795,100,100125,100
2019-06-28 10:04:10.000000000,100503,211,100420,211,100543,211,100389,211,100596,211,100387,211,100599,211,100317,211,100621,100,100277,100,100655,100,100258,100,100667,100,100206,100,100691,100,100166,100,100711,100,100160,100,100795,100,100125,100
2019-06-28 10:04:20.000000000,100503,251,100420,251,100543,247,100389,247,100596,247,100387,247,100599,100,100317,100,100621,100,100277,100,100655,100,100258,100,100667,100,100206,100,100691,100,100166,100,100711,100,100160,100,100795,100,100125,100
2019-06-28 10:04:26.266373739,100503,251,100420,251,100543,247,100415,100,100596,247,100389,247,100599,100,100387,247,100621,100,100317,100,100655,100,100277,100,100667,100,100258,100,100691,100,100206,100,100711,100,100166,100,100795,100,100160,100
2019-06-28 10:04:30.000000000,100503,544,100420,544,100543,100,100415,100,100596,100,100389,100,100599,100,100387,100,100621,100,100317,100,100655,100,100277,100,100667,100,100258,100,100691,100,100206,100,100711,100,100166,100,100795,100,100160,100
2019-06-28 10:04:35.270337019,100503,544,100420,544,100543,100,100415,100,100596,100,100389,100,100599,100,100387,100,100621,100,100317,100,100655,100,100281,100,100667,100,100277,100,100691,100,100258,100,100795,100,100206,100,100927,100,100166,100
2019-06-28 10:04:40.000000000,100503,544,100420,544,100543,100,100415,100,100596,100,100389,100,100599,100,100387,100,100621,100,100317,100,100655,100,100281,100,100667,100,100277,100,100691,100,100258,100,100795,100,100206,100,100927,100,100166,100
2019-06-28 10:04:50.000000000,100503,211,100420,211,100543,211,100415,211,100596,211,100389,211,100599,211,100387,211,100621,100,100317,100,100655,100,100281,100,100667,100,100277,100,100691,100,100258,100,100795,100,100206,100,100927,100,100166,100
2019-06-28 10:05:00.000000000,100503,544,100420,544,100543,100,100415,100,100596,100,100389,100,100599,100,100387,100,100621,100,100317,100,100655,100,100281,100,100667,100,100277,100,100691,100,100258,100,100795,100,100206,100,100927,100,100166,100
2019-06-28 10:05:05.462693353,100503,544,100420,544,100543,100,100415,100,100551,100,100389,100,100596,100,100387,100,100599,100,100317,100,100621,100,100281,100,100655,100,100277,100,100667,100,100258,100,100691,100,100206,100,100795,100,100166,100
2019-06-28 10:05:10.000000000,100503,211,100420,211,100543,211,100415,211,100551,211,100389,211,100596,211,100387,211,100599,100,100317,100,100621,100,100281,100,100655,100,100277,100,100667,100,100258,100,100691,100,100206,100,100795,100,100166,100
2019-06-28 10:05:20.000000000,100503,189,100420,189,100543,189,100415,189,100551,189,100389,189,100596,189,100387,189,100599,189,100317,189,100621,100,100281,100,100655,100,100277,100,100667,100,100258,100,100691,100,100206,100,100795,100,100166,100
2019-06-28 10:05:30.000000000,100503,322,100420,322,100543,322,100415,322,100551,100,100389,100,100596,100,100387,100,100599,100,100317,100,100621,100,100281,100,100655,100,100277,100,100667,100,100258,100,100691,100,100206,100,100795,100,100166,100
2019-06-28 10:05:31.667947858,100503,322,100420,222,100543,322,100415,322,100551,100,100389,100,100596,100,100387,100,100599,100,100317,100,100621,100,100281,100,100655,100,100277,100,100667,100,100258,100,100795,100,100206,100,100927,100,100166,100
2019-06-28 10:05:40.000000000,100503,189,100415,189,100543,189,100389,189,100551,189,100387,189,100596,189,100317,189,100599,189,100281,189,100621,100,100277,100,100655,100,100258,100,100667,100,100206,100,100795,100,100166,100,100927,100,100160,100
2019-06-28 10:05:43.900925653,100503,189,100415,89,100543,189,100389,189,100551,189,100387,189,100596,189,100317,189,100599,189,100281,189,100621,100,100277,100,100655,100,100258,100,100667,100,100206,100,100795,100,100166,100,100927,100,100160,100
2019-06-28 10:05:50.000000000,100503,211,100389,211,100543,211,100387,211,100551,211,100317,211,100596,211,100281,211,100599,100,100277,100,100621,100,100258,100,100655,100,100206,100,100667,100,100166,100,100795,100,100160,100,100927,100,100125,100
2019-06-28 10:05:52.566713042,100503,211,100389,111,100543,111,100387,211,100551,211,100317,211,100596,211,100281,211,100599,100,100277,100,100621,100,100258,100,100655,100,100206,100,100667,100,100166,100,100795,100,100160,100,100927,100,100125,100
2019-06-28 10:05:55.720750086,100503,211,100389,111,100543,111,100387,211,100551,211,100317,211,100596,211,100281,211,100599,100,100277,100,100621,100,100258,100,100655,100,100206,100,100667,100,100166,100,100795,100,100125,100,100927,100,100109,111
2019-06-28 10:06:00.000000000,100503,251,100387,251,100551,247,100317,247,100596,247,100281,247,100599,100,100277,100,100621,100,100258,100,100655,100,100206,100,100667,100,100166,100,100795,100,100125,100,100927,100,100109,111,100963,100,100018,100
2019-06-28 10:06:10.000000000,100503,322,100387,322,100551,322,100317,322,100596,100,100281,100,100599,100,100277,100,100621,100,100258,100,100655,100,100206,100,100667,100,100166,100,100795,100,100125,100,100927,100,100109,111,100963,100,100018,100
2019-06-28 10:06:11.889222200,100503,322,100387,322,100551,322,100317,322,100596,100,100281,100,100599,100,100277,100,100621,100,100258,100,100655,100,100206,100,100667,100,100166,100,100795,100,100125,100,100927,100,100109,111,100963,100,100057,100
2019-06-28 10:06:19.548646804,100415,100,100387,322,100503,322,100317,322,100551,322,100281,100,100596,100,100277,100,100599,100,100258,100,100621,100,100206,100,100655,100,100166,100,100667,100,100125,100,100795,100,100109,111,100927,100,100057,100
2019-06-28 10:06:20.000000000,100415,251,100387,251,100503,247,100317,247,100551,247,100281,247,100596,100,100277,100,100599,100,100258,100,100621,100,100206,100,100655,100,100166,100,100667,100,100125,100,100795,100,100109,111,100927,100,100057,100
2019-06-28 10:06:30.000000000,100415,322,100387,322,100503,322,100317,322,100551,100,100281,100,100596,100,100277,100,100599,100,100258,100,100621,100,100206,100,100655,100,100166,100,100667,100,100125,100,100795,100,100109,111,100927,100,100057,100
2019-06-28 10:06:40.000000000,100415,211,100387,211,100503,211,100317,211,100551,211,100281,211,100596,211,100277,211,100599,100,100258,100,100621,100,100206,100,100655,100,100166,100,100667,100,100125,100,100795,100,100109,111,100927,100,100057,100
2019-06-28 10:06:50.000000000,100415,251,100387,251,100503,247,100317,247,100551,247,100281,247,100596,100,100277,100,100599,100,100258,100,100621,100,100206,100,100655,100,100166,100,100667,100,100125,100,100795,100,100109,111,100927,100,100057,100
2019-06-28 10:07:00.000000000,100415,251,100387,251,100503,247,100317,247,100551,247,100281,247,100596,100,100277,100,100599,100,100258,100,100621,100,100206,100,100655,100,100166,100,100667,100,100125,100,100795,100,100109,111,100927,100,100057,100
2019-06-28 10:07:10.000000000,100415,251,100387,251,100503,247,100317,247,100551,247,100281,247,100596,100,100277,100,100599,100,100258,100,100621,100,100206,100,100655,100,100166,100,100667,100,100125,100,100795,100,100109,111,100927,100,100057,100
2019-06-28 10:07:20.000000000,100415,544,100387,544,100503,100,100317,100,100551,100,100281,100,100596,100,100277,100,100599,100,100258,100,100621,100,100206,100,100655,100,100166,100,100667,100,100125,100,100795,100,100109,111,100927,100,100057,100
2019-06-28 10:07:27.129768725,100415,544,100387,544,100503,100,100317,100,100551,100,100281,100,100596,100,100277,100,100599,100,100258,100,100621,100,100206,100,100655,100,100166,100,100667,100,100125,100,100795,100,100109,111,100927,100,100057,100
2019-06-28 10:07:28.203695016,100415,544,100387,544,100503,100,100317,100,100551,100,100281,100,100596,100,100277,100,100599,100,100258,100,100621,100,100206,100,100655,100,100166,100,100667,100,100125,100,100795,100,100109,111,100927,100,100057,100
2019-06-28 10:07:30.000000000,100415,322,100387,322,100503,322,100317,322,100551,100,100281,100,100596,100,100277,100,100599,100,100258,100,100621,100,100206,100,100655,100,100166,100,100667,100,100125,100,100795,100,100109,111,100927,100,100057,100
2019-06-28 10:07:38.340713758,100415,422,100387,322,100503,322,100317,322,100551,100,100281,100,100596,100,100277,100,100599,100,100258,100,100621,100,100206,100,100655,100,100166,100,100667,100,100125,100,100795,100,100109,111,100927,100,100057,100
2019-06-28 10:07:38.796874305,100415,422,100387,222,100503,322,100317,322,100551,100,100281,100,100596,100,100277,100,100599,100,100258,100,100621,100,100206,100,100655,100,100166,100,100667,100,100125,100,100795,100,100109,111,100927,100,100057,100
2019-06-28 10:07:40.000000000,100415,289,100317,189,100503,189,100281,189,100551,189,100277,189,100596,189,100258,189,100599,189,100206,189,100621,100,100166,100,100655,100,100125,100,100667,100,100109,111,100795,100,100057,100,100927,100,100018,100
2019-06-28 10:07:50.000000000,100415,311,100317,211,100503,211,100281,211,100551,211,100277,211,100596,211,100258,211,100599,100,100206,100,100621,100,100166,100,100655,100,100125,100,100667,100,100109,111,100795,100,100057,100,100927,100,100018,100
2019-06-28 10:08:00.000000000,100415,289,100317,189,100503,189,100281,189,100551,189,100277,189,100596,189,100258,189,100599,189,100206,189,100621,100,100166,100,100655,100,100125,100,100667,100,100109,111,100795,100,100057,100,100927,100,100018,100
2019-06-28 10:08:10.000000000,100415,422,100317,322,100503,322,100281,322,100551,100,100277,100,100596,100,100258,100,100599,100,100206,100,100621,100,100166,100,100655,100,100125,100,100667,100,100109,111,100795,100,100057,100,100927,100,100018,100
2019-06-28 10:08:20.000000000,100415,311,100317,211,100503,211,100281,211,100551,211,100277,211,100596,211,100258,211,100599,100,100206,100,100621,100,100166,100,100655,100,100125,100,100667,100,100109,111,100795,100,100057,100,100927,100,100018,100
2019-06-28 10:08:21.122643856,100415,211,100317,211,100503,211,100281,211,100551,211,100277,211,100596,211,100258,211,100599,100,100206,100,100621,100,100166,100,100655,100,100125,100,100667,100,100109,111,100795,100,100057,100,100927,100,100018,100
2019-06-28 10:08:30.000000000,100415,211,100317,211,100503,211,100281,211,100551,211,100277,211,100596,211,100258,211,100599,100,100206,100,100621,100,100166,100,100655,100,100125,100,100667,100,100109,111,100795,100,100057,100,100927,100,100018,100
2019-06-28 10:08:39.283483941,100415,211,100317,211,100503,211,100281,211,100551,211,100277,211,100596,211,100258,211,100599,100,100206,100,100621,100,100166,100,100655,100,100125,100,100667,100,100109,111,100795,100,100057,100,100927,100,100018,100
2019-06-28 10:08:40.000000000,100415,189,100317,189,100503,189,100281,189,100551,189,100277,189,100596,189,100258,189,100599,189,100206,189,100621,100,100166,100,100655,100,100125,100,100667,100,100109,111,100795,100,100057,100,100927,100,100018,100
