,ask_price_1,ask_size_1,bid_price_1,bid_size_1,ask_price_2,ask_size_2,bid_price_2,bid_size_2,ask_price_3,ask_size_3,bid_price_3,bid_size_3,ask_price_4,ask_size_4,bid_price_4,bid_size_4,ask_price_5,ask_size_5,bid_price_5,bid_size_5,ask_price_6,ask_size_6,bid_price_6,bid_size_6,ask_price_7,ask_size_7,bid_price_7,bid_size_7,ask_price_8,ask_size_8,bid_price_8,bid_size_8,ask_price_9,ask_size_9,bid_price_9,bid_size_9,ask_price_10,ask_size_10,bid_price_10,bid_size_10
2019-06-28 09:30:00.000000000,,,100008,100,,,,,,,,,,,,,,,,,,,,,,,,,,,,,,,,,,,,
2019-06-28 09:30:00.000000001,100083,100,100067,100,,,100008,100,,,,,,,,,,,,,,,,,,,,,,,,,,,,,,,,
2019-06-28 09:30:00.000000002,100083,100,100008,100,,,99925,100,,,,,,,,,,,,,,,,,,,,,,,,,,,,,,,,
2019-06-28 09:30:00.000000004,100083,100,99925,100,,,,,,,,,,,,,,,,,,,,,,,,,,,,,,,,,,,,
2019-06-28 09:30:00.000000005,100067,100,99925,100,100083,100,,,,,,,,,,,,,,,,,,,,,,,,,,,,,,,,,,
2019-06-28 09:30:00.000000006,100067,100,99925,100,100083,100,99855,100,,,,,,,,,,,,,,,,,,,,,,,,,,,,,,,,
2019-06-28 09:30:00.000000007,100067,100,99855,100,100083,100,,,,,,,,,,,,,,,,,,,,,,,,,,,,,,,,,,
2019-06-28 09:30:00.000000013,100067,100,99883,100,100083,100,99855,100,,,,,,,,,,,,,,,,,,,,,,,,,,,,,,,,
2019-06-28 09:30:00.000000014,100043,100,99883,100,100067,100,99867,100,100083,100,99855,100,,,,,,,,,,,,,,,,,,,,,,,,,,,,
2019-06-28 09:30:00.000000016,100043,100,99883,100,100067,100,99867,100,100083,100,99855,100,100115,100,,,,,,,,,,,,,,,,,,,,,,,,,,
2019-06-28 09:30:00.000000020,100043,100,99968,100,100067,100,99883,100,100083,100,99867,100,100115,100,99855,100,,,,,,,,,,,,,,,,,,,,,,,,
2019-06-28 09:30:00.000000021,100043,100,99968,100,100060,100,99883,100,100067,100,99867,100,100083,100,99855,100,100115,100,,,,,,,,,,,,,,,,,,,,,,
2019-06-28 09:30:00.000000022,100043,100,99968,100,100060,100,99948,100,100067,100,99883,100,100083,100,99867,100,100115,100,99855,100,,,,,,,,,,,,,,,,,,,,
2019-06-28 09:30:00.000000023,100043,100,99968,100,100060,100,99948,100,100067,100,99883,100,100083,100,99867,100,100115,100,99856,100,,,99855,100,,,,,,,,,,,,,,,,
2019-06-28 09:30:00.000000026,100008,100,99968,100,100031,100,99948,100,100043,100,99883,100,100060,100,99867,100,100067,100,99856,100,100083,100,99855,100,100115,100,,,,,,,,,,,,,,
2019-06-28 09:30:00.000000027,100008,100,99968,100,100031,100,99948,100,100043,100,99883,100,100060,100,99867,100,100067,100,99856,100,100083,100,99855,100,100115,100,99747,100,,,,,,,,,,,,
2019-06-28 09:30:00.000000029,100008,100,99968,100,100031,100,99948,100,100043,100,99883,100,100060,100,99867,100,100067,100,99856,100,100083,100,99855,100,100092,100,99747,100,100115,100,,,,,,,,,,
2019-06-28 09:30:00.000000030,100008,100,99968,100,100031,100,99948,100,100043,100,99925,100,100060,100,99883,100,100067,100,99880,100,100083,100,99867,100,100092,100,99856,100,100115,100,99855,100,,,99747,100,,,,
2019-06-28 09:30:00.000000031,99997,100,99968,100,100008,100,99948,100,100031,100,99925,100,100043,100,99883,100,100060,100,99880,100,100067,100,99867,100,100083,100,99856,100,100092,100,99855,100,100115,100,99747,100,,,,
2019-06-28 09:30:00.000000032,99997,100,99968,100,100004,100,99948,100,100008,100,99925,100,100031,100,99901,100,100043,100,99883,100,100060,100,99880,100,100067,100,99867,100,100083,100,99856,100,100092,100,99855,100,100115,100,99747,100
2019-06-28 09:30:00.000000034,99997,100,99968,100,100004,100,99959,100,100008,100,99948,100,100012,100,99925,100,100031,100,99901,100,100043,100,99883,100,100060,100,99880,100,100067,100,99867,100,100083,100,99856,100,100092,100,99855,100
2019-06-28 09:30:00.000000037,99997,100,99959,100,100004,100,99948,100,100008,100,99925,100,100012,100,99901,100,100031,100,99883,100,100039,100,99880,100,100043,100,99867,100,100060,100,99856,100,100067,100,99855,100,100083,100,99747,100
2019-06-28 09:30:00.000000038,100004,100,99962,100,100008,100,99959,100,100012,100,99948,100,100031,100,99925,100,100039,100,99901,100,100043,100,99883,100,100060,100,99880,100,100067,100,99867,100,100083,100,99856,100,100092,100,99855,100
2019-06-28 09:30:00.000000039,100004,100,99968,100,100008,100,99962,100,100012,100,99959,100,100031,100,99948,100,100039,100,99925,100,100043,100,99901,100,100060,100,99883,100,100067,100,99880,100,100083,100,99867,100,100092,100,99856,100
2019-06-28 09:30:00.000000040,100004,100,99968,100,100008,100,99962,100,100012,100,99959,100,100031,100,99948,100,100039,100,99925,100,100043,100,99901,100,100054,100,99883,100,100060,100,99880,100,100067,100,99867,100,100083,100,99856,100
2019-06-28 09:30:00.000000042,100008,100,99968,100,100012,100,99962,100,100031,100,99961,100,100039,100,99959,100,100043,100,99948,100,100054,100,99925,100,100060,100,99901,100,100067,100,99883,100,100083,100,99880,100,100092,100,99867,100
2019-06-28 09:30:00.000000049,100012,100,99968,100,100031,100,99962,100,100039,100,99961,100,100043,100,99959,100,100054,100,99948,100,100060,100,99925,100,100067,100,99901,100,100083,100,99883,100,100092,100,99880,100,100115,100,99867,100
2019-06-28 09:30:00.000000054,100012,100,99968,100,100031,100,99962,100,100039,100,99961,100,100043,100,99959,100,100054,100,99948,100,100060,100,99925,100,100067,100,99901,100,100083,100,99883,100,100092,100,99880,100,100115,100,99867,100
2019-06-28 09:30:00.000000056,99990,100,99968,100,100012,100,99962,100,100031,100,99961,100,100039,100,99959,100,100043,100,99948,100,100054,100,99925,100,100060,100,99901,100,100067,100,99883,100,100083,100,99880,100,100092,100,99867,100
2019-06-28 09:30:00.000000057,99990,100,99962,100,100012,100,99961,100,100031,100,99959,100,100039,100,99954,100,100043,100,99948,100,100054,100,99925,100,100060,100,99901,100,100067,100,99883,100,100083,100,99880,100,100092,100,99867,100
2019-06-28 09:30:00.000000060,99990,100,99962,100,100012,100,99961,100,100031,100,99959,100,100039,100,99954,100,100043,100,99948,100,100054,100,99925,100,100060,100,99901,100,100067,100,99883,100,100083,100,99880,100,100092,100,99867,100
2019-06-28 09:30:00.000000061,100012,100,99962,100,100031,100,99961,100,100039,100,99959,100,100043,100,99954,100,100054,100,99948,100,100060,100,99925,100,100067,100,99901,100,100083,100,99883,100,100092,100,99880,100,100115,100,99867,100
2019-06-28 09:30:00.000000063,100012,100,99962,100,100031,100,99961,100,100039,100,99959,100,100043,100,99954,100,100054,100,99948,100,100060,100,99943,100,100067,100,99925,100,100083,100,99901,100,100092,100,99883,100,100115,100,99880,100
2019-06-28 09:30:00.000000064,100012,100,99968,100,100031,100,99962,100,100039,100,99961,100,100043,100,99959,100,100044,100,99954,100,100054,100,99948,100,100060,100,99943,100,100067,100,99925,100,100083,100,99901,100,100092,100,99883,100
2019-06-28 09:30:00.000000065,100012,100,99968,200,100031,100,99962,100,100039,100,99961,100,100043,100,99959,100,100044,200,99954,100,100054,100,99948,100,100060,100,99943,100,100067,100,99925,100,100083,100,99901,100,100092,100,99883,100
2019-06-28 09:30:00.000000069,99990,100,99968,200,100012,100,99962,100,100031,100,99961,100,100039,100,99959,100,100043,100,99954,100,100044,200,99948,100,100054,100,99943,100,100060,100,99925,100,100067,100,99901,100,100083,100,99883,100
2019-06-28 09:30:00.000000071,99990,100,99968,200,100012,100,99962,100,100031,100,99961,100,100039,100,99959,100,100043,100,99954,100,100044,200,99948,100,100054,100,99943,100,100060,100,99925,100,100067,100,99901,100,100083,100,99883,100
2019-06-28 09:30:00.000000072,99990,100,99968,200,100012,100,99962,100,100031,100,99961,100,100039,100,99959,100,100043,100,99954,100,100044,200,99948,100,100054,100,99943,100,100060,100,99925,100,100067,100,99901,100,100083,100,99899,100
2019-06-28 09:30:00.000000073,99990,100,99968,200,100012,100,99967,100,100031,100,99962,100,100039,100,99961,100,100043,100,99959,100,100044,200,99954,100,100054,100,99948,100,100060,100,99943,100,100067,100,99925,100,100083,100,99901,100
2019-06-28 09:30:00.000000074,99990,200,99968,200,100012,100,99967,100,100031,100,99962,100,100039,100,99961,100,100043,100,99959,100,100044,200,99954,100,100054,100,99948,100,100060,100,99943,100,100067,100,99942,100,100083,100,99925,100
2019-06-28 09:30:00.000000077,99990,200,99968,200,100012,100,99967,100,100031,100,99962,100,100039,100,99961,100,100043,100,99959,100,100044,200,99954,100,100054,100,99948,100,100060,100,99943,100,100067,100,99942,100,100083,100,99925,100
2019-06-28 09:30:00.000000079,100012,100,99968,200,100031,100,99967,100,100039,100,99962,100,100043,100,99961,100,100044,200,99959,100,100054,100,99954,100,100060,100,99948,100,100067,100,99943,100,100083,100,99942,100,100092,100,99925,100
2019-06-28 09:30:00.000000083,100012,100,99968,200,100031,100,99967,100,100039,100,99962,100,100042,100,99961,100,100043,100,99959,100,100044,200,99954,100,100054,100,99948,100,100060,100,99943,100,100067,100,99942,100,100083,100,99925,100
2019-06-28 09:30:00.000000084,100012,100,99968,100,100031,100,99967,100,100039,100,99962,100,100042,100,99961,100,100043,100,99959,100,100044,200,99954,100,100054,100,99948,100,100060,100,99943,100,100067,100,99942,100,100083,100,99925,100
2019-06-28 09:30:00.000000086,100012,100,99968,200,100031,100,99967,100,100039,100,99962,100,100042,100,99961,100,100043,100,99959,100,100044,200,99954,100,100054,100,99948,100,100060,100,99943,100,100067,100,99942,100,100083,100,99925,100
2019-06-28 09:30:00.000000090,100012,100,99968,300,100031,100,99967,100,100039,100,99962,100,100042,100,99961,100,100043,100,99959,100,100044,200,99954,100,100054,100,99948,100,100060,100,99943,100,100067,100,99942,100,100083,100,99925,100
2019-06-28 09:30:00.000000091,100012,100,99968,300,100031,100,99967,100,100039,100,99962,100,100042,100,99961,100,100043,100,99959,100,100044,200,99954,100,100054,100,99948,100,100060,100,99943,100,100067,100,99942,100,100083,100,99925,100
2019-06-28 09:30:00.000000092,100012,100,99968,300,100031,100,99967,100,100039,100,99962,100,100042,100,99961,100,100043,100,99959,100,100044,200,99954,100,100054,100,99948,100,100060,100,99943,100,100067,100,99942,100,100083,100,99925,100
2019-06-28 09:30:00.000000095,99990,100,99968,300,100012,100,99967,100,100031,100,99962,100,100039,100,99961,100,100042,100,99959,100,100043,100,99954,100,100044,200,99948,100,100054,100,99943,100,100060,100,99942,100,100067,100,99925,100
2019-06-28 09:30:00.000000097,99990,100,99968,400,100012,100,99967,100,100031,100,99962,100,100039,100,99961,100,100042,100,99959,100,100043,100,99954,100,100044,200,99948,100,100054,100,99943,100,100060,100,99942,100,100067,100,99925,100
2019-06-28 09:30:08.532863712,99990,100,99968,500,100012,100,99967,100,100031,100,99962,100,100039,100,99961,100,100042,100,99959,100,100043,100,99954,100,100044,200,99948,100,100054,100,99943,100,100060,100,99942,100,100067,100,99925,100
2019-06-28 09:30:10.000000000,99990,161,99968,561,100012,161,99967,161,100031,161,99962,161,100039,161,99961,161,100042,161,99959,161,100043,100,99954,100,100044,200,99948,100,100054,100,99943,100,100060,100,99942,100,100067,100,99925,100
2019-06-28 09:30:11.138179378,99990,161,99968,561,100012,161,99967,161,100031,161,99962,161,100039,161,99961,161,100042,161,99959,161,100043,100,99954,100,100044,200,99948,100,100054,100,99943,100,100060,100,99942,100,100067,100,99925,100
2019-06-28 09:30:20.000000000,99990,176,99968,576,100012,176,99967,176,100031,176,99962,176,100039,176,99961,176,100042,100,99959,100,100043,100,99954,100,100044,200,99948,100,100054,100,99943,100,100060,100,99942,100,100067,100,99925,100
2019-06-28 09:30:25.032468335,99990,176,99968,576,100012,176,99967,176,100031,176,99962,176,100039,176,99961,176,100042,100,99959,100,100043,100,99954,100,100044,200,99948,100,100054,100,99943,100,100060,100,99942,100,100067,100,99925,100
2019-06-28 09:30:30.000000000,99990,406,99968,806,100012,100,99967,100,100031,100,99962,100,100039,100,99961,100,100042,100,99959,100,100043,100,99954,100,100044,200,99948,100,100054,100,99943,100,100060,100,99942,100,100067,100,99925,100
2019-06-28 09:30:32.269470657,99990,406,99968,806,100012,100,99967,100,100031,100,99962,100,100039,100,99961,100,100042,100,99954,100,100043,100,99948,100,100044,200,99943,100,100054,100,99942,100,100060,100,99925,100,100067,100,99901,100
2019-06-28 09:30:40.000000000,99990,176,99968,576,100012,176,99967,176,100031,176,99962,176,100039,176,99961,176,100042,100,99954,100,100043,100,99948,100,100044,200,99943,100,100054,100,99942,100,100060,100,99925,100,100067,100,99901,100
2019-06-28 09:30:50.000000000,99990,406,99968,806,100012,100,99967,100,100031,100,99962,100,100039,100,99961,100,100042,100,99954,100,100043,100,99948,100,100044,200,99943,100,100054,100,99942,100,100060,100,99925,100,100067,100,99901,100
2019-06-28 09:30:58.671205250,99990,406,99968,806,100012,100,99967,100,100031,100,99962,100,100039,100,99961,100,100042,100,99954,100,100043,100,99948,100,100044,200,99943,100,100054,100,99942,100,100060,100,99925,100,100067,100,99901,100
2019-06-28 09:31:00.000000000,99990,161,99968,561,100012,161,99967,161,100031,161,99962,161,100039,161,99961,161,100042,161,99954,161,100043,100,99948,100,100044,200,99943,100,100054,100,99942,100,100060,100,99925,100,100067,100,99901,100
2019-06-28 09:31:07.944760053,99990,261,99968,561,100012,161,99967,161,100031,161,99962,161,100039,161,99961,161,100042,161,99954,161,100043,100,99948,100,100044,200,99943,100,100054,100,99942,100,100060,100,99925,100,100067,100,99901,100
2019-06-28 09:31:10.000000000,99990,353,99968,653,100012,253,99967,253,100031,100,99962,100,100039,100,99961,100,100042,100,99954,100,100043,100,99948,100,100044,200,99943,100,100054,100,99942,100,100060,100,99925,100,100067,100,99901,100
2019-06-28 09:31:20.000000000,99990,261,99968,561,100012,161,99967,161,100031,161,99962,161,100039,161,99961,161,100042,161,99954,161,100043,100,99948,100,100044,200,99943,100,100054,100,99942,100,100060,100,99925,100,100067,100,99901,100
2019-06-28 09:31:30.000000000,99990,261,99968,561,100012,161,99967,161,100031,161,99962,161,100039,161,99961,161,100042,161,99954,161,100043,100,99948,100,100044,200,99943,100,100054,100,99942,100,100060,100,99925,100,100067,100,99901,100
2019-06-28 09:31:38.001647057,99990,261,99968,561,100012,161,99967,161,100031,161,99962,161,100039,161,99961,61,100042,161,99954,161,100043,100,99948,100,100044,200,99943,100,100054,100,99942,100,100060,100,99925,100,100067,100,99901,100
2019-06-28 09:31:39.476049149,99990,261,99968,461,100012,161,99967,161,100031,161,99962,161,100039,161,99961,61,100042,161,99954,161,100043,100,99948,100,100044,200,99943,100,100054,100,99942,100,100060,100,99925,100,100067,100,99901,100
2019-06-28 09:31:40.000000000,99990,304,99968,504,100012,201,99967,201,100031,201,99962,201,100039,100,99954,100,100042,100,99948,100,100043,100,99943,100,100044,200,99942,100,100054,100,99925,100,100060,100,99901,100,100067,100,99899,100
2019-06-28 09:31:50.000000000,99990,276,99968,476,100012,176,99967,176,100031,176,99962,176,100039,176,99954,176,100042,100,99948,100,100043,100,99943,100,100044,200,99942,100,100054,100,99925,100,100060,100,99901,100,100067,100,99899,100
2019-06-28 09:32:00.000000000,99990,353,99968,553,100012,253,99967,253,100031,100,99962,100,100039,100,99954,100,100042,100,99948,100,100043,100,99943,100,100044,200,99942,100,100054,100,99925,100,100060,100,99901,100,100067,100,99899,100
2019-06-28 09:32:07.863791841,99990,253,99968,553,100012,253,99967,253,100031,100,99962,100,100039,100,99954,100,100042,100,99948,100,100043,100,99943,100,100044,200,99942,100,100054,100,99925,100,100060,100,99901,100,100067,100,99899,100
2019-06-28 09:32:10.000000000,99990,406,99968,706,100012,100,99967,100,100031,100,99962,100,100039,100,99954,100,100042,100,99948,100,100043,100,99943,100,100044,200,99942,100,100054,100,99925,100,100060,100,99901,100,100067,100,99899,100
2019-06-28 09:32:20.000000000,99990,161,99968,461,100012,161,99967,161,100031,161,99962,161,100039,161,99954,161,100042,161,99948,161,100043,100,99943,100,100044,200,99942,100,100054,100,99925,100,100060,100,99901,100,100067,100,99899,100
2019-06-28 09:32:30.000000000,99990,253,99968,553,100012,253,99967,253,100031,100,99962,100,100039,100,99954,100,100042,100,99948,100,100043,100,99943,100,100044,200,99942,100,100054,100,99925,100,100060,100,99901,100,100067,100,99899,100
2019-06-28 09:32:40.000000000,99990,176,99968,476,100012,176,99967,176,100031,176,99962,176,100039,176,99954,176,100042,100,99948,100,100043,100,99943,100,100044,200,99942,100,100054,100,99925,100,100060,100,99901,100,100067,100,99899,100
2019-06-28 09:32:50.000000000,99990,176,99968,476,100012,176,99967,176,100031,176,99962,176,100039,176,99954,176,100042,100,99948,100,100043,100,99943,100,100044,200,99942,100,100054,100,99925,100,100060,100,99901,100,100067,100,99899,100
2019-06-28 09:33:00.000000000,99990,161,99968,461,100012,161,99967,161,100031,161,99962,161,100039,161,99954,161,100042,161,99948,161,100043,100,99943,100,100044,200,99942,100,100054,100,99925,100,100060,100,99901,100,100067,100,99899,100
2019-06-28 09:33:07.653421555,99990,61,99968,461,100012,161,99967,161,100031,161,99962,161,100039,161,99954,161,100042,161,99948,161,100043,100,99942,100,100044,200,99925,100,100054,100,99901,100,100060,100,99899,100,100067,100,99867,100
2019-06-28 09:33:10.000000000,100012,176,99968,476,100031,176,99967,176,100039,176,99962,176,100042,176,99954,176,100043,100,99948,100,100044,200,99942,100,100054,100,99925,100,100060,100,99901,100,100067,100,99899,100,100083,100,99867,100
2019-06-28 09:33:20.000000000,100012,176,99968,476,100031,176,99967,176,100039,176,99962,176,100042,176,99954,176,100043,100,99948,100,100044,200,99942,100,100054,100,99925,100,100060,100,99901,100,100067,100,99899,100,100083,100,99867,100
2019-06-28 09:33:26.088076491,100012,176,99968,476,100031,176,99967,176,100039,176,99962,176,100042,176,99954,176,100043,100,99948,100,100044,200,99942,100,100054,100,99925,100,100060,100,99901,100,100067,100,99899,100,100083,100,99867,100
2019-06-28 09:33:30.000000000,100012,204,99968,504,100031,201,99967,201,100039,201,99962,201,100042,100,99954,100,100043,100,99948,100,100044,200,99942,100,100054,100,99925,100,100060,100,99901,100,100067,100,99899,100,100083,100,99867,100
2019-06-28 09:33:33.461709352,100012,204,99968,504,100031,201,99967,201,100039,201,99962,201,100042,100,99954,100,100043,100,99948,100,100044,200,99942,100,100054,100,99925,100,100060,100,99901,100,100067,100,99899,100,100083,100,99867,100
2019-06-28 09:33:40.000000000,100012,406,99968,706,100031,100,99967,100,100039,100,99962,100,100042,100,99954,100,100043,100,99948,100,100044,200,99942,100,100054,100,99925,100,100060,100,99901,100,100067,100,99899,100,100083,100,99867,100
2019-06-28 09:33:48.740286155,100012,306,99968,706,100031,100,99967,100,100039,100,99962,100,100042,100,99954,100,100043,100,99948,100,100044,200,99942,100,100054,100,99925,100,100060,100,99901,100,100067,100,99899,100,100083,100,99867,100
2019-06-28 09:33:50.000000000,100031,204,99968,504,100039,201,99967,201,100042,201,99962,201,100043,100,99954,100,100044,200,99948,100,100054,100,99942,100,100060,100,99925,100,100067,100,99901,100,100083,100,99899,100,100085,100,99867,100
2019-06-28 09:34:00.000000000,100031,204,99968,504,100039,201,99967,201,100042,201,99962,201,100043,100,99954,100,100044,200,99948,100,100054,100,99942,100,100060,100,99925,100,100067,100,99901,100,100083,100,99899,100,100085,100,99867,100
2019-06-28 09:34:10.000000000,100031,406,99968,706,100039,100,99967,100,100042,100,99962,100,100043,100,99954,100,100044,200,99948,100,100054,100,99942,100,100060,100,99925,100,100067,100,99901,100,100083,100,99899,100,100085,100,99867,100
2019-06-28 09:34:20.000000000,100031,161,99968,461,100039,161,99967,161,100042,161,99962,161,100043,161,99954,161,100044,261,99948,161,100054,100,99942,100,100060,100,99925,100,100067,100,99901,100,100083,100,99899,100,100085,100,99867,100
2019-06-28 09:34:30.000000000,100031,204,99968,504,100039,201,99967,201,100042,201,99962,201,100043,100,99954,100,100044,200,99948,100,100054,100,99942,100,100060,100,99925,100,100067,100,99901,100,100083,100,99899,100,100085,100,99867,100
2019-06-28 09:34:40.000000000,100031,161,99968,461,100039,161,99967,161,100042,161,99962,161,100043,161,99954,161,100044,261,99948,161,100054,100,99942,100,100060,100,99925,100,100067,100,99901,100,100083,100,99899,100,100085,100,99867,100
2019-06-28 09:34:43.073648521,100031,61,99968,461,100039,61,99967,161,100042,161,99962,161,100043,161,99954,161,100044,261,99948,161,100054,100,99942,100,100060,100,99925,100,100067,100,99901,100,100083,100,99899,100,100085,100,99867,100
2019-06-28 09:34:50.000000000,100042,253,99968,553,100043,253,99967,253,100044,200,99962,100,100054,100,99954,100,100060,100,99948,100,100067,100,99942,100,100083,100,99925,100,100085,100,99901,100,100092,100,99899,100,100115,100,99867,100
2019-06-28 09:35:00.000000000,100042,204,99968,504,100043,201,99967,201,100044,301,99962,201,100054,100,99954,100,100060,100,99948,100,100067,100,99942,100,100083,100,99925,100,100085,100,99901,100,100092,100,99899,100,100115,100,99867,100
2019-06-28 09:35:05.544411125,100042,204,99968,504,100043,201,99967,201,100044,301,99962,201,100054,100,99954,100,100060,100,99948,100,100067,100,99942,100,100083,100,99925,100,100085,100,99901,100,100092,100,99899,100,100115,100,99867,100
2019-06-28 09:35:10.000000000,100042,253,99968,553,100043,253,99967,253,100044,200,99962,100,100054,100,99954,100,100060,100,99948,100,100067,100,99942,100,100083,100,99925,100,100085,100,99901,100,100092,100,99899,100,100115,100,99867,100
2019-06-28 09:35:20.000000000,100042,204,99968,504,100043,201,99967,201,100044,301,99962,201,100054,100,99954,100,100060,100,99948,100,100067,100,99942,100,100083,100,99925,100,100085,100,99901,100,100092,100,99899,100,100115,100,99867,100
2019-06-28 09:35:20.634692948,100042,204,99968,504,100043,201,99967,201,100044,301,99962,201,100054,100,99954,100,100060,100,99948,100,100067,100,99942,100,100083,100,99925,100,100085,100,99901,100,100092,100,99899,100,100115,100,99867,100
2019-06-28 09:35:22.035742013,100042,204,99968,504,100043,201,99967,201,100044,301,99962,201,100054,100,99954,100,100060,100,99948,100,100067,100,99942,100,100083,100,99925,100,100085,100,99901,100,100092,100,99899,100,100115,100,99867,100
2019-06-28 09:35:30.000000000,100042,176,99968,476,100043,176,99967,176,100044,276,99962,176,100054,176,99954,176,100060,100,99948,100,100067,100,99942,100,100083,100,99925,100,100085,100,99901,100,100092,100,99899,100,100115,100,99867,100
2019-06-28 09:35:33.202051320,100042,176,100012,100,100043,176,99968,476,100044,276,99967,176,100054,176,99962,176,100060,100,99954,176,100067,100,99948,100,100083,100,99942,100,100085,100,99925,100,100092,100,99901,100,100115,100,99899,100
2019-06-28 09:35:40.000000000,100042,161,100012,161,100043,161,99968,461,100044,261,99967,161,100054,161,99962,161,100060,161,99954,161,100067,100,99948,100,100083,100,99942,100,100085,100,99925,100,100092,100,99901,100,100115,100,99899,100
2019-06-28 09:35:48.491774594,100042,161,100012,161,100043,161,100000,100,100044,261,99968,461,100054,161,99967,161,100060,161,99962,161,100067,100,99954,161,100083,100,99948,100,100085,100,99942,100,100092,100,99925,100,100115,100,99901,100
2019-06-28 09:35:50.000000000,100042,253,100012,253,100043,253,100000,253,100044,200,99968,400,100054,100,99967,100,100060,100,99962,100,100067,100,99954,100,100083,100,99948,100,100085,100,99942,100,100092,100,99925,100,100115,100,99901,100
2019-06-28 09:36:00.000000000,100042,204,100012,204,100043,201,100000,201,100044,301,99968,501,100054,100,99967,100,100060,100,99962,100,100067,100,99954,100,100083,100,99948,100,100085,100,99942,100,100092,100,99925,100,100115,100,99901,100
2019-06-28 09:36:10.000000000,100042,176,100012,176,100043,176,100000,176,100044,276,99968,476,100054,176,99967,176,100060,100,99962,100,100067,100,99954,100,100083,100,99948,100,100085,100,99942,100,100092,100,99925,100,100115,100,99901,100
2019-06-28 09:36:20.000000000,100042,161,100012,161,100043,161,100000,161,100044,261,99968,461,100054,161,99967,161,100060,161,99962,161,100067,100,99954,100,100083,100,99948,100,100085,100,99942,100,100092,100,99925,100,100115,100,99901,100
2019-06-28 09:36:30.000000000,100042,406,100012,406,100043,100,100000,100,100044,200,99968,400,100054,100,99967,100,100060,100,99962,100,100067,100,99954,100,100083,100,99948,100,100085,100,99942,100,100092,100,99925,100,100115,100,99901,100
2019-06-28 09:36:40.000000000,100042,253,100012,253,100043,253,100000,253,100044,200,99968,400,100054,100,99967,100,100060,100,99962,100,100067,100,99954,100,100083,100,99948,100,100085,100,99942,100,100092,100,99925,100,100115,100,99901,100
2019-06-28 09:36:50.000000000,100042,176,100012,176,100043,176,100000,176,100044,276,99968,476,100054,176,99967,176,100060,100,99962,100,100067,100,99954,100,100083,100,99948,100,100085,100,99942,100,100092,100,99925,100,100115,100,99901,100
2019-06-28 09:37:00.000000000,100042,406,100012,406,100043,100,100000,100,100044,200,99968,400,100054,100,99967,100,100060,100,99962,100,100067,100,99954,100,100083,100,99948,100,100085,100,99942,100,100092,100,99925,100,100115,100,99901,100
2019-06-28 09:37:10.000000000,100042,406,100012,406,100043,100,100000,100,100044,200,99968,400,100054,100,99967,100,100060,100,99962,100,100067,100,99954,100,100083,100,99948,100,100085,100,99942,100,100092,100,99925,100,100115,100,99901,100
2019-06-28 09:37:20.000000000,100042,204,100012,204,100043,201,100000,201,100044,301,99968,501,100054,100,99967,100,100060,100,99962,100,100067,100,99954,100,100083,100,99948,100,100085,100,99942,100,100092,100,99925,100,100115,100,99901,100
2019-06-28 09:37:29.988237600,100030,100,100012,204,100042,204,100000,201,100043,201,99968,501,100044,301,99967,100,100054,100,99962,100,100060,100,99954,100,100067,100,99948,100,100083,100,99942,100,100085,100,99925,100,100092,100,99901,100
2019-06-28 09:37:30.000000000,100030,204,100012,204,100042,201,100000,201,100043,201,99968,501,100044,200,99967,100,100054,100,99962,100,100060,100,99954,100,100067,100,99948,100,100083,100,99942,100,100085,100,99925,100,100092,100,99901,100
2019-06-28 09:37:37.881561610,100030,204,100012,204,100042,201,100000,201,100043,201,99968,501,100044,200,99967,100,100054,100,99954,100,100060,100,99948,100,100067,100,99942,100,100083,100,99925,100,100085,100,99901,100,100092,100,99899,100
2019-06-28 09:37:40.000000000,100030,204,100012,204,100042,201,100000,201,100043,201,99968,501,100044,200,99967,100,100054,100,99954,100,100060,100,99948,100,100067,100,99942,100,100083,100,99925,100,100085,100,99901,100,100092,100,99899,100
2019-06-28 09:37:46.535404002,100030,104,100012,104,100042,201,100000,201,100043,201,99968,501,100044,200,99967,100,100054,100,99954,100,100060,100,99948,100,100067,100,99942,100,100083,100,99925,100,100085,100,99901,100,100092,100,99899,100
2019-06-28 09:37:50.000000000,100042,204,100000,204,100043,201,99968,501,100044,301,99967,201,100054,100,99954,100,100060,100,99948,100,100067,100,99942,100,100083,100,99925,100,100085,100,99901,100,100092,100,99899,100,100115,100,99867,100
2019-06-28 09:37:55.556801429,100042,204,100000,204,100043,201,99968,501,100044,301,99967,201,100054,100,99954,100,100060,100,99948,100,100067,100,99942,100,100083,100,99925,100,100085,100,99901,100,100115,100,99899,100,100169,100,99867,100
2019-06-28 09:38:00.000000000,100042,406,100000,406,100043,100,99968,400,100044,200,99967,100,100054,100,99954,100,100060,100,99948,100,100067,100,99942,100,100083,100,99925,100,100085,100,99901,100,100115,100,99899,100,100169,100,99867,100
2019-06-28 09:38:00.555403343,100042,406,100000,406,100043,100,99968,400,100044,200,99967,100,100054,100,99954,100,100060,100,99948,100,100067,100,99942,100,100083,100,99901,100,100085,100,99899,100,100115,100,99867,100,100169,100,99856,100
2019-06-28 09:38:10.000000000,100042,204,100000,204,100043,201,99968,501,100044,301,99967,201,100054,100,99954,100,100060,100,99948,100,100067,100,99942,100,100083,100,99901,100,100085,100,99899,100,100115,100,99867,100,100169,100,99856,100
2019-06-28 09:38:20.000000000,100042,161,100000,161,100043,161,99968,461,100044,261,99967,161,100054,161,99954,161,100060,161,99948,161,100067,100,99942,100,100083,100,99901,100,100085,100,99899,100,100115,100,99867,100,100169,100,99856,100
2019-06-28 09:38:23.714116959,100029,100,100000,161,100042,161,99968,461,100043,161,99967,161,100044,261,99954,161,100054,161,99948,161,100060,161,99942,100,100067,100,99901,100,100083,100,99899,100,100085,100,99867,100,100115,100,99856,100
2019-06-28 09:38:28.803006427,100029,200,100000,161,100042,161,99968,461,100043,161,99967,161,100044,261,99954,161,100054,161,99948,161,100060,161,99942,100,100067,100,99901,100,100083,100,99899,100,100085,100,99867,100,100115,100,99856,100
2019-06-28 09:38:30.000000000,100029,276,100000,176,100042,176,99968,476,100043,176,99967,176,100044,276,99954,176,100054,100,99948,100,100060,100,99942,100,100067,100,99901,100,100083,100,99899,100,100085,100,99867,100,100115,100,99856,100
2019-06-28 09:38:40.000000000,100029,353,100000,253,100042,253,99968,553,100043,100,99967,100,100044,200,99954,100,100054,100,99948,100,100060,100,99942,100,100067,100,99901,100,100083,100,99899,100,100085,100,99867,100,100115,100,99856,100
2019-06-28 09:38:50.000000000,100029,304,100000,204,100042,201,99968,501,100043,201,99967,201,100044,200,99954,100,100054,100,99948,100,100060,100,99942,100,100067,100,99901,100,100083,100,99899,100,100085,100,99867,100,100115,100,99856,100
2019-06-28 09:39:00.000000000,100029,506,100000,406,100042,100,99968,400,100043,100,99967,100,100044,200,99954,100,100054,100,99948,100,100060,100,99942,100,100067,100,99901,100,100083,100,99899,100,100085,100,99867,100,100115,100,99856,100
2019-06-28 09:39:10.000000000,100029,506,100000,406,100042,100,99968,400,100043,100,99967,100,100044,200,99954,100,100054,100,99948,100,100060,100,99942,100,100067,100,99901,100,100083,100,99899,100,100085,100,99867,100,100115,100,99856,100
2019-06-28 09:39:20.000000000,100029,506,100000,406,100042,100,99968,400,100043,100,99967,100,100044,200,99954,100,100054,100,99948,100,100060,100,99942,100,100067,100,99901,100,100083,100,99899,100,100085,100,99867,100,100115,100,99856,100
2019-06-28 09:39:30.000000000,100029,506,100000,406,100042,100,99968,400,100043,100,99967,100,100044,200,99954,100,100054,100,99948,100,100060,100,99942,100,100067,100,99901,100,100083,100,99899,100,100085,100,99867,100,100115,100,99856,100
2019-06-28 09:39:40.000000000,100029,276,100000,176,100042,176,99968,476,100043,176,99967,176,100044,276,99954,176,100054,100,99948,100,100060,100,99942,100,100067,100,99901,100,100083,100,99899,100,100085,100,99867,100,100115,100,99856,100
2019-06-28 09:39:41.480951165,100029,276,100000,176,100042,176,99968,476,100043,176,99967,176,100044,276,99954,176,100054,100,99948,100,100060,100,99942,100,100067,100,99901,100,100083,100,99899,100,100085,100,99867,100,100115,100,99831,100
2019-06-28 09:39:43.212359542,100029,276,100000,76,100042,176,99968,476,100043,176,99967,176,100044,276,99954,176,100054,100,99948,100,100060,100,99942,100,100067,100,99901,100,100083,100,99899,100,100085,100,99867,100,100115,100,99831,100
2019-06-28 09:39:50.000000000,100029,304,99968,504,100042,201,99967,201,100043,201,99954,201,100044,200,99948,100,100054,100,99942,100,100060,100,99901,100,100067,100,99899,100,100083,100,99867,100,100085,100,99831,100,100115,100,99806,100
2019-06-28 09:39:51.754554934,100012,100,99968,504,100029,304,99967,201,100042,201,99954,201,100043,201,99948,100,100044,200,99942,100,100054,100,99901,100,100060,100,99899,100,100067,100,99867,100,100083,100,99831,100,100085,100,99806,100
2019-06-28 09:40:00.000000000,100012,253,99968,553,100029,353,99967,253,100042,100,99954,100,100043,100,99948,100,100044,200,99942,100,100054,100,99901,100,100060,100,99899,100,100067,100,99867,100,100083,100,99831,100,100085,100,99806,100
2019-06-28 09:40:10.000000000,100012,176,99968,476,100029,276,99967,176,100042,176,99954,176,100043,176,99948,176,100044,200,99942,100,100054,100,99901,100,100060,100,99899,100,100067,100,99867,100,100083,100,99831,100,100085,100,99806,100
2019-06-28 09:40:20.000000000,100012,161,99968,461,100029,261,99967,161,100042,161,99954,161,100043,161,99948,161,100044,261,99942,161,100054,100,99901,100,100060,100,99899,100,100067,100,99867,100,100083,100,99831,100,100085,100,99806,100
2019-06-28 09:40:30.000000000,100012,161,99968,461,100029,261,99967,161,100042,161,99954,161,100043,161,99948,161,100044,261,99942,161,100054,100,99901,100,100060,100,99899,100,100067,100,99867,100,100083,100,99831,100,100085,100,99806,100
2019-06-28 09:40:32.882271949,100012,161,99968,461,100029,261,99967,161,100041,100,99954,161,100042,161,99948,161,100043,161,99942,161,100044,261,99901,100,100054,100,99899,100,100060,100,99867,100,100067,100,99831,100,100083,100,99806,100
2019-06-28 09:40:40.000000000,100012,406,99968,706,100029,200,99967,100,100041,100,99954,100,100042,100,99948,100,100043,100,99942,100,100044,200,99901,100,100054,100,99899,100,100060,100,99867,100,100067,100,99831,100,100083,100,99806,100
2019-06-28 09:40:50.000000000,100012,253,99968,553,100029,353,99967,253,100041,100,99954,100,100042,100,99948,100,100043,100,99942,100,100044,200,99901,100,100054,100,99899,100,100060,100,99867,100,100067,100,99831,100,100083,100,99806,100
2019-06-28 09:40:52.929281702,100012,153,99968,553,100029,353,99967,253,100041,100,99954,100,100042,100,99948,100,100043,100,99942,100,100044,200,99901,100,100054,100,99899,100,100060,100,99867,100,100067,100,99831,100,100083,100,99806,100
2019-06-28 09:40:53.850579275,100012,153,99968,553,100029,353,99967,253,100041,100,99954,100,100042,100,99948,100,100043,100,99942,100,100044,200,99901,100,100054,100,99899,100,100060,100,99867,100,100067,100,99831,100,100083,100,99806,100
2019-06-28 09:41:00.000000000,100029,304,99968,504,100041,201,99967,201,100042,201,99954,201,100043,100,99948,100,100044,200,99942,100,100054,100,99901,100,100060,100,99899,100,100067,100,99867,100,100083,100,99831,100,100085,100,99806,100
2019-06-28 09:41:10.000000000,100029,506,99968,706,100041,100,99967,100,100042,100,99954,100,100043,100,99948,100,100044,200,99942,100,100054,100,99901,100,100060,100,99899,100,100067,100,99867,100,100083,100,99831,100,100085,100,99806,100
2019-06-28 09:41:20.000000000,100029,506,99968,706,100041,100,99967,100,100042,100,99954,100,100043,100,99948,100,100044,200,99942,100,100054,100,99901,100,100060,100,99899,100,100067,100,99867,100,100083,100,99831,100,100085,100,99806,100
2019-06-28 09:41:25.418828192,100029,506,99968,706,100041,100,99967,100,100042,100,99954,100,100043,100,99948,100,100044,200,99942,100,100054,100,99901,100,100060,100,99899,100,100083,100,99867,100,100085,100,99831,100,100115,100,99806,100
2019-06-28 09:41:30.000000000,100029,261,99968,461,100041,161,99967,161,100042,161,99954,161,100043,161,99948,161,100044,261,99942,161,100054,100,99901,100,100060,100,99899,100,100083,100,99867,100,100085,100,99831,100,100115,100,99806,100
2019-06-28 09:41:30.898216957,100029,261,99968,361,100041,161,99967,161,100042,161,99954,161,100043,161,99948,161,100044,261,99942,161,100054,100,99901,100,100060,100,99899,100,100083,100,99867,100,100085,100,99831,100,100115,100,99806,100
2019-06-28 09:41:40.000000000,100029,261,99968,361,100041,161,99967,161,100042,161,99954,161,100043,161,99948,161,100044,261,99942,161,100054,100,99901,100,100060,100,99899,100,100083,100,99867,100,100085,100,99831,100,100115,100,99806,100
2019-06-28 09:41:50.000000000,100029,506,99968,606,100041,100,99967,100,100042,100,99954,100,100043,100,99948,100,100044,200,99942,100,100054,100,99901,100,100060,100,99899,100,100083,100,99867,100,100085,100,99831,100,100115,100,99806,100
2019-06-28 09:42:00.000000000,100029,506,99968,606,100041,100,99967,100,100042,100,99954,100,100043,100,99948,100,100044,200,99942,100,100054,100,99901,100,100060,100,99899,100,100083,100,99867,100,100085,100,99831,100,100115,100,99806,100
2019-06-28 09:42:03.551623301,100029,506,99968,506,100041,100,99967,100,100042,100,99954,100,100043,100,99948,100,100044,200,99942,100,100054,100,99901,100,100060,100,99899,100,100083,100,99867,100,100085,100,99831,100,100115,100,99806,100
2019-06-28 09:42:03.558054031,100029,506,99968,406,100041,100,99967,100,100042,100,99954,100,100043,100,99948,100,100044,200,99942,100,100054,100,99901,100,100060,100,99899,100,100083,100,99867,100,100085,100,99831,100,100115,100,99806,100
2019-06-28 09:42:10.000000000,100029,353,99968,253,100041,253,99967,253,100042,100,99954,100,100043,100,99948,100,100044,200,99942,100,100054,100,99901,100,100060,100,99899,100,100083,100,99867,100,100085,100,99831,100,100115,100,99806,100
2019-06-28 09:42:14.397057158,100029,353,99968,153,100041,253,99967,253,100042,100,99954,100,100043,100,99948,100,100044,200,99942,100,100054,100,99901,100,100060,100,99899,100,100083,100,99867,100,100085,100,99831,100,100115,100,99806,100
2019-06-28 09:42:17.797067061,100029,353,99968,53,100041,253,99967,253,100042,100,99954,100,100043,100,99948,100,100044,100,99942,100,100054,100,99901,100,100060,100,99899,100,100083,100,99867,100,100085,100,99831,100,100115,100,99806,100
2019-06-28 09:42:20.000000000,100029,304,99967,204,100041,201,99954,201,100042,201,99948,201,100043,100,99942,100,100044,100,99901,100,100054,100,99899,100,100060,100,99867,100,100083,100,99831,100,100085,100,99806,100,100115,100,99798,100
2019-06-28 09:42:30.000000000,100029,276,99967,176,100041,176,99954,176,100042,176,99948,176,100043,176,99942,176,100044,100,99901,100,100054,100,99899,100,100060,100,99867,100,100083,100,99831,100,100085,100,99806,100,100115,100,99798,100
2019-06-28 09:42:38.247644261,100029,276,99967,176,100041,176,99954,176,100042,176,99948,176,100043,176,99942,176,100044,100,99901,100,100054,100,99899,100,100060,100,99867,100,100083,100,99831,100,100085,100,99806,100,100115,100,99771,100
2019-06-28 09:42:39.700178619,100029,276,99967,76,100041,176,99954,176,100042,176,99948,176,100043,176,99942,176,100044,100,99901,100,100054,100,99899,100,100060,100,99867,100,100083,100,99831,100,100085,100,99806,100,100115,100,99771,100
2019-06-28 09:42:40.000000000,100029,304,99954,204,100041,201,99948,201,100042,201,99942,201,100043,100,99901,100,100044,100,99899,100,100054,100,99867,100,100060,100,99831,100,100083,100,99806,100,100085,100,99771,100,100115,100,99762,100
2019-06-28 09:42:45.457852065,100029,304,99954,104,100041,201,99948,201,100042,201,99942,201,100043,100,99901,100,100044,100,99899,100,100054,100,99867,100,100060,100,99831,100,100083,100,99806,100,100085,100,99771,100,100115,100,99762,100
2019-06-28 09:42:50.000000000,100029,304,99948,204,100041,201,99942,201,100042,201,99901,201,100043,100,99899,100,100044,100,99867,100,100054,100,99831,100,100060,100,99806,100,100083,100,99771,100,100085,100,99762,100,100115,100,99569,100
2019-06-28 09:42:55.863032349,100029,304,99948,104,100041,201,99942,201,100042,201,99901,201,100044,100,99899,100,100054,100,99867,100,100060,100,99831,100,100083,100,99806,100,100085,100,99771,100,100115,100,99762,100,100169,100,99569,100
2019-06-28 09:43:00.000000000,100029,353,99942,253,100041,253,99901,253,100042,100,99899,100,100044,100,99867,100,100054,100,99831,100,100060,100,99806,100,100083,100,99771,100,100085,100,99762,100,100115,100,99569,100,100169,100,98721,100
2019-06-28 09:43:10.000000000,100029,506,99942,406,100041,100,99901,100,100042,100,99899,100,100044,100,99867,100,100054,100,99831,100,100060,100,99806,100,100083,100,99771,100,100085,100,99762,100,100115,100,99569,100,100169,100,98721,100
2019-06-28 09:43:16.444769123,99954,100,99942,406,100029,506,99901,100,100041,100,99899,100,100042,100,99867,100,100044,100,99831,100,100054,100,99806,100,100060,100,99771,100,100083,100,99762,100,100085,100,99569,100,100115,100,98721,100
2019-06-28 09:43:20.000000000,99954,161,99942,161,100029,261,99901,161,100041,161,99899,161,100042,161,99867,161,100044,161,99831,161,100054,100,99806,100,100060,100,99771,100,100083,100,99762,100,100085,100,99569,100,100115,100,98721,100
2019-06-28 09:43:30.000000000,99954,406,99942,406,100029,200,99901,100,100041,100,99899,100,100042,100,99867,100,100044,100,99831,100,100054,100,99806,100,100060,100,99771,100,100083,100,99762,100,100085,100,99569,100,100115,100,98721,100
2019-06-28 09:43:40.000000000,99954,253,99942,253,100029,353,99901,253,100041,100,99899,100,100042,100,99867,100,100044,100,99831,100,100054,100,99806,100,100060,100,99771,100,100083,100,99762,100,100085,100,99569,100,100115,100,98721,100
2019-06-28 09:43:50.000000000,99954,204,99942,204,100029,301,99901,201,100041,201,99899,201,100042,100,99867,100,100044,100,99831,100,100054,100,99806,100,100060,100,99771,100,100083,100,99762,100,100085,100,99569,100,100115,100,98721,100
2019-06-28 09:43:56.732432681,99954,204,99942,204,100029,301,99901,201,100041,201,99899,201,100042,100,99867,100,100044,100,99831,100,100054,100,99806,100,100060,100,99771,100,100083,100,99762,100,100085,100,99569,100,100115,100,99122,100
2019-06-28 09:44:00.000000000,99954,253,99942,253,100029,353,99901,253,100041,100,99899,100,100042,100,99867,100,100044,100,99831,100,100054,100,99806,100,100060,100,99771,100,100083,100,99762,100,100085,100,99569,100,100115,100,99122,100
2019-06-28 09:44:09.537607405,99954,253,99942,53,100029,353,99901,253,100041,100,99899,100,100042,100,99867,100,100044,100,99831,100,100054,100,99806,100,100060,100,99771,100,100083,100,99762,100,100085,100,99569,100,100115,100,99122,100
2019-06-28 09:44:10.000000000,99954,204,99901,204,100029,301,99899,201,100041,201,99867,201,100042,100,99831,100,100044,100,99806,100,100054,100,99771,100,100060,100,99762,100,100083,100,99569,100,100085,100,99122,100,100115,100,98721,100
2019-06-28 09:44:20.000000000,99954,253,99901,253,100029,353,99899,253,100041,100,99867,100,100042,100,99831,100,100044,100,99806,100,100054,100,99771,100,100060,100,99762,100,100083,100,99569,100,100085,100,99122,100,100115,100,98721,100
2019-06-28 09:44:27.021404028,99954,253,99901,153,100029,353,99899,253,100041,100,99867,100,100042,100,99831,100,100044,100,99806,100,100054,100,99771,100,100060,100,99762,100,100083,100,99569,100,100085,100,99122,100,100115,100,98721,100
2019-06-28 09:44:30.000000000,99954,161,99899,161,100029,261,99867,161,100041,161,99831,161,100042,161,99806,161,100044,161,99771,161,100054,100,99762,100,100060,100,99569,100,100083,100,99122,100,100085,100,98721,100,100115,100,,
2019-06-28 09:44:40.000000000,99954,161,99899,161,100029,261,99867,161,100041,161,99831,161,100042,161,99806,161,100044,161,99771,161,100054,100,99762,100,100060,100,99569,100,100083,100,99122,100,100085,100,98721,100,100115,100,,
2019-06-28 09:44:42.598969803,99942,100,99899,161,99954,161,99867,161,100029,261,99831,161,100041,161,99806,161,100042,161,99771,161,100044,161,99762,100,100054,100,99569,100,100060,100,99122,100,100083,100,98721,100,100085,100,,
2019-06-28 09:44:50.000000000,99942,253,99899,253,99954,253,99867,253,100029,200,99831,100,100041,100,99806,100,100042,100,99771,100,100044,100,99762,100,100054,100,99569,100,100060,100,99122,100,100083,100,98721,100,100085,100,,
2019-06-28 09:45:00.000000000,99942,161,99899,161,99954,161,99867,161,100029,261,99831,161,100041,161,99806,161,100042,161,99771,161,100044,100,99762,100,100054,100,99569,100,100060,100,99122,100,100083,100,98721,100,100085,100,,
2019-06-28 09:45:10.000000000,99942,406,99899,406,99954,100,99867,100,100029,200,99831,100,100041,100,99806,100,100042,100,99771,100,100044,100,99762,100,100054,100,99569,100,100060,100,99122,100,100083,100,98721,100,100085,100,,
2019-06-28 09:45:10.149933008,99942,406,99899,306,99954,100,99831,100,100029,200,99806,100,100041,100,99771,100,100042,100,99762,100,100044,100,99569,100,100054,100,99122,100,100060,100,98721,100,100083,100,,,100085,100,,
2019-06-28 09:45:10.821026960,99942,406,99899,206,99954,100,99831,100,100029,200,99806,100,100041,100,99771,100,100042,100,99762,100,100044,100,99569,100,100054,100,99122,100,100060,100,98721,100,100083,100,,,100085,100,,
2019-06-28 09:45:20.000000000,99942,406,99831,406,99954,100,99806,100,100029,200,99771,100,100041,100,99762,100,100042,100,99569,100,100044,100,99122,100,100054,100,98721,100,100060,100,,,100083,100,,,100085,100,,
2019-06-28 09:45:30.000000000,99942,161,99831,161,99954,161,99806,161,100029,261,99771,161,100041,161,99762,161,100042,161,99569,161,100044,100,99122,100,100054,100,98721,100,100060,100,,,100083,100,,,100085,100,,
2019-06-28 09:45:40.000000000,99942,204,99831,204,99954,201,99806,201,100029,301,99771,201,100041,100,99762,100,100042,100,99569,100,100044,100,99122,100,100054,100,98721,100,100060,100,,,100083,100,,,100085,100,,
2019-06-28 09:45:43.192293573,99942,204,99831,204,99954,201,99806,101,100029,301,99771,201,100041,100,99762,100,100042,100,99569,100,100044,100,99524,100,100054,100,99122,100,100060,100,98721,100,100083,100,,,100085,100,,
2019-06-28 09:45:45.199098494,99942,204,99831,204,99954,201,99806,101,100029,301,99771,201,100041,100,99762,100,100042,100,99569,100,100044,100,99524,100,100054,100,99375,100,100060,100,99122,100,100083,100,98721,100,100085,100,,
2019-06-28 09:45:46.104874345,99942,204,99831,204,99954,201,99806,101,100029,301,99771,201,100041,100,99762,100,100042,100,99585,100,100044,100,99569,100,100054,100,99524,100,100060,100,99375,100,100083,100,99122,100,100085,100,98721,100
2019-06-28 09:45:50.000000000,99942,161,99831,161,99954,161,99771,161,100029,261,99762,161,100041,161,99585,161,100042,161,99569,161,100044,100,99524,100,100054,100,99375,100,100060,100,99122,100,100083,100,98721,100,100085,100,,
2019-06-28 09:46:00.000000000,99942,204,99831,204,99954,201,99771,201,100029,301,99762,201,100041,100,99585,100,100042,100,99569,100,100044,100,99524,100,100054,100,99375,100,100060,100,99122,100,100083,100,98721,100,100085,100,,
2019-06-28 09:46:10.000000000,99942,253,99831,253,99954,253,99771,253,100029,200,99762,100,100041,100,99585,100,100042,100,99569,100,100044,100,99524,100,100054,100,99375,100,100060,100,99122,100,100083,100,98721,100,100085,100,,
2019-06-28 09:46:20.000000000,99942,176,99831,176,99954,176,99771,176,100029,276,99762,176,100041,176,99585,176,100042,100,99569,100,100044,100,99524,100,100054,100,99375,100,100060,100,99122,100,100083,100,98721,100,100085,100,,
2019-06-28 09:46:30.000000000,99942,161,99831,161,99954,161,99771,161,100029,261,99762,161,100041,161,99585,161,100042,161,99569,161,100044,100,99524,100,100054,100,99375,100,100060,100,99122,100,100083,100,98721,100,100085,100,,
2019-06-28 09:46:39.799023587,99942,161,99831,61,99954,161,99771,161,100029,261,99762,161,100041,161,99585,161,100042,161,99569,161,100044,100,99524,100,100054,100,99375,100,100060,100,99122,100,100083,100,98721,100,100085,100,,
2019-06-28 09:46:40.000000000,99942,406,99771,406,99954,100,99762,100,100029,200,99585,100,100041,100,99569,100,100042,100,99524,100,100044,100,99375,100,100054,100,99122,100,100060,100,98721,100,100083,100,,,100085,100,,
2019-06-28 09:46:43.006423905,99942,406,99771,406,99954,100,99762,100,100029,200,99585,100,100041,100,99569,100,100042,100,99524,100,100044,100,99375,100,100060,100,99122,100,100083,100,98747,100,100085,100,98721,100,100115,100,,
2019-06-28 09:46:45.770567283,99899,100,99771,406,99942,406,99762,100,99954,100,99585,100,100029,200,99569,100,100041,100,99524,100,100042,100,99375,100,100044,100,99122,100,100060,100,98747,100,100083,100,98721,100,100085,100,,
2019-06-28 09:46:50.000000000,99899,204,99771,204,99942,201,99762,201,99954,201,99585,201,100029,200,99569,100,100041,100,99524,100,100042,100,99375,100,100044,100,99122,100,100060,100,98747,100,100083,100,98721,100,100085,100,,
2019-06-28 09:47:00.000000000,99899,161,99771,161,99942,161,99762,161,99954,161,99585,161,100029,261,99569,161,100041,161,99524,161,100042,100,99375,100,100044,100,99122,100,100060,100,98747,100,100083,100,98721,100,100085,100,,
2019-06-28 09:47:10.000000000,99899,253,99771,253,99942,253,99762,253,99954,100,99585,100,100029,200,99569,100,100041,100,99524,100,100042,100,99375,100,100044,100,99122,100,100060,100,98747,100,100083,100,98721,100,100085,100,,
2019-06-28 09:47:20.000000000,99899,406,99771,406,99942,100,99762,100,99954,100,99585,100,100029,200,99569,100,100041,100,99524,100,100042,100,99375,100,100044,100,99122,100,100060,100,98747,100,100083,100,98721,100,100085,100,,
2019-06-28 09:47:22.364514329,99899,406,99771,306,99942,100,99762,100,99954,100,99585,100,100029,200,99569,100,100041,100,99524,100,100042,100,99375,100,100044,100,99122,100,100060,100,98747,100,100083,100,98721,100,100085,100,,
2019-06-28 09:47:25.676489872,99899,306,99771,306,99942,100,99762,100,99954,100,99585,100,100029,200,99569,100,100041,100,99524,100,100042,100,99375,100,100044,100,99122,100,100060,100,98747,100,100083,100,98721,100,100085,100,,
2019-06-28 09:47:30.000000000,99942,204,99762,204,99954,201,99585,201,100029,301,99569,201,100041,100,99524,100,100042,100,99375,100,100044,100,99122,100,100060,100,98747,100,100083,100,98721,100,100085,100,,,100115,100,,
2019-06-28 09:47:33.381164629,99942,204,99762,204,99954,201,99585,201,100029,301,99569,201,100041,100,99524,100,100042,100,99375,100,100044,100,99227,100,100060,100,99122,100,100083,100,98747,100,100085,100,98721,100,100115,100,,
2019-06-28 09:47:40.000000000,99942,406,99762,406,99954,100,99585,100,100029,200,99569,100,100041,100,99524,100,100042,100,99375,100,100044,100,99227,100,100060,100,99122,100,100083,100,98747,100,100085,100,98721,100,100115,100,,
2019-06-28 09:47:50.000000000,99942,204,99762,204,99954,201,99585,201,100029,301,99569,201,100041,100,99524,100,100042,100,99375,100,100044,100,99227,100,100060,100,99122,100,100083,100,98747,100,100085,100,98721,100,100115,100,,
2019-06-28 09:48:00.000000000,99942,406,99762,406,99954,100,99585,100,100029,200,99569,100,100041,100,99524,100,100042,100,99375,100,100044,100,99227,100,100060,100,99122,100,100083,100,98747,100,100085,100,98721,100,100115,100,,
2019-06-28 09:48:10.000000000,99942,406,99762,406,99954,100,99585,100,100029,200,99569,100,100041,100,99524,100,100042,100,99375,100,100044,100,99227,100,100060,100,99122,100,100083,100,98747,100,100085,100,98721,100,100115,100,,
2019-06-28 09:48:20.000000000,99942,253,99762,253,99954,253,99585,253,100029,200,99569,100,100041,100,99524,100,100042,100,99375,100,100044,100,99227,100,100060,100,99122,100,100083,100,98747,100,100085,100,98721,100,100115,100,,
2019-06-28 09:48:25.590577208,99942,253,99762,153,99954,253,99585,253,100029,200,99569,100,100041,100,99524,100,100042,100,99375,100,100044,100,99227,100,100060,100,99122,100,100083,100,98747,100,100085,100,98721,100,100115,100,,
2019-06-28 09:48:28.788946589,99942,253,99762,53,99954,253,99585,253,100029,200,99569,100,100041,100,99524,100,100042,100,99375,100,100044,100,99227,100,100060,100,99122,100,100083,100,98747,100,100085,100,98721,100,100115,100,,
2019-06-28 09:48:30.000000000,99942,406,99585,406,99954,100,99569,100,100029,200,99524,100,100041,100,99375,100,100042,100,99227,100,100044,100,99122,100,100060,100,98747,100,100083,100,98721,100,100085,100,,,100115,100,,
2019-06-28 09:48:40.000000000,99942,406,99585,406,99954,100,99569,100,100029,200,99524,100,100041,100,99375,100,100042,100,99227,100,100044,100,99122,100,100060,100,98747,100,100083,100,98721,100,100085,100,,,100115,100,,
2019-06-28 09:48:41.688434016,99762,100,99585,406,99942,406,99569,100,99954,100,99524,100,100029,200,99375,100,100041,100,99227,100,100042,100,99122,100,100044,100,98747,100,100060,100,98721,100,100083,100,,,100085,100,,
2019-06-28 09:48:50.000000000,99762,176,99585,176,99942,176,99569,176,99954,176,99524,176,100029,276,99375,176,100041,100,99227,100,100042,100,99122,100,100044,100,98747,100,100060,100,98721,100,100083,100,,,100085,100,,
2019-06-28 09:48:59.698755809,99762,176,99585,76,99942,176,99569,176,99954,176,99524,176,100029,276,99375,176,100041,100,99227,100,100042,100,99122,100,100044,100,98747,100,100060,100,98721,100,100083,100,,,100085,100,,
2019-06-28 09:49:00.000000000,99762,176,99569,176,99942,176,99524,176,99954,176,99375,176,100029,276,99227,176,100041,100,99122,100,100042,100,98747,100,100044,100,98721,100,100060,100,,,100083,100,,,100085,100,,
2019-06-28 09:49:00.906975545,99762,176,99569,76,99942,176,99524,176,99954,176,99375,176,100029,276,99227,176,100041,100,99122,100,100042,100,98747,100,100044,100,98721,100,100060,100,,,100083,100,,,100085,100,,
2019-06-28 09:49:10.000000000,99762,161,99524,161,99942,161,99375,161,99954,161,99227,161,100029,261,99122,161,100041,161,98747,161,100042,100,98721,100,100044,100,,,100060,100,,,100083,100,,,100085,100,,
2019-06-28 09:49:15.240338630,99585,100,99524,161,99762,161,99375,161,99942,61,99227,161,99954,161,99122,161,100029,261,98747,161,100041,161,98721,100,100042,100,,,100044,100,,,100060,100,,,100083,100,,
2019-06-28 09:49:16.020801282,99585,100,99524,61,99762,161,99375,161,99942,61,99227,161,99954,161,99122,161,100029,261,98747,161,100041,161,98721,100,100042,100,,,100044,100,,,100060,100,,,100083,100,,
2019-06-28 09:49:20.000000000,99585,161,99375,161,99762,161,99227,161,99954,161,99122,161,100029,261,98747,161,100041,161,98721,161,100042,100,,,100044,100,,,100060,100,,,100083,100,,,100085,100,,
2019-06-28 09:49:27.503405464,99585,161,99375,161,99762,161,99227,161,99954,161,99122,161,100029,261,98747,161,100041,161,98721,161,100042,100,98253,100,100044,100,,,100060,100,,,100083,100,,,100085,100,,
2019-06-28 09:49:30.000000000,99585,204,99375,204,99762,201,99227,201,99954,201,99122,201,100029,200,98747,100,100041,100,98721,100,100042,100,98253,100,100044,100,,,100060,100,,,100083,100,,,100085,100,,
2019-06-28 09:49:30.903600455,99585,204,99375,104,99762,201,99227,201,99954,201,99122,201,100029,200,98747,100,100041,100,98721,100,100042,100,98253,100,100044,100,,,100060,100,,,100083,100,,,100085,100,,
2019-06-28 09:49:39.278592643,99585,204,99375,104,99762,201,99362,100,99954,201,99227,201,100029,200,99122,201,100041,100,98747,100,100042,100,98253,100,100044,100,,,100060,100,,,100083,100,,,100085,100,,
2019-06-28 09:49:40.000000000,99585,204,99362,204,99762,201,99227,201,99954,201,99122,201,100029,200,98747,100,100041,100,98253,100,100042,100,,,100044,100,,,100060,100,,,100083,100,,,100085,100,,
2019-06-28 09:49:50.000000000,99585,406,99362,406,99762,100,99227,100,99954,100,99122,100,100029,200,98747,100,100041,100,98253,100,100042,100,,,100044,100,,,100060,100,,,100083,100,,,100085,100,,
2019-06-28 09:49:56.532622438,99448,100,99362,406,99585,406,99227,100,99762,100,99122,100,99954,100,98747,100,100029,200,98253,100,100041,100,,,100042,100,,,100044,100,,,100060,100,,,100083,100,,
2019-06-28 09:50:00.000000000,99448,204,99362,204,99585,201,99227,201,99762,201,99122,201,99954,100,98747,100,100029,200,98253,100,100041,100,,,100042,100,,,100044,100,,,100060,100,,,100083,100,,
2019-06-28 09:50:10.000000000,99448,204,99362,204,99585,201,99227,201,99762,201,99122,201,99954,100,98747,100,100029,200,98253,100,100041,100,,,100042,100,,,100044,100,,,100060,100,,,100083,100,,
2019-06-28 09:50:20.000000000,99448,406,99362,406,99585,100,99227,100,99762,100,99122,100,99954,100,98747,100,100029,200,98253,100,100041,100,,,100042,100,,,100044,100,,,100060,100,,,100083,100,,
2019-06-28 09:50:30.000000000,99448,406,99362,406,99585,100,99227,100,99762,100,99122,100,99954,100,98747,100,100029,200,98253,100,100041,100,,,100042,100,,,100044,100,,,100060,100,,,100083,100,,
2019-06-28 09:50:40.000000000,99448,406,99362,406,99585,100,99227,100,99762,100,99122,100,99954,100,98747,100,100029,200,98253,100,100041,100,,,100042,100,,,100044,100,,,100060,100,,,100083,100,,
2019-06-28 09:50:41.108267930,99448,406,99362,406,99585,100,99227,100,99762,100,99122,100,99954,100,99028,100,100029,200,98747,100,100041,100,98253,100,100042,100,,,100044,100,,,100083,100,,,100085,100,,
2019-06-28 09:50:50.000000000,99448,253,99362,253,99585,253,99227,253,99762,100,99122,100,99954,100,99028,100,100029,200,98747,100,100041,100,98253,100,100042,100,,,100044,100,,,100083,100,,,100085,100,,
2019-06-28 09:50:53.420847134,99448,253,99362,253,99585,253,99227,253,99762,100,99150,100,99954,100,99122,100,100029,200,99028,100,100041,100,98747,100,100042,100,98253,100,100044,100,,,100083,100,,,100085,100,,
2019-06-28 09:51:00.000000000,99448,406,99362,406,99585,100,99227,100,99762,100,99150,100,99954,100,99122,100,100029,200,99028,100,100041,100,98747,100,100042,100,98253,100,100044,100,,,100083,100,,,100085,100,,
2019-06-28 09:51:10.000000000,99448,406,99362,406,99585,100,99227,100,99762,100,99150,100,99954,100,99122,100,100029,200,99028,100,100041,100,98747,100,100042,100,98253,100,100044,100,,,100083,100,,,100085,100,,
2019-06-28 09:51:17.992681484,99448,406,99362,406,99585,100,99227,100,99762,100,99150,100,99954,100,99122,100,100029,200,99029,100,100041,100,99028,100,100042,100,98747,100,100044,100,98253,100,100083,100,,,100085,100,,
2019-06-28 09:51:20.000000000,99448,176,99362,176,99585,176,99227,176,99762,176,99150,176,99954,176,99122,176,100029,200,99029,100,100041,100,99028,100,100042,100,98747,100,100044,100,98253,100,100083,100,,,100085,100,,
2019-06-28 09:51:30.000000000,99448,253,99362,253,99585,253,99227,253,99762,100,99150,100,99954,100,99122,100,100029,200,99029,100,100041,100,99028,100,100042,100,98747,100,100044,100,98253,100,100083,100,,,100085,100,,
2019-06-28 09:51:40.000000000,99448,204,99362,204,99585,201,99227,201,99762,201,99150,201,99954,100,99122,100,100029,200,99029,100,100041,100,99028,100,100042,100,98747,100,100044,100,98253,100,100083,100,,,100085,100,,
2019-06-28 09:51:44.436635971,99448,204,99376,100,99585,201,99362,204,99762,201,99227,201,99954,100,99150,201,100029,100,99122,100,100041,100,99029,100,100042,100,99028,100,100044,100,98747,100,100083,100,98253,100,100085,100,,
2019-06-28 09:51:50.000000000,99448,161,99376,161,99585,161,99362,161,99762,161,99227,161,99954,161,99150,161,100029,161,99122,161,100041,100,99029,100,100042,100,99028,100,100044,100,98747,100,100083,100,98253,100,100085,100,,
2019-06-28 09:52:00.000000000,99448,176,99376,176,99585,176,99362,176,99762,176,99227,176,99954,176,99150,176,100029,100,99122,100,100041,100,99029,100,100042,100,99028,100,100044,100,98747,100,100083,100,98253,100,100085,100,,
2019-06-28 09:52:10.000000000,99448,161,99376,161,99585,161,99362,161,99762,161,99227,161,99954,161,99150,161,100029,161,99122,161,100041,100,99029,100,100042,100,99028,100,100044,100,98747,100,100083,100,98253,100,100085,100,,
2019-06-28 09:52:12.882134130,99448,161,99410,100,99585,161,99376,161,99762,161,99362,161,99954,161,99227,161,100029,161,99150,161,100041,100,99122,161,100042,100,99029,100,100044,100,99028,100,100083,100,98747,100,100085,100,98253,100
2019-06-28 09:52:20.000000000,99448,406,99410,406,99585,100,99376,100,99762,100,99362,100,99954,100,99227,100,100029,100,99150,100,100041,100,99122,100,100042,100,99029,100,100044,100,99028,100,100083,100,98747,100,100085,100,98253,100
2019-06-28 09:52:30.000000000,99448,253,99410,253,99585,253,99376,253,99762,100,99362,100,99954,100,99227,100,100029,100,99150,100,100041,100,99122,100,100042,100,99029,100,100044,100,99028,100,100083,100,98747,100,100085,100,98253,100
2019-06-28 09:52:40.000000000,99448,406,99410,406,99585,100,99376,100,99762,100,99362,100,99954,100,99227,100,100029,100,99150,100,100041,100,99122,100,100042,100,99029,100,100044,100,99028,100,100083,100,98747,100,100085,100,98253,100
2019-06-28 09:52:50.000000000,99448,253,99410,253,99585,253,99376,253,99762,100,99362,100,99954,100,99227,100,100029,100,99150,100,100041,100,99122,100,100042,100,99029,100,100044,100,99028,100,100083,100,98747,100,100085,100,98253,100
2019-06-28 09:52:56.127675571,99448,253,99410,253,99469,100,99376,253,99585,253,99362,100,99762,100,99227,100,99954,100,99150,100,100029,100,99122,100,100041,100,99029,100,100042,100,99028,100,100044,100,98747,100,100083,100,98253,100
2019-06-28 09:53:00.000000000,99448,161,99410,161,99469,161,99376,161,99585,161,99362,161,99762,161,99227,161,99954,161,99150,161,100029,100,99122,100,100041,100,99029,100,100042,100,99028,100,100044,100,98747,100,100083,100,98253,100
2019-06-28 09:53:06.232576239,99448,161,99410,161,99469,161,99376,161,99524,100,99362,161,99585,161,99227,161,99762,161,99150,161,99954,61,99122,100,100029,100,99029,100,100041,100,99028,100,100042,100,98747,100,100044,100,98253,100
2019-06-28 09:53:10.000000000,99448,204,99410,204,99469,201,99376,201,99524,201,99362,201,99585,100,99227,100,99762,100,99150,100,100029,100,99122,100,100041,100,99029,100,100042,100,99028,100,100044,100,98747,100,100083,100,98253,100
2019-06-28 09:53:20.000000000,99448,253,99410,253,99469,253,99376,253,99524,100,99362,100,99585,100,99227,100,99762,100,99150,100,100029,100,99122,100,100041,100,99029,100,100042,100,99028,100,100044,100,98747,100,100083,100,98253,100
2019-06-28 09:53:30.000000000,99448,161,99410,161,99469,161,99376,161,99524,161,99362,161,99585,161,99227,161,99762,161,99150,161,100029,100,99122,100,100041,100,99029,100,100042,100,99028,100,100044,100,98747,100,100083,100,98253,100
2019-06-28 09:53:40.000000000,99448,204,99410,204,99469,201,99376,201,99524,201,99362,201,99585,100,99227,100,99762,100,99150,100,100029,100,99122,100,100041,100,99029,100,100042,100,99028,100,100044,100,98747,100,100083,100,98253,100
2019-06-28 09:53:50.000000000,99448,161,99410,161,99469,161,99376,161,99524,161,99362,161,99585,161,99227,161,99762,161,99150,161,100029,100,99122,100,100041,100,99029,100,100042,100,99028,100,100044,100,98747,100,100083,100,98253,100
2019-06-28 09:53:50.228624424,99448,161,99410,161,99469,161,99376,161,99524,261,99362,161,99585,161,99227,161,99762,161,99150,161,100041,100,99122,100,100042,100,99029,100,100044,100,99028,100,100083,100,98747,100,100085,100,98253,100
2019-06-28 09:54:00.000000000,99448,253,99410,253,99469,253,99376,253,99524,200,99362,100,99585,100,99227,100,99762,100,99150,100,100041,100,99122,100,100042,100,99029,100,100044,100,99028,100,100083,100,98747,100,100085,100,98253,100
2019-06-28 09:54:04.503445725,99448,253,99410,253,99469,253,99376,253,99524,200,99362,100,99585,100,99227,100,99762,100,99201,100,100041,100,99150,100,100042,100,99122,100,100044,100,99029,100,100083,100,99028,100,100085,100,98747,100
2019-06-28 09:54:10.000000000,99448,161,99410,161,99469,161,99376,161,99524,261,99362,161,99585,161,99227,161,99762,161,99201,161,100041,100,99150,100,100042,100,99122,100,100044,100,99029,100,100083,100,99028,100,100085,100,98747,100
2019-06-28 09:54:13.641383360,99448,161,99410,61,99469,161,99376,161,99524,261,99362,161,99585,161,99227,161,99762,161,99201,161,100041,100,99150,100,100042,100,99122,100,100044,100,99029,100,100083,100,99028,100,100085,100,98747,100
2019-06-28 09:54:20.000000000,99448,253,99376,253,99469,253,99362,253,99524,200,99227,100,99585,100,99201,100,99762,100,99150,100,100041,100,99122,100,100042,100,99029,100,100044,100,99028,100,100083,100,98747,100,100085,100,98253,100
2019-06-28 09:54:30.000000000,99448,204,99376,204,99469,201,99362,201,99524,301,99227,201,99585,100,99201,100,99762,100,99150,100,100041,100,99122,100,100042,100,99029,100,100044,100,99028,100,100083,100,98747,100,100085,100,98253,100
2019-06-28 09:54:40.000000000,99448,253,99376,253,99469,253,99362,253,99524,200,99227,100,99585,100,99201,100,99762,100,99150,100,100041,100,99122,100,100042,100,99029,100,100044,100,99028,100,100083,100,98747,100,100085,100,98253,100
2019-06-28 09:54:50.000000000,99448,161,99376,161,99469,161,99362,161,99524,261,99227,161,99585,161,99201,161,99762,161,99150,161,100041,100,99122,100,100042,100,99029,100,100044,100,99028,100,100083,100,98747,100,100085,100,98253,100
2019-06-28 09:55:00.000000000,99448,161,99376,161,99469,161,99362,161,99524,261,99227,161,99585,161,99201,161,99762,161,99150,161,100041,100,99122,100,100042,100,99029,100,100044,100,99028,100,100083,100,98747,100,100085,100,98253,100
2019-06-28 09:55:10.000000000,99448,161,99376,161,99469,161,99362,161,99524,261,99227,161,99585,161,99201,161,99762,161,99150,161,100041,100,99122,100,100042,100,99029,100,100044,100,99028,100,100083,100,98747,100,100085,100,98253,100
2019-06-28 09:55:13.257706465,99448,161,99376,161,99469,161,99362,161,99524,261,99358,100,99585,161,99227,161,99762,161,99201,161,100041,100,99150,161,100042,100,99122,100,100044,100,99029,100,100083,100,99028,100,100085,100,98747,100
2019-06-28 09:55:16.064845412,99448,161,99376,61,99469,161,99362,161,99524,261,99358,100,99585,161,99227,161,99762,161,99201,161,100041,100,99150,161,100042,100,99122,100,100044,100,99029,100,100083,100,99028,100,100085,100,98747,100
2019-06-28 09:55:20.000000000,99448,161,99362,161,99469,161,99358,161,99524,261,99227,161,99585,161,99201,161,99762,161,99150,161,100041,100,99122,100,100042,100,99029,100,100044,100,99028,100,100083,100,98747,100,100085,100,98253,100
2019-06-28 09:55:23.467593739,99410,100,99362,161,99448,161,99358,161,99469,161,99227,161,99524,261,99201,161,99585,161,99150,161,99762,161,99122,100,100041,100,99029,100,100042,100,99028,100,100044,100,98747,100,100083,100,98253,100
2019-06-28 09:55:30.000000000,99410,204,99362,204,99448,201,99358,201,99469,201,99227,201,99524,200,99201,100,99585,100,99150,100,99762,100,99122,100,100041,100,99029,100,100042,100,99028,100,100044,100,98747,100,100083,100,98253,100
2019-06-28 09:55:40.000000000,99410,406,99362,406,99448,100,99358,100,99469,100,99227,100,99524,200,99201,100,99585,100,99150,100,99762,100,99122,100,100041,100,99029,100,100042,100,99028,100,100044,100,98747,100,100083,100,98253,100
2019-06-28 09:55:50.000000000,99410,406,99362,406,99448,100,99358,100,99469,100,99227,100,99524,200,99201,100,99585,100,99150,100,99762,100,99122,100,100041,100,99029,100,100042,100,99028,100,100044,100,98747,100,100083,100,98253,100
2019-06-28 09:55:50.004684247,99410,406,99362,306,99448,100,99358,100,99469,100,99227,100,99524,200,99201,100,99585,100,99150,100,99762,100,99122,100,100041,100,99029,100,100042,100,99028,100,100044,100,98747,100,100083,100,98253,100
2019-06-28 09:55:56.896533989,99410,406,99362,306,99448,100,99358,100,99469,100,99227,100,99524,200,99201,100,99585,100,99195,100,99762,100,99122,100,100041,100,99029,100,100042,100,99028,100,100044,100,98747,100,100083,100,98253,100
2019-06-28 09:55:58.448087802,99410,406,99362,306,99448,100,99358,100,99469,100,99261,100,99524,200,99227,100,99585,100,99201,100,99762,100,99195,100,100041,100,99122,100,100042,100,99029,100,100044,100,99028,100,100083,100,98747,100
2019-06-28 09:56:00.000000000,99410,176,99358,176,99448,176,99261,176,99469,176,99227,176,99524,276,99201,176,99585,100,99195,100,99762,100,99122,100,100041,100,99029,100,100042,100,99028,100,100044,100,98747,100,100083,100,98253,100
2019-06-28 09:56:10.000000000,99410,406,99358,406,99448,100,99261,100,99469,100,99227,100,99524,200,99201,100,99585,100,99195,100,99762,100,99122,100,100041,100,99029,100,100042,100,99028,100,100044,100,98747,100,100083,100,98253,100
2019-06-28 09:56:10.327893434,99410,406,99358,306,99448,100,99261,100,99469,100,99227,100,99524,200,99201,100,99585,100,99195,100,99762,100,99122,100,100041,100,99029,100,100042,100,99028,100,100044,100,98747,100,100083,100,98253,100
2019-06-28 09:56:15.104520002,99410,406,99358,306,99448,100,99261,100,99469,100,99227,100,99524,200,99223,100,99585,100,99201,100,99762,100,99195,100,100041,100,99029,100,100042,100,99028,100,100044,100,98747,100,100083,100,98253,100
2019-06-28 09:56:20.000000000,99410,176,99261,176,99448,176,99227,176,99469,176,99223,176,99524,276,99201,176,99585,100,99195,100,99762,100,99029,100,100041,100,99028,100,100042,100,98747,100,100044,100,98253,100,100083,100,,
2019-06-28 09:56:30.000000000,99410,176,99261,176,99448,176,99227,176,99469,176,99223,176,99524,276,99201,176,99585,100,99195,100,99762,100,99029,100,100041,100,99028,100,100042,100,98747,100,100044,100,98253,100,100083,100,,
2019-06-28 09:56:33.975358983,99410,176,99261,176,99448,176,99227,176,99469,176,99223,176,99482,100,99201,176,99524,276,99195,100,99585,100,99029,100,99762,100,99028,100,100041,100,98747,100,100042,100,98253,100,100044,100,,
2019-06-28 09:56:37.950234158,99410,176,99363,100,99448,176,99261,176,99469,176,99227,176,99482,100,99223,176,99524,276,99201,176,99585,100,99195,100,99762,100,99029,100,100041,100,99028,100,100042,100,98747,100,100044,100,98253,100
2019-06-28 09:56:40.000000000,99410,176,99363,176,99448,176,99261,176,99469,176,99227,176,99482,176,99223,176,99524,200,99201,100,99585,100,99195,100,99762,100,99029,100,100041,100,99028,100,100042,100,98747,100,100044,100,98253,100
2019-06-28 09:56:50.000000000,99410,176,99363,176,99448,176,99261,176,99469,176,99227,176,99482,176,99223,176,99524,200,99201,100,99585,100,99195,100,99762,100,99029,100,100041,100,99028,100,100042,100,98747,100,100044,100,98253,100
2019-06-28 09:57:00.000000000,99410,406,99363,406,99448,100,99261,100,99469,100,99227,100,99482,100,99223,100,99524,200,99201,100,99585,100,99195,100,99762,100,99029,100,100041,100,99028,100,100042,100,98747,100,100044,100,98253,100
2019-06-28 09:57:10.000000000,99410,161,99363,161,99448,161,99261,161,99469,161,99227,161,99482,161,99223,161,99524,261,99201,161,99585,100,99195,100,99762,100,99029,100,100041,100,99028,100,100042,100,98747,100,100044,100,98253,100
2019-06-28 09:57:20.000000000,99410,204,99363,204,99448,201,99261,201,99469,201,99227,201,99482,100,99223,100,99524,200,99201,100,99585,100,99195,100,99762,100,99029,100,100041,100,99028,100,100042,100,98747,100,100044,100,98253,100
2019-06-28 09:57:30.000000000,99410,253,99363,253,99448,253,99261,253,99469,100,99227,100,99482,100,99223,100,99524,200,99201,100,99585,100,99195,100,99762,100,99029,100,100041,100,99028,100,100042,100,98747,100,100044,100,98253,100
2019-06-28 09:57:32.212820890,99410,253,99363,253,99448,153,99261,253,99469,100,99227,100,99482,100,99223,100,99524,200,99201,100,99585,100,99195,100,99762,100,99029,100,99823,100,99028,100,100041,100,98747,100,100042,100,98253,100
2019-06-28 09:57:40.000000000,99410,176,99363,176,99469,176,99261,176,99482,176,99227,176,99524,276,99223,176,99585,100,99201,100,99762,100,99195,100,99823,100,99029,100,100041,100,99028,100,100042,100,98747,100,100044,100,98253,100
2019-06-28 09:57:41.348920437,99410,176,99363,276,99469,176,99261,176,99482,176,99227,176,99524,276,99223,176,99585,100,99201,100,99762,100,99195,100,99823,100,99029,100,100041,100,99028,100,100042,100,98747,100,100044,100,98253,100
2019-06-28 09:57:43.927446022,99410,176,99363,276,99440,100,99261,176,99469,176,99227,176,99482,176,99223,176,99524,276,99201,100,99585,100,99195,100,99762,100,99029,100,99823,100,99028,100,100041,100,98747,100,100042,100,98253,100
2019-06-28 09:57:50.000000000,99410,176,99363,276,99440,176,99261,176,99469,176,99227,176,99482,176,99223,176,99524,200,99201,100,99585,100,99195,100,99762,100,99029,100,99823,100,99028,100,100041,100,98747,100,100042,100,98253,100
2019-06-28 09:58:00.000000000,99410,176,99363,276,99440,176,99261,176,99469,176,99227,176,99482,176,99223,176,99524,200,99201,100,99585,100,99195,100,99762,100,99029,100,99823,100,99028,100,100041,100,98747,100,100042,100,98253,100
2019-06-28 09:58:00.863565485,99410,176,99363,376,99440,176,99261,176,99469,176,99227,176,99482,176,99223,176,99524,200,99201,100,99585,100,99195,100,99762,100,99029,100,99823,100,99028,100,100041,100,98747,100,100042,100,98253,100
2019-06-28 09:58:10.000000000,99410,176,99363,376,99440,176,99261,176,99469,176,99227,176,99482,176,99223,176,99524,200,99201,100,99585,100,99195,100,99762,100,99029,100,99823,100,99028,100,100041,100,98747,100,100042,100,98253,100
2019-06-28 09:58:20.000000000,99410,176,99363,376,99440,176,99261,176,99469,176,99227,176,99482,176,99223,176,99524,200,99201,100,99585,100,99195,100,99762,100,99029,100,99823,100,99028,100,100041,100,98747,100,100042,100,98253,100
2019-06-28 09:58:30.000000000,99410,161,99363,361,99440,161,99261,161,99469,161,99227,161,99482,161,99223,161,99524,261,99201,161,99585,100,99195,100,99762,100,99029,100,99823,100,99028,100,100041,100,98747,100,100042,100,98253,100
2019-06-28 09:58:34.719501183,99410,161,99363,261,99440,161,99261,161,99469,161,99227,161,99482,161,99223,161,99524,261,99201,161,99585,100,99195,100,99762,100,99029,100,99823,100,99028,100,100041,100,98747,100,100042,100,98253,100
2019-06-28 09:58:40.000000000,99410,176,99363,276,99440,176,99261,176,99469,176,99227,176,99482,176,99223,176,99524,200,99201,100,99585,100,99195,100,99762,100,99029,100,99823,100,99028,100,100041,100,98747,100,100042,100,98253,100
2019-06-28 09:58:40.275996241,99410,176,99363,276,99440,176,99301,100,99469,176,99261,176,99482,176,99227,176,99524,200,99223,176,99585,100,99195,100,99762,100,99029,100,99823,100,99028,100,100041,100,98747,100,100042,100,98253,100
2019-06-28 09:58:50.000000000,99410,204,99363,304,99440,201,99301,201,99469,201,99261,201,99482,100,99227,100,99524,200,99223,100,99585,100,99195,100,99762,100,99029,100,99823,100,99028,100,100041,100,98747,100,100042,100,98253,100
2019-06-28 09:59:00.000000000,99410,176,99363,276,99440,176,99301,176,99469,176,99261,176,99482,176,99227,176,99524,200,99223,100,99585,100,99195,100,99762,100,99029,100,99823,100,99028,100,100041,100,98747,100,100042,100,98253,100
2019-06-28 09:59:10.000000000,99410,253,99363,353,99440,253,99301,253,99469,100,99261,100,99482,100,99227,100,99524,200,99223,100,99585,100,99195,100,99762,100,99029,100,99823,100,99028,100,100041,100,98747,100,100042,100,98253,100
2019-06-28 09:59:20.000000000,99410,253,99363,353,99440,253,99301,253,99469,100,99261,100,99482,100,99227,100,99524,200,99223,100,99585,100,99195,100,99762,100,99029,100,99823,100,99028,100,100041,100,98747,100,100042,100,98253,100
2019-06-28 09:59:27.729418657,99410,253,99363,353,99440,253,99301,253,99469,100,99261,100,99482,100,99227,100,99524,200,99223,100,99585,100,99195,100,99762,100,99029,100,99823,100,99028,100,100041,100,99004,100,100042,100,98747,100
2019-06-28 09:59:27.880717911,99410,253,99363,253,99440,253,99301,253,99469,100,99261,100,99482,100,99227,100,99524,200,99223,100,99585,100,99195,100,99762,100,99029,100,99823,100,99028,100,100041,100,99004,100,100042,100,98747,100
2019-06-28 09:59:30.000000000,99410,406,99363,406,99440,100,99301,100,99469,100,99261,100,99482,100,99227,100,99524,200,99223,100,99585,100,99195,100,99762,100,99029,100,99823,100,99028,100,100041,100,99004,100,100042,100,98747,100
2019-06-28 09:59:33.099000897,99410,406,99363,406,99440,100,99301,100,99469,100,99261,100,99482,100,99227,100,99524,200,99223,100,99585,100,99195,100,99762,100,99066,100,99823,100,99029,100,100041,100,99028,100,100042,100,99004,100
2019-06-28 09:59:40.000000000,99410,161,99363,161,99440,161,99301,161,99469,161,99261,161,99482,161,99227,161,99524,261,99223,161,99585,100,99195,100,99762,100,99066,100,99823,100,99029,100,100041,100,99028,100,100042,100,99004,100
2019-06-28 09:59:47.410573788,99410,161,99363,61,99440,161,99301,161,99469,161,99261,161,99482,61,99227,161,99524,261,99223,161,99585,100,99195,100,99762,100,99066,100,99823,100,99029,100,100041,100,99028,100,100042,100,99004,100
2019-06-28 09:59:50.000000000,99410,253,99301,253,99440,253,99261,253,99469,100,99227,100,99524,200,99223,100,99585,100,99195,100,99762,100,99066,100,99823,100,99029,100,100041,100,99028,100,100042,100,99004,100,100044,100,98747,100
2019-06-28 10:00:00.000000000,99410,406,99301,406,99440,100,99261,100,99469,100,99227,100,99524,200,99223,100,99585,100,99195,100,99762,100,99066,100,99823,100,99029,100,100041,100,99028,100,100042,100,99004,100,100044,100,98747,100
2019-06-28 10:00:10.000000000,99410,204,99301,204,99440,201,99261,201,99469,201,99227,201,99524,200,99223,100,99585,100,99195,100,99762,100,99066,100,99823,100,99029,100,100041,100,99028,100,100042,100,99004,100,100044,100,98747,100
2019-06-28 10:00:20.000000000,99410,161,99301,161,99440,161,99261,161,99469,161,99227,161,99524,261,99223,161,99585,161,99195,161,99762,100,99066,100,99823,100,99029,100,100041,100,99028,100,100042,100,99004,100,100044,100,98747,100
2019-06-28 10:00:22.732920878,99363,100,99301,161,99410,161,99261,161,99440,161,99227,161,99469,161,99223,161,99524,261,99195,161,99585,161,99066,100,99762,100,99029,100,99823,100,99028,100,100041,100,99004,100,100042,100,98747,100
2019-06-28 10:00:30.000000000,99363,161,99301,161,99410,161,99261,161,99440,161,99227,161,99469,161,99223,161,99524,261,99195,161,99585,100,99066,100,99762,100,99029,100,99823,100,99028,100,100041,100,99004,100,100042,100,98747,100
2019-06-28 10:00:37.418884973,99363,161,99301,161,99410,161,99261,161,99440,161,99227,161,99469,161,99223,161,99524,261,99195,161,99585,100,99066,100,99762,100,99029,100,99823,100,99028,100,100041,100,99004,100,100042,100,98747,100
2019-06-28 10:00:40.000000000,99363,253,99301,253,99410,253,99261,253,99440,100,99227,100,99469,100,99223,100,99524,200,99195,100,99585,100,99066,100,99762,100,99029,100,99823,100,99028,100,100041,100,99004,100,100042,100,98747,100
2019-06-28 10:00:48.247297647,99363,253,99301,253,99410,253,99261,253,99440,100,99227,100,99469,100,99223,100,99524,200,99195,100,99585,100,99066,100,99762,100,99029,100,99823,100,99028,100,100041,100,99004,100,100042,100,98747,100
2019-06-28 10:00:50.000000000,99363,406,99301,406,99410,100,99261,100,99440,100,99227,100,99469,100,99223,100,99524,200,99195,100,99585,100,99066,100,99762,100,99029,100,99823,100,99028,100,100041,100,99004,100,100042,100,98747,100
2019-06-28 10:01:00.000000000,99363,176,99301,176,99410,176,99261,176,99440,176,99227,176,99469,176,99223,176,99524,200,99195,100,99585,100,99066,100,99762,100,99029,100,99823,100,99028,100,100041,100,99004,100,100042,100,98747,100
2019-06-28 10:01:03.736983381,99363,176,99301,76,99410,176,99261,176,99440,176,99227,176,99469,176,99223,176,99524,200,99195,100,99585,100,99066,100,99762,100,99029,100,99823,100,99028,100,100041,100,99004,100,100042,100,98747,100
2019-06-28 10:01:10.000000000,99363,176,99261,176,99410,176,99227,176,99440,176,99223,176,99469,176,99195,176,99524,200,99066,100,99585,100,99029,100,99762,100,99028,100,99823,100,99004,100,100041,100,98747,100,100042,100,98600,100
2019-06-28 10:01:20.000000000,99363,176,99261,176,99410,176,99227,176,99440,176,99223,176,99469,176,99195,176,99524,200,99066,100,99585,100,99029,100,99762,100,99028,100,99823,100,99004,100,100041,100,98747,100,100042,100,98600,100
2019-06-28 10:01:30.000000000,99363,204,99261,204,99410,201,99227,201,99440,201,99223,201,99469,100,99195,100,99524,200,99066,100,99585,100,99029,100,99762,100,99028,100,99823,100,99004,100,100041,100,98747,100,100042,100,98600,100
2019-06-28 10:01:40.000000000,99363,176,99261,176,99410,176,99227,176,99440,176,99223,176,99469,176,99195,176,99524,200,99066,100,99585,100,99029,100,99762,100,99028,100,99823,100,99004,100,100041,100,98747,100,100042,100,98600,100
2019-06-28 10:01:47.385518310,99363,176,99261,176,99410,176,99227,176,99440,176,99223,176,99469,176,99195,176,99524,200,99066,100,99585,100,99029,100,99762,100,99028,100,99823,100,99004,100,100041,100,98747,100,100042,100,98600,100
2019-06-28 10:01:50.000000000,99363,204,99261,204,99410,201,99227,201,99440,201,99223,201,99469,100,99195,100,99524,200,99066,100,99585,100,99029,100,99762,100,99028,100,99823,100,99004,100,100041,100,98747,100,100042,100,98600,100
2019-06-28 10:01:53.508750503,99363,204,99261,204,99410,201,99227,201,99440,201,99223,201,99469,100,99195,100,99524,100,99066,100,99585,100,99029,100,99762,100,99028,100,99823,100,99004,100,100041,100,98747,100,100042,100,98600,100
2019-06-28 10:02:00.000000000,99363,204,99261,204,99410,201,99227,201,99440,201,99223,201,99469,100,99195,100,99524,100,99066,100,99585,100,99029,100,99762,100,99028,100,99823,100,99004,100,100041,100,98747,100,100042,100,98600,100
2019-06-28 10:02:03.868379473,99363,204,99261,104,99410,201,99227,201,99440,201,99223,201,99469,100,99195,100,99524,100,99066,100,99585,100,99029,100,99762,100,99028,100,99823,100,99004,100,100041,100,98747,100,100042,100,98600,100
2019-06-28 10:02:10.000000000,99363,253,99227,253,99410,253,99223,253,99440,100,99195,100,99469,100,99066,100,99524,100,99029,100,99585,100,99028,100,99762,100,99004,100,99823,100,98747,100,100041,100,98600,100,100042,100,98591,100
2019-06-28 10:02:10.206576743,99363,253,99227,153,99410,253,99223,253,99440,100,99195,100,99469,100,99066,100,99524,100,99029,100,99585,100,99028,100,99762,100,99004,100,99823,100,98747,100,100042,100,98600,100,100044,100,98591,100
2019-06-28 10:02:20.000000000,99363,161,99223,161,99410,161,99195,161,99440,161,99066,161,99469,161,99029,161,99524,161,99028,161,99585,100,99004,100,99762,100,98747,100,99823,100,98600,100,100042,100,98591,100,100044,100,98258,100
2019-06-28 10:02:30.000000000,99363,406,99223,406,99410,100,99195,100,99440,100,99066,100,99469,100,99029,100,99524,100,99028,100,99585,100,99004,100,99762,100,98747,100,99823,100,98600,100,100042,100,98591,100,100044,100,98258,100
2019-06-28 10:02:30.721184930,99363,406,99223,406,99410,100,99195,100,99440,100,99066,100,99469,100,99029,100,99524,100,99028,100,99585,100,99004,100,99762,100,98809,100,99823,100,98747,100,100042,100,98600,100,100044,100,98591,100
2019-06-28 10:02:31.435239474,99363,406,99223,406,99410,100,99195,100,99440,100,99066,100,99469,100,99029,100,99524,100,99028,100,99585,100,99004,100,99762,100,98809,100,99823,100,98747,100,100042,100,98628,100,100044,100,98600,100
2019-06-28 10:02:40.000000000,99363,176,99223,176,99410,176,99195,176,99440,176,99066,176,99469,176,99029,176,99524,100,99028,100,99585,100,99004,100,99762,100,98809,100,99823,100,98747,100,100042,100,98628,100,100044,100,98600,100
2019-06-28 10:02:47.154133541,99363,176,99223,176,99410,176,99195,176,99440,176,99066,176,99469,176,99029,176,99524,100,99028,100,99585,100,99004,100,99762,100,98809,100,99823,100,98758,100,100042,100,98747,100,100044,100,98628,100
2019-06-28 10:02:50.000000000,99363,161,99223,161,99410,161,99195,161,99440,161,99066,161,99469,161,99029,161,99524,161,99028,161,99585,100,99004,100,99762,100,98809,100,99823,100,98758,100,100042,100,98747,100,100044,100,98628,100
2019-06-28 10:02:51.207457505,99261,100,99223,161,99363,161,99195,161,99410,161,99066,161,99440,161,99029,161,99469,161,99028,161,99524,61,99004,100,99585,100,98809,100,99762,100,98758,100,99823,100,98747,100,100042,100,98628,100
2019-06-28 10:02:53.225451139,99261,100,99223,61,99363,161,99195,161,99410,161,99066,161,99440,161,99029,161,99469,161,99028,161,99524,61,99004,100,99585,100,98809,100,99762,100,98758,100,99823,100,98747,100,100042,100,98628,100
2019-06-28 10:03:00.000000000,99261,406,99195,406,99363,100,99066,100,99410,100,99029,100,99440,100,99028,100,99469,100,99004,100,99585,100,98809,100,99762,100,98758,100,99823,100,98747,100,100042,100,98628,100,100044,100,98600,100
2019-06-28 10:03:10.000000000,99261,253,99195,253,99363,253,99066,253,99410,100,99029,100,99440,100,99028,100,99469,100,99004,100,99585,100,98809,100,99762,100,98758,100,99823,100,98747,100,100042,100,98628,100,100044,100,98600,100
2019-06-28 10:03:15.008262350,99261,253,99195,253,99363,253,99066,253,99410,100,99029,100,99440,100,99028,100,99469,100,99004,100,99585,100,98932,100,99762,100,98809,100,99823,100,98758,100,100042,100,98747,100,100044,100,98628,100
2019-06-28 10:03:20.000000000,99261,161,99195,161,99363,161,99066,161,99410,161,99029,161,99440,161,99028,161,99469,161,99004,161,99585,100,98932,100,99762,100,98809,100,99823,100,98758,100,100042,100,98747,100,100044,100,98628,100
2019-06-28 10:03:30.000000000,99261,176,99195,176,99363,176,99066,176,99410,176,99029,176,99440,176,99028,176,99469,100,99004,100,99585,100,98932,100,99762,100,98809,100,99823,100,98758,100,100042,100,98747,100,100044,100,98628,100
2019-06-28 10:03:37.801650310,99261,176,99195,176,99340,100,99066,176,99363,176,99029,176,99410,176,99028,176,99440,176,99004,100,99469,100,98932,100,99585,100,98809,100,99762,100,98758,100,99823,100,98747,100,100042,100,98628,100
2019-06-28 10:03:40.000000000,99261,253,99195,253,99340,253,99066,253,99363,100,99029,100,99410,100,99028,100,99440,100,99004,100,99469,100,98932,100,99585,100,98809,100,99762,100,98758,100,99823,100,98747,100,100042,100,98628,100
2019-06-28 10:03:50.000000000,99261,204,99195,204,99340,201,99066,201,99363,201,99029,201,99410,100,99028,100,99440,100,99004,100,99469,100,98932,100,99585,100,98809,100,99762,100,98758,100,99823,100,98747,100,100042,100,98628,100
2019-06-28 10:04:00.000000000,99261,204,99195,204,99340,201,99066,201,99363,201,99029,201,99410,100,99028,100,99440,100,99004,100,99469,100,98932,100,99585,100,98809,100,99762,100,98758,100,99823,100,98747,100,100042,100,98628,100
2019-06-28 10:04:10.000000000,99261,406,99195,406,99340,100,99066,100,99363,100,99029,100,99410,100,99028,100,99440,100,99004,100,99469,100,98932,100,99585,100,98809,100,99762,100,98758,100,99823,100,98747,100,100042,100,98628,100
2019-06-28 10:04:20.000000000,99261,176,99195,176,99340,176,99066,176,99363,176,99029,176,99410,176,99028,176,99440,100,99004,100,99469,100,98932,100,99585,100,98809,100,99762,100,98758,100,99823,100,98747,100,100042,100,98628,100
2019-06-28 10:04:25.164098131,99261,176,99195,176,99340,176,99066,176,99363,176,99029,176,99410,176,99028,176,99440,100,99004,100,99469,100,98932,100,99585,100,98809,100,99762,100,98758,100,99823,100,98747,100,99905,100,98628,100
2019-06-28 10:04:27.737733467,99261,176,99228,100,99340,176,99195,176,99363,176,99066,176,99410,176,99029,176,99440,100,99028,176,99469,100,99004,100,99585,100,98932,100,99762,100,98809,100,99823,100,98758,100,99905,100,98747,100
2019-06-28 10:04:27.821655659,99261,176,99228,100,99340,176,99195,176,99363,176,99066,176,99410,176,99029,176,99440,100,99028,176,99469,100,99004,100,99585,100,98932,100,99762,100,98809,100,99823,100,98758,100,99894,100,98747,100
2019-06-28 10:04:30.000000000,99261,253,99228,253,99340,253,99195,253,99363,100,99066,100,99410,100,99029,100,99440,100,99028,100,99469,100,99004,100,99585,100,98932,100,99762,100,98809,100,99823,100,98758,100,99894,100,98747,100
2019-06-28 10:04:30.106578394,99261,153,99228,253,99340,253,99195,253,99363,100,99066,100,99410,100,99029,100,99440,100,99028,100,99469,100,99004,100,99585,100,98932,100,99762,100,98758,100,99823,100,98747,100,99894,100,98628,100
2019-06-28 10:04:33.430320792,99261,153,99228,253,99340,253,99195,253,99363,100,99066,100,99410,100,99029,100,99440,100,99028,100,99469,100,98932,100,99585,100,98758,100,99752,100,98747,100,99762,100,98628,100,99823,100,98600,100
2019-06-28 10:04:40.000000000,99340,176,99228,176,99363,176,99195,176,99410,176,99066,176,99440,176,99029,176,99469,100,99028,100,99585,100,98932,100,99752,100,98758,100,99762,100,98747,100,99823,100,98628,100,99894,100,98600,100
2019-06-28 10:04:50.000000000,99340,204,99228,204,99363,201,99195,201,99410,201,99066,201,99440,100,99029,100,99469,100,99028,100,99585,100,98932,100,99752,100,98758,100,99762,100,98747,100,99823,100,98628,100,99894,100,98600,100
2019-06-28 10:04:57.212209247,99340,204,99228,204,99363,201,99195,201,99410,201,99066,201,99440,100,99029,100,99469,100,99028,100,99546,100,98932,100,99585,100,98758,100,99752,100,98747,100,99762,100,98628,100,99823,100,98600,100
2019-06-28 10:04:57.368464121,99340,204,99228,204,99363,201,99195,201,99410,201,99066,201,99440,100,99029,100,99469,100,99028,100,99478,100,98932,100,99546,100,98758,100,99585,100,98747,100,99752,100,98628,100,99762,100,98600,100
2019-06-28 10:05:00.000000000,99340,204,99228,204,99363,201,99195,201,99410,201,99066,201,99440,100,99029,100,99469,100,99028,100,99478,100,98932,100,99546,100,98758,100,99585,100,98747,100,99752,100,98628,100,99762,100,98600,100
2019-06-28 10:05:03.160188113,99340,204,99229,100,99363,201,99228,204,99410,201,99195,201,99440,100,99066,201,99469,100,99029,100,99478,100,99028,100,99546,100,98932,100,99585,100,98758,100,99752,100,98747,100,99762,100,98628,100
2019-06-28 10:05:10.000000000,99340,176,99229,176,99363,176,99228,176,99410,176,99195,176,99440,176,99066,176,99469,100,99029,100,99478,100,99028,100,99546,100,98932,100,99585,100,98758,100,99752,100,98747,100,99762,100,98628,100
2019-06-28 10:05:20.000000000,99340,204,99229,204,99363,201,99228,201,99410,201,99195,201,99440,100,99066,100,99469,100,99029,100,99478,100,99028,100,99546,100,98932,100,99585,100,98758,100,99752,100,98747,100,99762,100,98628,100
2019-06-28 10:05:21.170477412,99340,204,99229,204,99363,201,99228,201,99410,201,99195,201,99440,100,99189,100,99469,100,99029,100,99478,100,99028,100,99546,100,98932,100,99585,100,98758,100,99752,100,98747,100,99762,100,98628,100
2019-06-28 10:05:22.531147285,99340,204,99267,100,99363,201,99229,204,99410,201,99228,201,99440,100,99195,201,99469,100,99189,100,99478,100,99029,100,99546,100,99028,100,99585,100,98932,100,99752,100,98758,100,99762,100,98747,100
2019-06-28 10:05:30.000000000,99340,253,99267,253,99363,253,99229,253,99410,100,99228,100,99440,100,99195,100,99469,100,99189,100,99478,100,99029,100,99546,100,99028,100,99585,100,98932,100,99752,100,98758,100,99762,100,98747,100
2019-06-28 10:05:30.723733958,99340,253,99267,153,99363,253,99229,253,99410,100,99228,100,99440,100,99195,100,99469,100,99189,100,99478,100,99029,100,99546,100,99028,100,99585,100,98932,100,99752,100,98758,100,99762,100,98747,100
2019-06-28 10:05:33.847468501,99340,253,99267,53,99363,253,99229,253,99410,100,99195,100,99440,100,99189,100,99469,100,99029,100,99478,100,99028,100,99546,100,98932,100,99585,100,98758,100,99752,100,98747,100,99762,100,98628,100
2019-06-28 10:05:36.940527325,99267,47,99229,253,99340,253,99195,100,99363,253,99189,100,99410,100,99029,100,99440,100,99028,100,99469,100,98932,100,99478,100,98758,100,99546,100,98747,100,99585,100,98628,100,99752,100,98600,100
2019-06-28 10:05:40.000000000,99267,108,99229,161,99340,161,99195,161,99363,161,99189,161,99410,161,99029,161,99440,161,99028,161,99469,100,98932,100,99478,100,98758,100,99546,100,98747,100,99585,100,98628,100,99752,100,98600,100
2019-06-28 10:05:50.000000000,99267,151,99229,204,99340,201,99195,201,99363,201,99189,201,99410,100,99029,100,99440,100,99028,100,99469,100,98932,100,99478,100,98758,100,99546,100,98747,100,99585,100,98628,100,99752,100,98600,100
2019-06-28 10:05:53.570899689,99254,100,99229,204,99267,151,99195,201,99340,201,99189,201,99363,201,99029,100,99410,100,99028,100,99440,100,98932,100,99469,100,98758,100,99478,100,98747,100,99546,100,98628,100,99585,100,98600,100
2019-06-28 10:06:00.000000000,99254,253,99229,253,99267,200,99195,253,99340,100,99189,100,99363,100,99029,100,99410,100,99028,100,99440,100,98932,100,99469,100,98758,100,99478,100,98747,100,99546,100,98628,100,99585,100,98600,100
2019-06-28 10:06:08.649649922,99254,253,99249,100,99267,200,99229,253,99340,100,99195,253,99363,100,99189,100,99410,100,99029,100,99440,100,99028,100,99469,100,98932,100,99478,100,98758,100,99546,100,98747,100,99585,100,98628,100
2019-06-28 10:06:10.000000000,99254,161,99249,161,99267,108,99229,161,99340,161,99195,161,99363,161,99189,161,99410,161,99029,161,99440,100,99028,100,99469,100,98932,100,99478,100,98758,100,99546,100,98747,100,99585,100,98628,100
2019-06-28 10:06:18.046075582,99254,161,99249,61,99267,108,99229,161,99340,161,99195,161,99363,161,99189,161,99410,161,99029,161,99440,100,98932,100,99469,100,98758,100,99478,100,98747,100,99546,100,98628,100,99585,100,98600,100
2019-06-28 10:06:20.000000000,99254,161,99229,161,99267,108,99195,161,99340,161,99189,161,99363,161,99029,161,99410,161,98932,161,99440,100,98758,100,99469,100,98747,100,99478,100,98628,100,99546,100,98600,100,99585,100,98591,100
2019-06-28 10:06:30.000000000,99254,204,99229,204,99267,148,99195,201,99340,201,99189,201,99363,100,99029,100,99410,100,98932,100,99440,100,98758,100,99469,100,98747,100,99478,100,98628,100,99546,100,98600,100,99585,100,98591,100
2019-06-28 10:06:40.000000000,99254,204,99229,204,99267,148,99195,201,99340,201,99189,201,99363,100,99029,100,99410,100,98932,100,99440,100,98758,100,99469,100,98747,100,99478,100,98628,100,99546,100,98600,100,99585,100,98591,100
2019-06-28 10:06:47.383654733,99254,204,99229,104,99267,148,99195,201,99340,201,99189,201,99363,100,99029,100,99410,100,98932,100,99440,100,98758,100,99469,100,98747,100,99478,100,98628,100,99546,100,98600,100,99585,100,98591,100
2019-06-28 10:06:50.000000000,99254,253,99195,253,99267,200,99189,253,99340,100,99029,100,99363,100,98932,100,99410,100,98758,100,99440,100,98747,100,99469,100,98628,100,99478,100,98600,100,99546,100,98591,100,99585,100,98258,100
2019-06-28 10:07:00.000000000,99254,204,99195,204,99267,148,99189,201,99340,201,99029,201,99363,100,98932,100,99410,100,98758,100,99440,100,98747,100,99469,100,98628,100,99478,100,98600,100,99546,100,98591,100,99585,100,98258,100
2019-06-28 10:07:04.651062299,99254,204,99195,204,99267,148,99189,201,99340,201,99029,201,99363,100,98932,100,99410,100,98758,100,99440,100,98747,100,99469,100,98628,100,99478,100,98606,100,99546,100,98600,100,99585,100,98591,100
2019-06-28 10:07:10.000000000,99254,176,99195,176,99267,123,99189,176,99340,176,99029,176,99363,176,98932,176,99410,100,98758,100,99440,100,98747,100,99469,100,98628,100,99478,100,98606,100,99546,100,98600,100,99585,100,98591,100
2019-06-28 10:07:20.000000000,99254,161,99195,161,99267,108,99189,161,99340,161,99029,161,99363,161,98932,161,99410,161,98758,161,99440,100,98747,100,99469,100,98628,100,99478,100,98606,100,99546,100,98600,100,99585,100,98591,100
2019-06-28 10:07:30.000000000,99254,253,99195,253,99267,200,99189,253,99340,100,99029,100,99363,100,98932,100,99410,100,98758,100,99440,100,98747,100,99469,100,98628,100,99478,100,98606,100,99546,100,98600,100,99585,100,98591,100
2019-06-28 10:07:40.000000000,99254,406,99195,406,99267,47,99189,100,99340,100,99029,100,99363,100,98932,100,99410,100,98758,100,99440,100,98747,100,99469,100,98628,100,99478,100,98606,100,99546,100,98600,100,99585,100,98591,100
2019-06-28 10:07:50.000000000,99254,253,99195,253,99267,200,99189,253,99340,100,99029,100,99363,100,98932,100,99410,100,98758,100,99440,100,98747,100,99469,100,98628,100,99478,100,98606,100,99546,100,98600,100,99585,100,98591,100
2019-06-28 10:07:50.498830669,99254,253,99195,253,99267,200,99189,253,99340,100,99029,100,99363,100,98932,100,99410,100,98758,100,99440,100,98747,100,99478,100,98628,100,99546,100,98606,100,99585,100,98600,100,99752,100,98591,100
2019-06-28 10:08:00.000000000,99254,253,99195,253,99267,200,99189,253,99340,100,99029,100,99363,100,98932,100,99410,100,98758,100,99440,100,98747,100,99478,100,98628,100,99546,100,98606,100,99585,100,98600,100,99752,100,98591,100
2019-06-28 10:08:10.000000000,99254,204,99195,204,99267,148,99189,201,99340,201,99029,201,99363,100,98932,100,99410,100,98758,100,99440,100,98747,100,99478,100,98628,100,99546,100,98606,100,99585,100,98600,100,99752,100,98591,100
2019-06-28 10:08:16.718193873,99254,204,99195,104,99267,148,99189,201,99340,201,99029,201,99363,100,98932,100,99410,100,98758,100,99440,100,98747,100,99478,100,98628,100,99546,100,98606,100,99585,100,98600,100,99752,100,98591,100
2019-06-28 10:08:20.000000000,99254,161,99189,161,99267,108,99029,161,99340,161,98932,161,99363,161,98758,161,99410,161,98747,161,99440,100,98628,100,99478,100,98606,100,99546,100,98600,100,99585,100,98591,100,99752,100,98452,100
2019-06-28 10:08:30.000000000,99254,406,99189,406,99267,47,99029,100,99340,100,98932,100,99363,100,98758,100,99410,100,98747,100,99440,100,98628,100,99478,100,98606,100,99546,100,98600,100,99585,100,98591,100,99752,100,98452,100
2019-06-28 10:08:36.481123595,99254,406,99189,406,99267,47,99029,100,99340,100,98932,100,99410,100,98758,100,99440,100,98747,100,99478,100,98628,100,99546,100,98606,100,99585,100,98600,100,99752,100,98591,100,99762,100,98452,100
2019-06-28 10:08:40.000000000,99254,161,99189,161,99267,108,99029,161,99340,161,98932,161,99410,161,98758,161,99440,161,98747,161,99478,100,98628,100,99546,100,98606,100,99585,100,98600,100,99752,100,98591,100,99762,100,98452,100
2019-06-28 10:08:50.000000000,99254,204,99189,204,99267,148,99029,201,99340,201,98932,201,99410,100,98758,100,99440,100,98747,100,99478,100,98628,100,99546,100,98606,100,99585,100,98600,100,99752,100,98591,100,99762,100,98452,100
2019-06-28 10:09:00.000000000,99254,161,99189,161,99267,108,99029,161,99340,161,98932,161,99410,161,98758,161,99440,161,98747,161,99478,100,98628,100,99546,100,98606,100,99585,100,98600,100,99752,100,98591,100,99762,100,98452,100
2019-06-28 10:09:04.515736267,99254,161,99221,100,99267,108,99189,161,99340,161,99029,161,99410,161,98932,161,99440,161,98758,161,99478,100,98747,161,99546,100,98628,100,99585,100,98606,100,99752,100,98600,100,99762,100,98591,100
2019-06-28 10:09:10.000000000,99254,253,99221,253,99267,200,99189,253,99340,100,99029,100,99410,100,98932,100,99440,100,98758,100,99478,100,98747,100,99546,100,98628,100,99585,100,98606,100,99752,100,98600,100,99762,100,98591,100
2019-06-28 10:09:20.000000000,99254,406,99221,406,99267,47,99189,100,99340,100,99029,100,99410,100,98932,100,99440,100,98758,100,99478,100,98747,100,99546,100,98628,100,99585,100,98606,100,99752,100,98600,100,99762,100,98591,100
2019-06-28 10:09:23.402602278,99254,406,99221,406,99267,47,99189,100,99340,100,99031,100,99410,100,99029,100,99440,100,98932,100,99546,100,98758,100,99585,100,98747,100,99752,100,98628,100,99762,100,98606,100,99823,100,98600,100
2019-06-28 10:09:30.000000000,99254,253,99221,253,99267,200,99189,253,99340,100,99031,100,99410,100,99029,100,99440,100,98932,100,99546,100,98758,100,99585,100,98747,100,99752,100,98628,100,99762,100,98606,100,99823,100,98600,100
2019-06-28 10:09:40.000000000,99254,176,99221,176,99267,123,99189,176,99340,176,99031,176,99410,176,99029,176,99440,100,98932,100,99546,100,98758,100,99585,100,98747,100,99752,100,98628,100,99762,100,98606,100,99823,100,98600,100
2019-06-28 10:09:49.346915807,99229,100,99221,176,99254,176,99189,176,99267,123,99031,176,99340,176,99029,176,99410,176,98932,100,99440,100,98758,100,99546,100,98747,100,99585,100,98628,100,99752,100,98606,100,99762,100,98600,100
2019-06-28 10:09:50.000000000,99229,161,99221,161,99254,161,99189,161,99267,108,99031,161,99340,161,99029,161,99410,161,98932,161,99440,100,98758,100,99546,100,98747,100,99585,100,98628,100,99752,100,98606,100,99762,100,98600,100
2019-06-28 10:09:50.387290588,99229,161,99221,161,99254,161,99189,161,99267,108,99093,100,99340,161,99031,161,99410,161,99029,161,99440,100,98932,161,99546,100,98758,100,99585,100,98747,100,99752,100,98628,100,99762,100,98606,100
2019-06-28 10:09:55.073247073,99229,161,99221,61,99254,161,99189,161,99267,108,99093,100,99340,161,99031,161,99410,161,99029,161,99440,100,98932,161,99546,100,98758,100,99585,100,98747,100,99752,100,98628,100,99762,100,98606,100
2019-06-28 10:09:55.248568764,99221,39,99189,161,99229,161,99031,161,99254,161,99029,161,99267,108,98932,161,99340,161,98758,100,99410,161,98747,100,99440,100,98628,100,99546,100,98606,100,99585,100,98600,100,99752,100,98591,100
2019-06-28 10:10:00.000000000,99221,100,99189,161,99229,161,99031,161,99254,161,99029,161,99267,108,98932,161,99340,161,98758,161,99410,100,98747,100,99440,100,98628,100,99546,100,98606,100,99585,100,98600,100,99752,100,98591,100
2019-06-28 10:10:10.000000000,99221,345,99189,406,99229,100,99031,100,99254,100,99029,100,99267,47,98932,100,99340,100,98758,100,99410,100,98747,100,99440,100,98628,100,99546,100,98606,100,99585,100,98600,100,99752,100,98591,100
2019-06-28 10:10:20.000000000,99221,143,99189,204,99229,201,99031,201,99254,201,99029,201,99267,47,98932,100,99340,100,98758,100,99410,100,98747,100,99440,100,98628,100,99546,100,98606,100,99585,100,98600,100,99752,100,98591,100
2019-06-28 10:10:24.078003600,99221,143,99189,204,99229,201,99031,201,99254,201,99029,201,99267,47,98932,100,99340,100,98758,100,99410,100,98747,100,99440,100,98719,100,99546,100,98628,100,99585,100,98606,100,99752,100,98600,100
2019-06-28 10:10:30.000000000,99221,100,99189,161,99229,161,99031,161,99254,161,99029,161,99267,108,98932,161,99340,161,98758,161,99410,100,98747,100,99440,100,98719,100,99546,100,98628,100,99585,100,98606,100,99752,100,98600,100
