,ask_price_1,ask_size_1,bid_price_1,bid_size_1,ask_price_2,ask_size_2,bid_price_2,bid_size_2,ask_price_3,ask_size_3,bid_price_3,bid_size_3,ask_price_4,ask_size_4,bid_price_4,bid_size_4,ask_price_5,ask_size_5,bid_price_5,bid_size_5,ask_price_6,ask_size_6,bid_price_6,bid_size_6,ask_price_7,ask_size_7,bid_price_7,bid_size_7,ask_price_8,ask_size_8,bid_price_8,bid_size_8,ask_price_9,ask_size_9,bid_price_9,bid_size_9,ask_price_10,ask_size_10,bid_price_10,bid_size_10
2019-06-28 09:30:00.000000000,,,99918,100,,,,,,,,,,,,,,,,,,,,,,,,,,,,,,,,,,,,
2019-06-28 09:30:00.000000001,100109,100,99918,100,100123,100,,,,,,,,,,,,,,,,,,,,,,,,,,,,,,,,,,
2019-06-28 09:30:00.000000002,100109,100,99918,100,100123,100,99890,100,,,,,,,,,,,,,,,,,,,,,,,,,,,,,,,,
2019-06-28 09:30:00.000000003,100051,100,99918,100,100109,100,99890,100,100123,100,,,100187,100,,,,,,,,,,,,,,,,,,,,,,,,,,
2019-06-28 09:30:00.000000006,100051,100,100012,100,100109,100,99918,100,100123,100,99890,100,100187,100,,,,,,,,,,,,,,,,,,,,,,,,,,
2019-06-28 09:30:00.000000007,100051,100,100012,100,100109,100,99918,100,100123,100,99890,100,100187,100,99882,100,,,,,,,,,,,,,,,,,,,,,,,,
2019-06-28 09:30:00.000000008,100051,100,100012,100,100109,100,99918,100,100123,100,99890,100,100157,100,99882,100,100187,100,,,,,,,,,,,,,,,,,,,,,,
2019-06-28 09:30:00.000000009,100051,100,100012,100,100109,100,99973,100,100123,100,99918,100,100157,100,99890,100,100187,100,99882,100,,,,,,,,,,,,,,,,,,,,
2019-06-28 09:30:00.000000010,100051,100,100012,100,100109,100,99973,100,100123,100,99918,100,100157,100,99890,100,100187,100,99882,100,,,99822,100,,,,,,,,,,,,,,,,
2019-06-28 09:30:00.000000011,100051,100,100012,100,100109,100,99973,100,100123,100,99918,100,100157,100,99890,100,100187,100,99882,100,,,99854,100,,,99822,100,,,,,,,,,,,,
2019-06-28 09:30:00.000000012,100051,100,100021,100,100109,100,100012,100,100123,100,99973,100,100157,100,99924,100,100158,100,99918,100,100187,100,99890,100,,,99882,100,,,99854,100,,,99822,100,,,,
2019-06-28 09:30:00.000000014,100051,100,100045,100,100109,100,100021,100,100123,100,100012,100,100157,100,99973,100,100158,100,99924,100,100187,100,99918,100,,,99890,100,,,99882,100,,,99854,100,,,99822,100
2019-06-28 09:30:00.000000020,100051,100,100045,100,100109,100,100021,100,100123,100,100012,100,100157,100,99977,100,100158,100,99973,100,100187,100,99924,100,,,99918,100,,,99890,100,,,99882,100,,,99854,100
2019-06-28 09:30:00.000000021,100051,100,100045,100,100109,100,100021,100,100123,100,100012,100,100157,100,99980,100,100158,100,99977,100,100187,100,99973,100,,,99924,100,,,99918,100,,,99890,100,,,99882,100
2019-06-28 09:30:00.000000022,100051,100,100021,100,100085,100,100012,100,100109,100,99980,100,100123,100,99977,100,100157,100,99973,100,100158,100,99924,100,100187,100,99918,100,,,99890,100,,,99882,100,,,99854,100
2019-06-28 09:30:00.000000023,100045,100,100012,100,100051,100,99980,100,100085,100,99977,100,100109,100,99973,100,100123,100,99924,100,100157,100,99918,100,100158,100,99890,100,100187,100,99882,100,,,99854,100,,,99841,100
2019-06-28 09:30:00.000000026,100045,100,100012,100,100051,100,99980,100,100084,100,99977,100,100085,100,99973,100,100109,100,99924,100,100123,100,99918,100,100157,100,99890,100,100158,100,99882,100,100187,100,99854,100,,,99841,100
2019-06-28 09:30:00.000000027,100045,100,100012,100,100051,100,99980,100,100084,100,99977,100,100085,100,99973,100,100098,100,99924,100,100109,100,99918,100,100123,100,99890,100,100157,100,99882,100,100158,100,99854,100,100187,100,99841,100
2019-06-28 09:30:00.000000029,100045,100,100012,100,100051,100,99980,100,100073,100,99977,100,100084,100,99973,100,100085,100,99924,100,100098,100,99918,100,100109,100,99890,100,100123,100,99882,100,100157,100,99854,100,100158,100,99841,100
2019-06-28 09:30:00.000000030,100045,100,100012,100,100051,100,99980,100,100073,100,99977,100,100075,100,99973,100,100084,100,99924,100,100085,100,99918,100,100098,100,99890,100,100109,100,99882,100,100123,100,99854,100,100157,100,99841,100
2019-06-28 09:30:00.000000033,100045,100,100012,100,100051,100,99998,100,100073,100,99980,100,100075,100,99977,100,100084,100,99973,100,100085,100,99924,100,100098,100,99918,100,100109,100,99890,100,100123,100,99882,100,100134,100,99854,100
2019-06-28 09:30:00.000000034,100045,100,100012,100,100048,100,99998,100,100051,100,99980,100,100073,100,99977,100,100075,100,99973,100,100084,100,99924,100,100085,100,99918,100,100098,100,99890,100,100109,100,99882,100,100123,100,99854,100
2019-06-28 09:30:00.000000037,100045,100,100012,100,100048,100,99998,100,100051,100,99980,100,100073,100,99977,100,100075,100,99973,100,100084,100,99924,100,100085,100,99918,200,100098,100,99890,100,100109,100,99882,100,100123,100,99861,100
2019-06-28 09:30:00.000000040,100045,100,100021,100,100048,100,100012,100,100051,100,99998,100,100073,100,99980,100,100075,100,99977,100,100084,100,99973,100,100085,100,99924,100,100098,100,99918,200,100109,100,99890,100,100123,100,99882,100
2019-06-28 09:30:00.000000041,100045,100,100021,100,100048,100,100012,100,100051,100,99998,100,100073,100,99980,100,100075,100,99977,100,100084,100,99973,100,100085,100,99924,100,100098,100,99918,200,100109,100,99890,100,100123,100,99882,100
2019-06-28 09:30:00.000000043,100045,100,100021,100,100048,100,100012,100,100051,100,99998,100,100073,100,99980,100,100075,100,99977,100,100084,100,99973,100,100085,100,99924,100,100098,100,99918,200,100109,100,99890,100,100123,100,99882,100
2019-06-28 09:30:00.000000049,100045,100,100021,100,100048,100,100012,100,100051,100,99998,100,100073,100,99980,100,100075,100,99977,100,100084,100,99973,100,100085,100,99924,100,100098,100,99918,200,100109,100,99890,200,100123,100,99882,100
2019-06-28 09:30:00.000000050,100045,100,100021,100,100048,100,100012,100,100051,100,99998,100,100073,100,99980,100,100075,100,99977,100,100084,100,99973,100,100085,100,99924,100,100096,100,99918,200,100098,100,99890,200,100109,100,99882,100
2019-06-28 09:30:00.000000054,100045,200,100021,100,100048,100,100012,100,100051,100,99998,100,100073,100,99980,100,100075,100,99977,100,100084,100,99973,100,100085,100,99924,100,100096,100,99918,200,100098,100,99890,200,100109,100,99882,100
2019-06-28 09:30:00.000000055,100045,200,100021,100,100048,100,100012,100,100051,100,99998,100,100058,100,99980,100,100073,100,99977,100,100075,100,99973,100,100084,100,99924,100,100085,100,99918,200,100096,100,99890,200,100098,100,99882,100
2019-06-28 09:30:00.000000056,100045,200,100021,100,100048,100,100012,100,100051,100,99998,100,100058,100,99980,100,100073,100,99977,100,100075,100,99973,100,100084,100,99924,100,100085,100,99918,200,100087,100,99890,200,100096,100,99882,100
2019-06-28 09:30:00.000000057,100045,300,100021,100,100048,100,100012,100,100051,100,99998,100,100058,100,99980,100,100073,100,99977,100,100075,100,99973,100,100084,100,99924,100,100085,100,99918,200,100087,100,99890,200,100096,100,99882,100
2019-06-28 09:30:00.000000059,100045,300,100021,100,100048,100,100012,100,100051,100,99998,100,100058,100,99980,100,100073,100,99977,100,100075,100,99973,100,100084,100,99956,100,100085,100,99924,100,100087,100,99918,200,100096,100,99890,200
2019-06-28 09:30:00.000000062,100045,300,100021,100,100048,100,100012,100,100051,100,99998,100,100058,100,99980,100,100073,100,99977,100,100075,100,99973,100,100084,100,99964,100,100085,100,99956,100,100087,100,99924,100,100096,100,99918,200
2019-06-28 09:30:00.000000063,100045,300,100021,100,100048,100,100012,100,100051,100,99998,100,100058,100,99980,100,100073,100,99977,100,100075,100,99973,100,100083,100,99964,100,100084,100,99956,100,100085,100,99924,100,100087,100,99918,200
2019-06-28 09:30:00.000000064,100045,300,100021,100,100048,100,100012,100,100051,100,99998,100,100058,100,99987,100,100073,100,99980,100,100075,100,99977,100,100083,100,99973,100,100084,100,99964,100,100085,100,99956,100,100087,100,99924,100
2019-06-28 09:30:00.000000065,100045,300,100021,100,100048,100,100012,100,100051,100,99998,100,100058,100,99987,100,100073,100,99980,100,100075,100,99977,100,100083,100,99973,100,100084,100,99964,100,100085,100,99956,100,100087,100,99924,100
2019-06-28 09:30:00.000000066,100045,200,100021,100,100048,100,100012,100,100051,100,99998,100,100058,100,99987,100,100073,100,99980,100,100075,100,99977,100,100083,100,99973,100,100084,100,99964,100,100085,100,99956,100,100087,100,99924,100
2019-06-28 09:30:00.000000069,100045,200,100021,100,100048,100,100012,100,100051,100,99998,100,100058,100,99987,100,100073,100,99981,100,100075,100,99980,100,100083,100,99977,100,100084,100,99973,100,100085,100,99964,100,100087,100,99956,100
2019-06-28 09:30:00.000000071,100045,200,100022,100,100048,100,100021,100,100051,100,100012,100,100058,100,99998,100,100073,100,99987,100,100075,100,99981,100,100083,100,99980,100,100084,100,99977,100,100085,100,99973,100,100087,100,99964,100
2019-06-28 09:30:00.000000073,100025,100,100022,100,100045,200,100021,100,100048,100,100012,100,100051,100,99998,100,100058,100,99987,100,100073,100,99981,100,100075,100,99980,100,100083,100,99977,100,100084,100,99973,100,100085,100,99964,100
2019-06-28 09:30:00.000000074,100025,100,100021,100,100045,200,100012,100,100048,100,99998,100,100051,100,99987,100,100058,100,99981,100,100073,100,99980,100,100075,100,99977,100,100083,100,99973,100,100084,100,99964,100,100085,100,99956,100
2019-06-28 09:30:00.000000075,100025,100,100021,100,100045,200,100012,100,100048,100,99998,100,100051,100,99992,100,100058,100,99987,100,100073,100,99981,100,100075,100,99980,100,100079,100,99977,100,100083,100,99973,100,100084,100,99964,100
2019-06-28 09:30:00.000000081,100025,100,100021,100,100045,200,100012,100,100048,100,99998,100,100051,100,99992,100,100058,100,99987,100,100073,100,99981,100,100075,100,99980,100,100079,100,99977,100,100083,100,99973,100,100084,100,99964,100
2019-06-28 09:30:00.000000084,100025,200,100021,100,100045,200,100012,100,100048,100,99998,100,100051,100,99992,100,100058,100,99987,100,100073,100,99981,100,100075,100,99980,100,100079,100,99977,100,100083,100,99973,100,100084,100,99964,100
2019-06-28 09:30:00.000000086,100025,200,100021,100,100044,100,100012,100,100045,200,99998,100,100048,100,99992,100,100051,100,99987,100,100058,100,99981,100,100073,100,99980,100,100075,100,99977,100,100079,100,99973,100,100083,100,99964,100
2019-06-28 09:30:00.000000087,100025,200,100021,100,100044,100,100012,100,100045,200,99998,100,100048,100,99992,100,100051,100,99987,100,100058,100,99981,100,100073,100,99980,100,100075,100,99977,100,100079,100,99973,100,100083,100,99964,100
2019-06-28 09:30:00.000000091,100025,200,100021,100,100044,100,100012,100,100045,200,99998,100,100048,100,99992,100,100051,100,99987,100,100058,100,99981,100,100073,100,99980,100,100075,100,99977,100,100079,100,99973,100,100083,100,99964,100
2019-06-28 09:30:00.000000092,100025,200,100021,100,100044,100,100012,100,100045,200,99998,100,100048,100,99992,100,100051,100,99987,100,100058,100,99981,100,100073,100,99980,100,100075,100,99977,100,100079,100,99973,200,100083,100,99964,100
2019-06-28 09:30:00.000000095,100025,200,100021,100,100044,100,100012,100,100045,200,99998,100,100048,100,99992,100,100051,100,99987,100,100058,100,99981,100,100073,100,99980,100,100075,100,99977,100,100079,100,99973,200,100083,100,99970,100
2019-06-28 09:30:00.000000096,100025,200,100021,100,100044,100,100012,100,100045,200,99998,100,100048,100,99992,100,100051,100,99987,100,100058,100,99981,100,100073,100,99980,100,100075,100,99977,100,100079,100,99973,200,100083,100,99970,100
2019-06-28 09:30:00.000000097,100025,200,100021,100,100044,100,100012,100,100045,200,99998,100,100048,100,99992,100,100051,100,99987,100,100058,100,99981,100,100073,100,99980,100,100075,100,99977,100,100079,100,99973,200,100083,100,99970,100
2019-06-28 09:30:00.000000098,100025,200,100021,100,100044,100,100012,100,100045,200,99998,100,100048,100,99992,100,100051,100,99987,100,100058,100,99981,100,100073,100,99980,100,100075,100,99977,100,100079,100,99973,200,100083,100,99970,100
2019-06-28 09:30:00.000000099,100025,200,100021,100,100044,100,100012,100,100045,200,99998,100,100048,100,99992,100,100051,100,99987,100,100058,100,99981,100,100073,100,99980,100,100075,100,99977,100,100079,100,99973,200,100083,100,99970,100
2019-06-28 09:30:01.958950449,100024,100,100021,100,100025,200,100012,100,100044,100,99998,100,100045,200,99992,100,100048,100,99987,100,100051,100,99981,100,100058,100,99980,100,100073,100,99977,100,100075,100,99973,200,100079,100,99970,100
2019-06-28 09:30:10.000000000,100024,196,100021,196,100025,296,100012,196,100044,196,99998,196,100045,296,99992,196,100048,100,99987,100,100051,100,99981,100,100058,100,99980,100,100073,100,99977,100,100075,100,99973,200,100079,100,99970,100
2019-06-28 09:30:20.000000000,100024,292,100021,292,100025,392,100012,292,100044,100,99998,100,100045,200,99992,100,100048,100,99987,100,100051,100,99981,100,100058,100,99980,100,100073,100,99977,100,100075,100,99973,200,100079,100,99970,100
2019-06-28 09:30:21.852451844,100024,292,100022,100,100025,392,100021,292,100044,100,100012,292,100045,200,99998,100,100048,100,99992,100,100051,100,99987,100,100058,100,99981,100,100073,100,99980,100,100075,100,99977,100,100079,100,99973,200
2019-06-28 09:30:30.000000000,100024,177,100022,177,100025,277,100021,177,100044,177,100012,177,100045,277,99998,177,100048,177,99992,177,100051,100,99987,100,100058,100,99981,100,100073,100,99980,100,100075,100,99977,100,100079,100,99973,200
2019-06-28 09:30:39.307651608,100024,177,100022,77,100025,277,100021,177,100044,177,100012,177,100045,277,99998,177,100048,177,99992,177,100051,100,99987,100,100058,100,99981,100,100073,100,99980,100,100075,100,99977,100,100079,100,99973,200
2019-06-28 09:30:40.000000000,100024,231,100021,231,100025,327,100012,227,100044,227,99998,227,100045,200,99992,100,100048,100,99987,100,100051,100,99981,100,100058,100,99980,100,100073,100,99977,100,100075,100,99973,200,100079,100,99970,100
2019-06-28 09:30:42.389412474,100022,100,100021,231,100024,231,100012,227,100025,327,99998,227,100044,227,99992,100,100045,200,99987,100,100048,100,99981,100,100051,100,99980,100,100058,100,99977,100,100073,100,99973,100,100075,100,99970,100
2019-06-28 09:30:48.165968014,100022,200,100021,231,100024,231,100012,227,100025,327,99998,227,100044,227,99992,100,100045,200,99987,100,100048,100,99981,100,100051,100,99980,100,100058,100,99977,100,100073,100,99973,100,100075,100,99970,100
2019-06-28 09:30:50.000000000,100022,277,100021,177,100024,177,100012,177,100025,277,99998,177,100044,177,99992,177,100045,277,99987,177,100048,100,99981,100,100051,100,99980,100,100058,100,99977,100,100073,100,99973,100,100075,100,99970,100
2019-06-28 09:30:51.433769262,100022,277,100021,77,100024,177,100012,177,100025,277,99998,177,100044,177,99992,177,100045,277,99987,177,100048,100,99981,100,100051,100,99980,100,100058,100,99977,100,100073,100,99973,100,100075,100,99970,100
2019-06-28 09:31:00.000000000,100022,296,100012,196,100024,196,99998,196,100025,296,99992,196,100044,196,99987,196,100045,200,99981,100,100048,100,99980,100,100051,100,99977,100,100058,100,99973,100,100073,100,99970,100,100075,100,99956,100
2019-06-28 09:31:04.596460109,100021,100,100012,196,100022,296,99998,196,100024,196,99992,196,100025,296,99987,196,100044,196,99981,100,100045,200,99980,100,100048,100,99977,100,100051,100,99973,100,100058,100,99970,100,100073,100,99956,100
2019-06-28 09:31:09.105560513,100021,100,100012,196,100022,296,99998,196,100024,196,99992,196,100025,296,99987,196,100044,196,99981,100,100045,200,99980,100,100048,100,99977,100,100051,100,99973,100,100058,100,99970,100,100073,100,99956,100
2019-06-28 09:31:10.000000000,100021,484,100012,484,100022,200,99998,100,100024,100,99992,100,100025,200,99987,100,100044,100,99981,100,100045,200,99980,100,100048,100,99977,100,100051,100,99973,100,100058,100,99970,100,100073,100,99956,100
2019-06-28 09:31:15.596307977,100021,384,100012,484,100022,200,99998,100,100024,100,99992,100,100025,200,99987,100,100044,100,99981,100,100045,200,99980,100,100048,100,99977,100,100051,100,99973,100,100058,100,99970,100,100073,100,99956,100
2019-06-28 09:31:20.000000000,100022,331,100012,231,100024,227,99998,227,100025,327,99992,227,100044,100,99987,100,100045,200,99981,100,100048,100,99980,100,100051,100,99977,100,100058,100,99973,100,100073,100,99970,100,100075,100,99956,100
2019-06-28 09:31:21.722810347,100022,331,100012,231,100024,227,99998,227,100025,327,99992,227,100044,100,99987,100,100045,200,99981,100,100047,100,99980,100,100048,100,99977,100,100051,100,99973,100,100058,100,99970,100,100073,100,99956,100
2019-06-28 09:31:30.000000000,100022,277,100012,177,100024,177,99998,177,100025,277,99992,177,100044,177,99987,177,100045,277,99981,177,100047,100,99980,100,100048,100,99977,100,100051,100,99973,100,100058,100,99970,100,100073,100,99956,100
2019-06-28 09:31:35.854046888,100022,277,100012,177,100024,177,99998,177,100025,177,99992,177,100044,177,99987,177,100045,277,99981,177,100047,100,99980,100,100048,100,99977,100,100051,100,99973,100,100058,100,99970,100,100068,100,99956,100
2019-06-28 09:31:36.146805220,100022,277,100012,177,100024,177,99998,177,100025,177,99992,177,100044,177,99987,177,100045,277,99981,177,100047,100,99980,100,100048,100,99977,100,100051,100,99973,100,100058,100,99970,100,100068,100,99956,100
2019-06-28 09:31:37.922047280,100022,177,100012,177,100024,177,99998,177,100025,177,99992,177,100044,177,99987,177,100045,277,99981,177,100047,100,99980,100,100048,100,99977,100,100051,100,99973,100,100058,100,99970,100,100068,100,99956,100
2019-06-28 09:31:40.000000000,100022,292,100012,292,100024,292,99998,292,100025,100,99992,100,100044,100,99987,100,100045,200,99981,100,100047,100,99980,100,100048,100,99977,100,100051,100,99973,100,100058,100,99970,100,100068,100,99956,100
2019-06-28 09:31:46.722642376,100022,292,100012,292,100024,292,99998,292,100025,100,99992,100,100044,100,99987,100,100045,200,99981,100,100047,100,99980,100,100048,100,99977,100,100051,100,99973,100,100058,100,99970,100,100068,100,99956,100
2019-06-28 09:31:50.000000000,100022,196,100012,196,100024,196,99998,196,100025,196,99992,196,100044,196,99987,196,100045,200,99981,100,100047,100,99980,100,100048,100,99977,100,100051,100,99973,100,100058,100,99970,100,100068,100,99956,100
2019-06-28 09:32:00.000000000,100022,292,100012,292,100024,292,99998,292,100025,100,99992,100,100044,100,99987,100,100045,200,99981,100,100047,100,99980,100,100048,100,99977,100,100051,100,99973,100,100058,100,99970,100,100068,100,99956,100
2019-06-28 09:32:00.234177900,100020,100,100012,292,100022,192,99998,292,100024,292,99992,100,100025,100,99987,100,100044,100,99981,100,100045,200,99980,100,100047,100,99977,100,100048,100,99973,100,100051,100,99970,100,100058,100,99956,100
2019-06-28 09:32:08.869906276,100020,100,100012,192,100022,192,99998,292,100024,292,99992,100,100025,100,99987,100,100044,100,99981,100,100045,200,99980,100,100047,100,99977,100,100048,100,99973,100,100051,100,99970,100,100058,100,99956,100
2019-06-28 09:32:10.000000000,100020,231,99998,231,100024,227,99992,227,100025,227,99987,227,100044,100,99981,100,100045,200,99980,100,100047,100,99977,100,100048,100,99973,100,100051,100,99970,100,100058,100,99956,100,100068,100,99931,100
2019-06-28 09:32:20.000000000,100020,484,99998,484,100024,100,99992,100,100025,100,99987,100,100044,100,99981,100,100045,200,99980,100,100047,100,99977,100,100048,100,99973,100,100051,100,99970,100,100058,100,99956,100,100068,100,99931,100
2019-06-28 09:32:21.282312608,100020,484,100013,100,100024,100,99998,484,100025,100,99992,100,100044,100,99987,100,100045,200,99981,100,100047,100,99980,100,100048,100,99977,100,100051,100,99973,100,100058,100,99970,100,100068,100,99956,100
2019-06-28 09:32:30.000000000,100020,231,100013,231,100024,227,99998,227,100025,227,99992,227,100044,100,99987,100,100045,200,99981,100,100047,100,99980,100,100048,100,99977,100,100051,100,99973,100,100058,100,99970,100,100068,100,99956,100
2019-06-28 09:32:39.878469619,100020,231,100013,231,100024,227,99998,227,100025,227,99992,227,100044,100,99987,100,100045,200,99981,100,100047,100,99980,100,100048,100,99977,100,100051,100,99973,100,100058,100,99970,100,100068,100,99956,100
2019-06-28 09:32:40.000000000,100020,292,100013,292,100024,292,99998,292,100025,100,99992,100,100044,100,99987,100,100045,200,99981,100,100047,100,99980,100,100048,100,99977,100,100051,100,99973,100,100058,100,99970,100,100068,100,99956,100
2019-06-28 09:32:50.000000000,100020,177,100013,177,100024,177,99998,177,100025,177,99992,177,100044,177,99987,177,100045,277,99981,177,100047,100,99980,100,100048,100,99977,100,100051,100,99973,100,100058,100,99970,100,100068,100,99956,100
2019-06-28 09:32:52.170969333,100020,177,100013,177,100024,177,99998,177,100025,177,99992,177,100044,177,99987,177,100045,277,99981,177,100047,100,99980,100,100048,100,99977,100,100051,100,99973,100,100058,100,99970,100,100068,100,99956,100
2019-06-28 09:32:52.625873793,100020,177,100013,177,100024,177,99998,177,100025,177,99992,177,100044,177,99987,177,100045,277,99981,177,100047,100,99980,100,100048,100,99977,100,100051,100,99973,100,100058,100,99970,100,100068,100,99956,100
2019-06-28 09:33:00.000000000,100020,196,100013,196,100024,196,99998,196,100025,196,99992,196,100044,196,99987,196,100045,200,99981,100,100047,100,99980,100,100048,100,99977,100,100051,100,99973,100,100058,100,99970,100,100068,100,99956,100
2019-06-28 09:33:10.000000000,100020,292,100013,292,100024,292,99998,292,100025,100,99992,100,100044,100,99987,100,100045,200,99981,100,100047,100,99980,100,100048,100,99977,100,100051,100,99973,100,100058,100,99970,100,100068,100,99956,100
2019-06-28 09:33:12.839068615,100020,292,100013,292,100024,292,99998,292,100025,100,99992,100,100044,100,99987,100,100045,200,99981,100,100047,100,99980,100,100048,100,99977,100,100051,100,99973,100,100058,100,99970,100,100068,100,99956,100
2019-06-28 09:33:15.384716300,100020,192,100013,292,100024,292,99998,292,100025,100,99992,100,100044,100,99987,100,100045,200,99981,100,100047,100,99977,100,100048,100,99973,100,100051,100,99970,100,100058,100,99956,100,100068,100,99931,100
2019-06-28 09:33:20.000000000,100024,196,100013,196,100025,196,99998,196,100044,196,99992,196,100045,296,99987,196,100047,100,99981,100,100048,100,99977,100,100051,100,99973,100,100058,100,99970,100,100068,100,99956,100,100073,100,99931,100
2019-06-28 09:33:30.000000000,100024,196,100013,196,100025,196,99998,196,100044,196,99992,196,100045,296,99987,196,100047,100,99981,100,100048,100,99977,100,100051,100,99973,100,100058,100,99970,100,100068,100,99956,100,100073,100,99931,100
2019-06-28 09:33:40.000000000,100024,484,100013,484,100025,100,99998,100,100044,100,99992,100,100045,200,99987,100,100047,100,99981,100,100048,100,99977,100,100051,100,99973,100,100058,100,99970,100,100068,100,99956,100,100073,100,99931,100
2019-06-28 09:33:50.000000000,100024,484,100013,484,100025,100,99998,100,100044,100,99992,100,100045,200,99987,100,100047,100,99981,100,100048,100,99977,100,100051,100,99973,100,100058,100,99970,100,100068,100,99956,100,100073,100,99931,100
2019-06-28 09:34:00.000000000,100024,484,100013,484,100025,100,99998,100,100044,100,99992,100,100045,200,99987,100,100047,100,99981,100,100048,100,99977,100,100051,100,99973,100,100058,100,99970,100,100068,100,99956,100,100073,100,99931,100
2019-06-28 09:34:07.018946377,100024,484,100013,484,100025,100,99998,100,100044,100,99992,100,100045,200,99987,100,100047,100,99981,100,100048,100,99977,100,100051,100,99973,100,100058,100,99970,100,100068,100,99956,100,100073,100,99931,100
2019-06-28 09:34:10.000000000,100024,196,100013,196,100025,196,99998,196,100044,196,99992,196,100045,296,99987,196,100047,100,99981,100,100048,100,99977,100,100051,100,99973,100,100058,100,99970,100,100068,100,99956,100,100073,100,99931,100
2019-06-28 09:34:19.122630199,100024,96,100013,196,100025,196,99998,196,100044,196,99992,196,100045,296,99987,196,100047,100,99981,100,100048,100,99977,100,100051,100,99973,100,100058,100,99970,100,100068,100,99956,100,100075,100,99931,100
2019-06-28 09:34:20.000000000,100025,231,100013,231,100044,227,99998,227,100045,327,99992,227,100047,100,99987,100,100048,100,99981,100,100051,100,99977,100,100058,100,99973,100,100068,100,99970,100,100075,100,99956,100,100083,100,99931,100
2019-06-28 09:34:30.000000000,100025,231,100013,231,100044,227,99998,227,100045,327,99992,227,100047,100,99987,100,100048,100,99981,100,100051,100,99977,100,100058,100,99973,100,100068,100,99970,100,100075,100,99956,100,100083,100,99931,100
2019-06-28 09:34:35.007220875,100025,231,100013,231,100044,227,99998,227,100045,327,99992,227,100047,100,99987,100,100048,100,99981,100,100051,100,99977,100,100058,100,99973,100,100068,100,99970,100,100075,100,99956,100,100083,100,99931,100
2019-06-28 09:34:40.000000000,100025,484,100013,484,100044,100,99998,100,100045,200,99992,100,100047,100,99987,100,100048,100,99981,100,100051,100,99977,100,100058,100,99973,100,100068,100,99970,100,100075,100,99956,100,100083,100,99931,100
2019-06-28 09:34:48.472927624,100025,384,100013,484,100044,100,99998,100,100045,200,99992,100,100047,100,99987,100,100048,100,99981,100,100051,100,99977,100,100058,100,99973,100,100068,100,99970,100,100075,100,99956,100,100083,100,99931,100
2019-06-28 09:34:50.000000000,100044,196,100013,196,100045,296,99998,196,100047,196,99992,196,100048,196,99987,196,100051,100,99981,100,100058,100,99977,100,100068,100,99973,100,100075,100,99970,100,100083,100,99956,100,100085,100,99931,100
2019-06-28 09:34:52.337576994,100044,96,100013,196,100045,296,99998,196,100047,196,99992,196,100048,196,99987,196,100051,100,99981,100,100058,100,99977,100,100068,100,99973,100,100075,100,99970,100,100083,100,99956,100,100085,100,99931,100
2019-06-28 09:35:00.000000000,100045,331,100013,231,100047,227,99998,227,100048,227,99992,227,100051,100,99987,100,100058,100,99981,100,100068,100,99977,100,100075,100,99973,100,100083,100,99970,100,100085,100,99956,100,100098,100,99931,100
2019-06-28 09:35:10.000000000,100045,277,100013,177,100047,177,99998,177,100048,177,99992,177,100051,177,99987,177,100058,177,99981,177,100068,100,99977,100,100075,100,99973,100,100083,100,99970,100,100085,100,99956,100,100098,100,99931,100
2019-06-28 09:35:20.000000000,100045,392,100013,292,100047,292,99998,292,100048,100,99992,100,100051,100,99987,100,100058,100,99981,100,100068,100,99977,100,100075,100,99973,100,100083,100,99970,100,100085,100,99956,100,100098,100,99931,100
2019-06-28 09:35:22.703225405,100045,392,100025,100,100047,292,100013,292,100048,100,99998,292,100051,100,99992,100,100058,100,99987,100,100068,100,99981,100,100075,100,99977,100,100083,100,99973,100,100085,100,99970,100,100098,100,99956,100
2019-06-28 09:35:27.552401782,100045,292,100025,100,100047,292,100013,292,100048,100,99998,292,100051,100,99992,100,100058,100,99987,100,100068,100,99981,100,100075,100,99977,100,100083,100,99973,100,100085,100,99970,100,100098,100,99956,100
2019-06-28 09:35:30.000000000,100045,484,100025,484,100047,100,100013,100,100048,100,99998,100,100051,100,99992,100,100058,100,99987,100,100068,100,99981,100,100075,100,99977,100,100083,100,99973,100,100085,100,99970,100,100098,100,99956,100
2019-06-28 09:35:32.544527722,100045,384,100025,484,100047,100,100013,100,100048,100,99998,100,100051,100,99992,100,100058,100,99987,100,100068,100,99981,100,100075,100,99977,100,100083,100,99973,100,100085,100,99970,100,100098,100,99956,100
2019-06-28 09:35:40.000000000,100047,292,100025,292,100048,292,100013,292,100051,100,99998,100,100058,100,99992,100,100068,100,99987,100,100075,100,99981,100,100083,100,99977,100,100085,100,99973,100,100098,100,99970,100,100109,200,99956,100
2019-06-28 09:35:40.349214621,100047,292,100045,100,100048,292,100025,292,100051,100,100013,292,100058,100,99998,100,100068,100,99992,100,100075,100,99987,100,100083,100,99981,100,100085,100,99977,100,100098,100,99973,100,100109,200,99970,100
2019-06-28 09:35:50.000000000,100047,177,100045,177,100048,177,100025,177,100051,177,100013,177,100058,177,99998,177,100068,177,99992,177,100075,100,99987,100,100083,100,99981,100,100085,100,99977,100,100098,100,99973,100,100109,200,99970,100
2019-06-28 09:36:00.000000000,100047,484,100045,484,100048,100,100025,100,100051,100,100013,100,100058,100,99998,100,100068,100,99992,100,100075,100,99987,100,100083,100,99981,100,100085,100,99977,100,100098,100,99973,100,100109,200,99970,100
2019-06-28 09:36:10.000000000,100047,196,100045,196,100048,196,100025,196,100051,196,100013,196,100058,196,99998,196,100068,100,99992,100,100075,100,99987,100,100083,100,99981,100,100085,100,99977,100,100098,100,99973,100,100109,200,99970,100
2019-06-28 09:36:19.068363510,100047,196,100045,96,100048,196,100025,196,100051,196,100013,196,100058,196,99998,196,100075,100,99992,100,100083,100,99987,100,100085,100,99981,100,100098,100,99977,100,100109,200,99973,100,100118,100,99970,100
2019-06-28 09:36:20.000000000,100047,231,100025,231,100048,227,100013,227,100051,227,99998,227,100058,100,99992,100,100075,100,99987,100,100083,100,99981,100,100085,100,99977,100,100098,100,99973,100,100109,200,99970,100,100118,100,99956,100
2019-06-28 09:36:30.000000000,100047,231,100025,231,100048,227,100013,227,100051,227,99998,227,100058,100,99992,100,100075,100,99987,100,100083,100,99981,100,100085,100,99977,100,100098,100,99973,100,100109,200,99970,100,100118,100,99956,100
2019-06-28 09:36:33.332861300,100047,231,100025,131,100048,227,100013,227,100051,227,99998,227,100058,100,99992,100,100075,100,99987,100,100083,100,99981,100,100085,100,99977,100,100098,100,99973,100,100109,200,99970,100,100118,100,99956,100
2019-06-28 09:36:40.000000000,100047,196,100013,196,100048,196,99998,196,100051,196,99992,196,100058,196,99987,196,100075,100,99981,100,100083,100,99977,100,100085,100,99973,100,100098,100,99970,100,100109,200,99956,100,100118,100,99931,100
2019-06-28 09:36:50.000000000,100047,484,100013,484,100048,100,99998,100,100051,100,99992,100,100058,100,99987,100,100075,100,99981,100,100083,100,99977,100,100085,100,99973,100,100098,100,99970,100,100109,200,99956,100,100118,100,99931,100
2019-06-28 09:36:55.465254089,100047,484,100013,484,100048,100,99998,100,100051,100,99992,100,100058,100,99987,100,100075,100,99981,100,100083,100,99977,100,100085,100,99973,100,100098,100,99970,100,100109,200,99956,100,100118,100,99931,100
2019-06-28 09:37:00.000000000,100047,231,100013,231,100048,227,99998,227,100051,227,99992,227,100058,100,99987,100,100075,100,99981,100,100083,100,99977,100,100085,100,99973,100,100098,100,99970,100,100109,200,99956,100,100118,100,99931,100
2019-06-28 09:37:05.278557135,100047,231,100013,231,100048,227,99998,227,100051,227,99992,227,100058,100,99987,100,100075,100,99981,100,100083,100,99977,100,100085,100,99973,100,100098,100,99970,100,100109,200,99956,100,100118,100,99931,100
2019-06-28 09:37:10.000000000,100047,484,100013,484,100048,100,99998,100,100051,100,99992,100,100058,100,99987,100,100075,100,99981,100,100083,100,99977,100,100085,100,99973,100,100098,100,99970,100,100109,200,99956,100,100118,100,99931,100
2019-06-28 09:37:20.000000000,100047,177,100013,177,100048,177,99998,177,100051,177,99992,177,100058,177,99987,177,100075,177,99981,177,100083,100,99977,100,100085,100,99973,100,100098,100,99970,100,100109,200,99956,100,100118,100,99931,100
2019-06-28 09:37:26.207214772,100047,177,100013,77,100048,177,99998,177,100051,177,99992,177,100058,177,99987,177,100075,177,99981,177,100083,100,99977,100,100085,100,99973,100,100109,200,99970,100,100118,100,99956,100,100123,100,99931,100
2019-06-28 09:37:30.000000000,100047,231,99998,231,100048,227,99992,227,100051,227,99987,227,100058,100,99981,100,100075,100,99977,100,100083,100,99973,100,100085,100,99970,100,100109,200,99956,100,100118,100,99931,100,100123,100,99924,100
2019-06-28 09:37:40.000000000,100047,231,99998,231,100048,227,99992,227,100051,227,99987,227,100058,100,99981,100,100075,100,99977,100,100083,100,99973,100,100085,100,99970,100,100109,200,99956,100,100118,100,99931,100,100123,100,99924,100
2019-06-28 09:37:50.000000000,100047,177,99998,177,100048,177,99992,177,100051,177,99987,177,100058,177,99981,177,100075,177,99977,177,100083,100,99973,100,100085,100,99970,100,100109,200,99956,100,100118,100,99931,100,100123,100,99924,100
2019-06-28 09:38:00.000000000,100047,292,99998,292,100048,292,99992,292,100051,100,99987,100,100058,100,99981,100,100075,100,99977,100,100083,100,99973,100,100085,100,99970,100,100109,200,99956,100,100118,100,99931,100,100123,100,99924,100
2019-06-28 09:38:05.305686513,100025,100,99998,292,100047,292,99992,292,100048,292,99987,100,100051,100,99981,100,100058,100,99977,100,100075,100,99973,100,100083,100,99970,100,100085,100,99956,100,100109,200,99931,100,100118,100,99924,100
2019-06-28 09:38:10.000000000,100025,231,99998,231,100047,227,99992,227,100048,227,99987,227,100051,100,99981,100,100058,100,99977,100,100075,100,99973,100,100083,100,99970,100,100085,100,99956,100,100109,200,99931,100,100118,100,99924,100
2019-06-28 09:38:10.567511447,100025,231,99998,231,100047,227,99992,227,100048,227,99987,227,100051,100,99981,100,100058,100,99977,100,100075,100,99973,100,100083,100,99970,100,100085,100,99956,100,100109,200,99931,100,100118,100,99924,100
2019-06-28 09:38:20.000000000,100025,196,99998,196,100047,196,99992,196,100048,196,99987,196,100051,196,99981,196,100058,100,99977,100,100075,100,99973,100,100083,100,99970,100,100085,100,99956,100,100109,200,99931,100,100118,100,99924,100
2019-06-28 09:38:21.344549424,100025,196,99998,196,100047,196,99992,196,100048,196,99987,196,100051,196,99981,196,100058,100,99977,100,100075,100,99973,100,100083,100,99970,100,100085,100,99956,100,100109,200,99931,100,100118,100,99924,100
2019-06-28 09:38:30.000000000,100025,292,99998,292,100047,292,99992,292,100048,100,99987,100,100051,100,99981,100,100058,100,99977,100,100075,100,99973,100,100083,100,99970,100,100085,100,99956,100,100109,200,99931,100,100118,100,99924,100
2019-06-28 09:38:40.000000000,100025,484,99998,484,100047,100,99992,100,100048,100,99987,100,100051,100,99981,100,100058,100,99977,100,100075,100,99973,100,100083,100,99970,100,100085,100,99956,100,100109,200,99931,100,100118,100,99924,100
2019-06-28 09:38:50.000000000,100025,484,99998,484,100047,100,99992,100,100048,100,99987,100,100051,100,99981,100,100058,100,99977,100,100075,100,99973,100,100083,100,99970,100,100085,100,99956,100,100109,200,99931,100,100118,100,99924,100
2019-06-28 09:38:56.853745718,100025,484,99998,484,100047,100,99992,100,100048,100,99987,100,100051,100,99981,100,100058,100,99977,100,100075,100,99973,100,100083,100,99970,100,100085,100,99956,100,100109,200,99931,100,100118,100,99924,100
2019-06-28 09:39:00.000000000,100025,292,99998,292,100047,292,99992,292,100048,100,99987,100,100051,100,99981,100,100058,100,99977,100,100075,100,99973,100,100083,100,99970,100,100085,100,99956,100,100109,200,99931,100,100118,100,99924,100
2019-06-28 09:39:04.241257377,100025,292,99998,192,100047,292,99992,292,100048,100,99987,100,100051,100,99981,100,100058,100,99977,100,100075,100,99973,100,100083,100,99970,100,100085,100,99956,100,100109,200,99931,100,100118,100,99918,100
2019-06-28 09:39:10.000000000,100025,484,99992,484,100047,100,99987,100,100048,100,99981,100,100051,100,99977,100,100058,100,99973,100,100075,100,99970,100,100083,100,99956,100,100085,100,99931,100,100109,200,99918,100,100118,100,99910,100
2019-06-28 09:39:20.000000000,100025,196,99992,196,100047,196,99987,196,100048,196,99981,196,100051,196,99977,196,100058,100,99973,100,100075,100,99970,100,100083,100,99956,100,100085,100,99931,100,100109,200,99918,100,100118,100,99910,100
2019-06-28 09:39:24.396415122,100013,100,99992,196,100025,196,99987,196,100047,196,99981,196,100048,196,99977,196,100051,196,99973,100,100058,100,99970,100,100075,100,99956,100,100083,100,99931,100,100085,100,99918,100,100109,200,99910,100
2019-06-28 09:39:30.000000000,100013,231,99992,231,100025,227,99987,227,100047,227,99981,227,100048,100,99977,100,100051,100,99973,100,100058,100,99970,100,100075,100,99956,100,100083,100,99931,100,100085,100,99918,100,100109,200,99910,100
2019-06-28 09:39:40.000000000,100013,484,99992,484,100025,100,99987,100,100047,100,99981,100,100048,100,99977,100,100051,100,99973,100,100058,100,99970,100,100075,100,99956,100,100083,100,99931,100,100085,100,99918,100,100109,200,99910,100
2019-06-28 09:39:50.000000000,100013,231,99992,231,100025,227,99987,227,100047,227,99981,227,100048,100,99977,100,100051,100,99973,100,100058,100,99970,100,100075,100,99956,100,100083,100,99931,100,100085,100,99918,100,100109,200,99910,100
2019-06-28 09:39:57.500901171,100013,231,99992,131,100025,227,99987,227,100047,227,99981,227,100048,100,99977,100,100051,100,99970,100,100058,100,99956,100,100075,100,99931,100,100083,100,99918,100,100085,100,99910,100,100109,200,99903,100
2019-06-28 09:40:00.000000000,100013,484,99987,484,100025,100,99981,100,100047,100,99977,100,100048,100,99970,100,100051,100,99956,100,100058,100,99931,100,100075,100,99918,100,100083,100,99910,100,100085,100,99903,100,100109,200,99890,100
2019-06-28 09:40:10.000000000,100013,292,99987,292,100025,292,99981,292,100047,100,99977,100,100048,100,99970,100,100051,100,99956,100,100058,100,99931,100,100075,100,99918,100,100083,100,99910,100,100085,100,99903,100,100109,200,99890,100
2019-06-28 09:40:17.769573870,100013,292,99987,292,100025,292,99981,292,100047,100,99977,100,100048,100,99970,100,100051,100,99956,100,100058,100,99931,100,100075,100,99918,100,100083,100,99910,100,100085,100,99903,100,100109,200,99890,100
2019-06-28 09:40:20.000000000,100013,292,99987,292,100025,292,99981,292,100047,100,99977,100,100048,100,99970,100,100051,100,99956,100,100058,100,99931,100,100075,100,99918,100,100083,100,99910,100,100085,100,99903,100,100109,200,99890,100
2019-06-28 09:40:21.070466138,100013,292,99987,292,100025,292,99981,292,100048,100,99977,100,100051,100,99970,100,100058,100,99956,100,100075,100,99931,100,100083,100,99918,100,100085,100,99910,100,100109,200,99903,100,100118,100,99890,100
2019-06-28 09:40:26.016209009,100013,292,99987,192,100025,292,99981,292,100048,100,99977,100,100051,100,99970,100,100058,100,99956,100,100075,100,99931,100,100083,100,99918,100,100085,100,99910,100,100109,100,99903,100,100118,100,99890,100
2019-06-28 09:40:30.000000000,100013,292,99981,292,100025,292,99977,292,100048,100,99970,100,100051,100,99956,100,100058,100,99931,100,100075,100,99918,100,100083,100,99910,100,100085,100,99903,100,100109,100,99890,100,100118,100,99882,100
2019-06-28 09:40:31.229813571,100013,292,99981,192,100025,292,99977,292,100048,100,99970,100,100051,100,99956,100,100058,100,99931,100,100075,100,99918,100,100083,100,99910,100,100085,100,99903,100,100109,100,99890,100,100118,100,99882,100
2019-06-28 09:40:36.419965558,100013,292,99981,192,100025,292,99977,292,100048,100,99970,100,100051,100,99956,100,100058,100,99931,100,100075,100,99918,100,100083,100,99910,100,100085,100,99903,100,100109,100,99890,100,100118,100,99882,100
2019-06-28 09:40:40.000000000,100013,231,99977,231,100025,227,99970,227,100048,227,99956,227,100051,100,99931,100,100058,100,99918,100,100075,100,99910,100,100083,100,99903,100,100085,100,99890,100,100109,100,99882,100,100118,100,99863,100
2019-06-28 09:40:42.561266079,99987,100,99977,231,100013,231,99970,227,100025,227,99956,227,100048,227,99931,100,100051,100,99918,100,100058,100,99910,100,100075,100,99903,100,100083,100,99890,100,100085,100,99882,100,100109,100,99863,100
2019-06-28 09:40:50.000000000,99987,231,99977,231,100013,227,99970,227,100025,227,99956,227,100048,100,99931,100,100051,100,99918,100,100058,100,99910,100,100075,100,99903,100,100083,100,99890,100,100085,100,99882,100,100109,100,99863,100
2019-06-28 09:41:00.000000000,99987,484,99977,484,100013,100,99970,100,100025,100,99956,100,100048,100,99931,100,100051,100,99918,100,100058,100,99910,100,100075,100,99903,100,100083,100,99890,100,100085,100,99882,100,100109,100,99863,100
2019-06-28 09:41:00.895014088,99987,484,99977,384,100013,100,99970,100,100025,100,99956,100,100048,100,99931,100,100051,100,99918,100,100058,100,99910,100,100075,100,99903,100,100083,100,99890,100,100085,100,99882,100,100109,100,99863,100
2019-06-28 09:41:10.000000000,99987,177,99970,177,100013,177,99956,177,100025,177,99931,177,100048,177,99918,177,100051,177,99910,177,100058,100,99903,100,100075,100,99890,100,100083,100,99882,100,100085,100,99863,100,100109,100,99854,100
2019-06-28 09:41:20.000000000,99987,292,99970,292,100013,292,99956,292,100025,100,99931,100,100048,100,99918,100,100051,100,99910,100,100058,100,99903,100,100075,100,99890,100,100083,100,99882,100,100085,100,99863,100,100109,100,99854,100
2019-06-28 09:41:30.000000000,99987,231,99970,231,100013,227,99956,227,100025,227,99931,227,100048,100,99918,100,100051,100,99910,100,100058,100,99903,100,100075,100,99890,100,100083,100,99882,100,100085,100,99863,100,100109,100,99854,100
2019-06-28 09:41:30.920023274,99987,231,99970,231,100013,227,99956,227,100025,227,99931,227,100048,100,99918,100,100051,100,99910,100,100058,100,99903,100,100075,100,99890,100,100083,100,99882,100,100085,100,99863,100,100109,100,99854,100
2019-06-28 09:41:40.000000000,99987,231,99970,231,100013,227,99956,227,100025,227,99931,227,100048,100,99918,100,100051,100,99910,100,100058,100,99903,100,100075,100,99890,100,100083,100,99882,100,100085,100,99863,100,100109,100,99854,100
2019-06-28 09:41:46.334288141,99981,100,99970,231,99987,231,99956,227,100013,227,99931,227,100025,227,99918,100,100048,100,99910,100,100051,100,99903,100,100058,100,99890,100,100075,100,99882,100,100083,100,99863,100,100085,100,99854,100
2019-06-28 09:41:50.000000000,99981,231,99970,231,99987,227,99956,227,100013,227,99931,227,100025,100,99918,100,100048,100,99910,100,100051,100,99903,100,100058,100,99890,100,100075,100,99882,100,100083,100,99863,100,100085,100,99854,100
2019-06-28 09:41:50.016504102,99981,231,99970,231,99987,227,99956,227,100013,227,99931,227,100025,100,99918,100,100051,100,99910,100,100058,100,99903,100,100075,100,99890,100,100083,100,99882,100,100085,100,99863,100,100109,100,99854,100
2019-06-28 09:41:52.778051464,99981,231,99970,131,99987,227,99956,227,100013,227,99931,227,100025,100,99918,100,100051,100,99910,100,100058,100,99903,100,100075,100,99890,100,100083,100,99882,100,100085,100,99863,100,100109,100,99854,100
2019-06-28 09:42:00.000000000,99981,292,99956,292,99987,292,99931,292,100013,100,99918,100,100025,100,99910,100,100051,100,99903,100,100058,100,99890,100,100075,100,99882,100,100083,100,99863,100,100085,100,99854,100,100109,100,99841,100
2019-06-28 09:42:10.000000000,99981,292,99956,292,99987,292,99931,292,100013,100,99918,100,100025,100,99910,100,100051,100,99903,100,100058,100,99890,100,100075,100,99882,100,100083,100,99863,100,100085,100,99854,100,100109,100,99841,100
2019-06-28 09:42:20.000000000,99981,177,99956,177,99987,177,99931,177,100013,177,99918,177,100025,177,99910,177,100051,177,99903,177,100058,100,99890,100,100075,100,99882,100,100083,100,99863,100,100085,100,99854,100,100109,100,99841,100
2019-06-28 09:42:20.292572697,99981,177,99956,177,99987,177,99931,177,100013,177,99918,177,100025,177,99910,177,100051,177,99903,177,100058,100,99890,100,100075,100,99882,100,100083,100,99863,100,100085,100,99854,100,100109,100,99841,100
2019-06-28 09:42:30.000000000,99981,231,99956,231,99987,227,99931,227,100013,227,99918,227,100025,100,99910,100,100051,100,99903,100,100058,100,99890,100,100075,100,99882,100,100083,100,99863,100,100085,100,99854,100,100109,100,99841,100
2019-06-28 09:42:40.000000000,99981,484,99956,484,99987,100,99931,100,100013,100,99918,100,100025,100,99910,100,100051,100,99903,100,100058,100,99890,100,100075,100,99882,100,100083,100,99863,100,100085,100,99854,100,100109,100,99841,100
2019-06-28 09:42:48.921352758,99981,384,99956,484,99987,100,99931,100,100013,100,99918,100,100025,100,99910,100,100051,100,99903,100,100058,100,99890,100,100075,100,99882,100,100083,100,99863,100,100085,100,99854,100,100109,100,99841,100
2019-06-28 09:42:50.000000000,99987,292,99956,292,100013,292,99931,292,100025,100,99918,100,100051,100,99910,100,100058,100,99903,100,100075,100,99890,100,100083,100,99882,100,100085,100,99863,100,100109,100,99854,100,100118,100,99841,100
2019-06-28 09:42:55.999466255,99987,292,99956,192,100013,292,99931,292,100025,100,99918,100,100051,100,99910,100,100058,100,99903,100,100075,100,99890,100,100083,100,99882,100,100085,100,99863,100,100109,100,99854,100,100118,100,99841,100
2019-06-28 09:43:00.000000000,99987,196,99931,196,100013,196,99918,196,100025,196,99910,196,100051,196,99903,196,100058,100,99890,100,100075,100,99882,100,100083,100,99863,100,100085,100,99854,100,100109,100,99841,100,100118,100,99683,100
2019-06-28 09:43:10.000000000,99987,292,99931,292,100013,292,99918,292,100025,100,99910,100,100051,100,99903,100,100058,100,99890,100,100075,100,99882,100,100083,100,99863,100,100085,100,99854,100,100109,100,99841,100,100118,100,99683,100
2019-06-28 09:43:10.928150752,99987,292,99931,192,100013,292,99918,292,100025,100,99910,100,100051,100,99903,100,100058,100,99890,100,100075,100,99882,100,100083,100,99863,100,100085,100,99854,100,100109,100,99841,100,100118,100,99683,100
2019-06-28 09:43:20.000000000,99987,196,99918,196,100013,196,99910,196,100025,196,99903,196,100051,196,99890,196,100058,100,99882,100,100075,100,99863,100,100083,100,99854,100,100085,100,99841,100,100109,100,99683,100,100118,100,99630,100
2019-06-28 09:43:22.337304471,99987,196,99918,196,100013,196,99910,196,100025,196,99903,196,100051,196,99890,196,100058,100,99882,100,100075,100,99863,100,100083,100,99854,100,100085,100,99841,100,100109,100,99683,100,100118,100,99663,100
2019-06-28 09:43:22.435031118,99970,100,99918,196,99987,196,99910,196,100013,196,99903,196,100025,196,99890,196,100051,196,99882,100,100058,100,99863,100,100075,100,99854,100,100083,100,99841,100,100085,100,99683,100,100109,100,99663,100
2019-06-28 09:43:25.064676965,99970,100,99918,96,99987,196,99910,196,100013,196,99903,196,100025,196,99890,196,100051,196,99882,100,100058,100,99863,100,100075,100,99854,100,100083,100,99841,100,100085,100,99683,100,100109,100,99663,100
2019-06-28 09:43:30.000000000,99970,292,99910,292,99987,292,99903,292,100013,100,99890,100,100025,100,99882,100,100051,100,99863,100,100058,100,99854,100,100075,100,99841,100,100083,100,99683,100,100085,100,99663,100,100109,100,99630,100
2019-06-28 09:43:40.000000000,99970,177,99910,177,99987,177,99903,177,100013,177,99890,177,100025,177,99882,177,100051,177,99863,177,100058,100,99854,100,100075,100,99841,100,100083,100,99683,100,100085,100,99663,100,100109,100,99630,100
2019-06-28 09:43:46.683782043,99970,177,99910,77,99987,177,99903,177,100013,177,99890,177,100025,177,99882,177,100051,177,99863,177,100058,100,99854,100,100075,100,99841,100,100083,100,99683,100,100085,100,99663,100,100109,100,99630,100
2019-06-28 09:43:50.000000000,99970,196,99903,196,99987,196,99890,196,100013,196,99882,196,100025,196,99863,196,100051,100,99854,100,100058,100,99841,100,100075,100,99683,100,100083,100,99663,100,100085,100,99630,100,100109,100,99367,100
2019-06-28 09:44:00.000000000,99970,484,99903,484,99987,100,99890,100,100013,100,99882,100,100025,100,99863,100,100051,100,99854,100,100058,100,99841,100,100075,100,99683,100,100083,100,99663,100,100085,100,99630,100,100109,100,99367,100
2019-06-28 09:44:10.000000000,99970,231,99903,231,99987,227,99890,227,100013,227,99882,227,100025,100,99863,100,100051,100,99854,100,100058,100,99841,100,100075,100,99683,100,100083,100,99663,100,100085,100,99630,100,100109,100,99367,100
2019-06-28 09:44:13.289864613,99918,100,99903,231,99970,231,99890,227,99987,227,99882,227,100013,227,99863,100,100025,100,99854,100,100051,100,99841,100,100058,100,99683,100,100075,100,99663,100,100083,100,99630,100,100085,100,99367,100
2019-06-28 09:44:20.000000000,99918,292,99903,292,99970,292,99890,292,99987,100,99882,100,100013,100,99863,100,100025,100,99854,100,100051,100,99841,100,100058,100,99683,100,100075,100,99663,100,100083,100,99630,100,100085,100,99367,100
2019-06-28 09:44:26.077667889,99918,292,99903,292,99970,292,99890,292,99987,100,99882,100,100013,100,99863,100,100025,100,99854,100,100051,100,99841,100,100058,100,99683,100,100075,100,99663,100,100083,100,99630,100,100085,100,99367,100
2019-06-28 09:44:27.315521279,99918,292,99903,292,99970,292,99890,292,99987,100,99882,100,100013,100,99863,100,100025,100,99854,100,100051,100,99841,100,100058,100,99683,100,100075,100,99663,100,100083,100,99630,100,100085,100,99367,100
2019-06-28 09:44:30.000000000,99918,484,99903,484,99970,100,99890,100,99987,100,99882,100,100013,100,99863,100,100025,100,99854,100,100051,100,99841,100,100058,100,99683,100,100075,100,99663,100,100083,100,99630,100,100085,100,99367,100
2019-06-28 09:44:36.837837761,99918,484,99903,484,99970,100,99890,100,99987,100,99882,100,100013,100,99863,100,100025,100,99854,100,100051,100,99841,100,100058,100,99683,100,100075,100,99663,100,100083,100,99630,100,100085,100,99461,100
2019-06-28 09:44:38.136805167,99918,484,99903,384,99970,100,99890,100,99987,100,99882,100,100013,100,99863,100,100025,100,99854,100,100051,100,99841,100,100058,100,99683,100,100075,100,99663,100,100083,100,99630,100,100109,100,99461,100
2019-06-28 09:44:40.000000000,99918,196,99890,196,99970,196,99882,196,99987,196,99863,196,100013,196,99854,196,100025,100,99841,100,100051,100,99683,100,100058,100,99663,100,100075,100,99630,100,100083,100,99461,100,100109,100,99367,100
2019-06-28 09:44:44.095647564,99910,100,99890,196,99918,196,99882,196,99970,196,99863,196,99987,196,99854,196,100013,196,99841,100,100025,100,99683,100,100051,100,99663,100,100058,100,99630,100,100075,100,99461,100,100083,100,99367,100
2019-06-28 09:44:50.000000000,99910,177,99890,177,99918,177,99882,177,99970,177,99863,177,99987,177,99854,177,100013,177,99841,177,100025,100,99683,100,100051,100,99663,100,100058,100,99630,100,100075,100,99461,100,100083,100,99367,100
2019-06-28 09:45:00.000000000,99910,231,99890,231,99918,227,99882,227,99970,227,99863,227,99987,100,99854,100,100013,100,99841,100,100025,100,99683,100,100051,100,99663,100,100058,100,99630,100,100075,100,99461,100,100083,100,99367,100
2019-06-28 09:45:01.287203654,99910,231,99890,131,99918,227,99882,227,99970,227,99863,227,99987,100,99854,100,100013,100,99841,100,100025,100,99683,100,100051,100,99663,100,100058,100,99630,100,100075,100,99461,100,100083,100,99367,100
2019-06-28 09:45:05.774011586,99910,231,99890,131,99918,227,99882,227,99970,227,99863,227,99987,100,99854,100,100013,100,99841,100,100025,100,99683,100,100051,100,99663,100,100058,100,99630,100,100075,100,99491,100,100083,100,99461,100
2019-06-28 09:45:10.000000000,99910,196,99882,196,99918,196,99863,196,99970,196,99854,196,99987,196,99841,196,100013,100,99683,100,100025,100,99663,100,100051,100,99630,100,100058,100,99491,100,100075,100,99461,100,100083,100,99367,100
2019-06-28 09:45:15.851494372,99910,196,99882,196,99918,196,99863,196,99970,196,99854,196,99987,196,99841,196,100013,100,99683,100,100025,100,99663,100,100051,100,99630,100,100058,100,99491,100,100075,100,99461,100,100083,100,99390,100
2019-06-28 09:45:20.000000000,99910,196,99882,196,99918,196,99863,196,99970,196,99854,196,99987,196,99841,196,100013,100,99683,100,100025,100,99663,100,100051,100,99630,100,100058,100,99491,100,100075,100,99461,100,100083,100,99390,100
2019-06-28 09:45:20.202744072,99910,196,99882,196,99918,196,99863,196,99970,196,99854,196,99987,196,99841,196,100013,100,99683,100,100025,100,99663,100,100051,100,99630,100,100058,100,99491,100,100075,100,99461,100,100083,100,99390,100
2019-06-28 09:45:25.758974745,99910,196,99882,96,99918,196,99863,196,99970,196,99854,196,99987,196,99841,196,100013,100,99683,100,100025,100,99663,100,100051,100,99630,100,100075,100,99491,100,100083,100,99461,100,100109,100,99390,100
2019-06-28 09:45:30.000000000,99910,484,99863,484,99918,100,99854,100,99970,100,99841,100,99987,100,99683,100,100013,100,99663,100,100025,100,99630,100,100051,100,99491,100,100075,100,99461,100,100083,100,99390,100,100109,100,99367,200
2019-06-28 09:45:40.000000000,99910,292,99863,292,99918,292,99854,292,99970,100,99841,100,99987,100,99683,100,100013,100,99663,100,100025,100,99630,100,100051,100,99491,100,100075,100,99461,100,100083,100,99390,100,100109,100,99367,200
2019-06-28 09:45:50.000000000,99910,231,99863,231,99918,227,99854,227,99970,227,99841,227,99987,100,99683,100,100013,100,99663,100,100025,100,99630,100,100051,100,99491,100,100075,100,99461,100,100083,100,99390,100,100109,100,99367,200
2019-06-28 09:45:50.244264137,99910,231,99863,231,99918,227,99854,227,99970,227,99841,227,99987,100,99683,100,100013,100,99663,100,100025,100,99630,100,100051,100,99491,100,100075,100,99461,100,100083,100,99390,100,100109,100,99367,200
2019-06-28 09:45:55.178704555,99910,231,99863,131,99918,227,99854,227,99970,227,99841,227,99987,100,99683,100,100013,100,99663,100,100025,100,99630,100,100051,100,99491,100,100075,100,99461,100,100083,100,99390,100,100109,100,99367,200
2019-06-28 09:46:00.000000000,99910,196,99854,196,99918,196,99841,196,99970,196,99683,196,99987,196,99663,196,100013,100,99630,100,100025,100,99491,100,100051,100,99461,100,100075,100,99390,100,100083,100,99367,200,100109,100,99309,100
2019-06-28 09:46:00.308949264,99882,100,99854,196,99910,196,99841,196,99918,196,99683,196,99970,196,99663,196,99987,196,99630,100,100013,100,99491,100,100025,100,99461,100,100051,100,99390,100,100075,100,99367,200,100083,100,99309,100
2019-06-28 09:46:06.507766097,99882,100,99854,196,99910,96,99841,196,99918,196,99683,196,99970,196,99663,196,99987,196,99630,100,100013,100,99491,100,100025,100,99461,100,100051,100,99390,100,100075,100,99367,200,100083,100,99309,100
2019-06-28 09:46:10.000000000,99882,292,99854,292,99918,292,99841,292,99970,100,99683,100,99987,100,99663,100,100013,100,99630,100,100025,100,99491,100,100051,100,99461,100,100075,100,99390,100,100083,100,99367,200,100109,100,99309,100
2019-06-28 09:46:11.326220997,99882,292,99854,292,99918,292,99841,292,99970,100,99683,100,99987,100,99663,100,100013,100,99630,100,100025,100,99491,100,100051,100,99461,100,100075,100,99390,100,100083,100,99367,200,100137,100,99309,100
2019-06-28 09:46:17.563057768,99882,292,99854,292,99918,292,99841,292,99970,100,99683,100,99987,100,99663,100,100013,100,99630,100,100025,100,99491,100,100051,100,99461,100,100075,100,99390,100,100083,100,99367,200,100137,100,99309,100
2019-06-28 09:46:20.000000000,99882,484,99854,484,99918,100,99841,100,99970,100,99683,100,99987,100,99663,100,100013,100,99630,100,100025,100,99491,100,100051,100,99461,100,100075,100,99390,100,100083,100,99367,200,100137,100,99309,100
2019-06-28 09:46:23.843628861,99882,584,99854,484,99918,100,99841,100,99970,100,99683,100,99987,100,99663,100,100013,100,99630,100,100025,100,99491,100,100051,100,99461,100,100075,100,99390,100,100083,100,99367,200,100137,100,99309,100
2019-06-28 09:46:30.000000000,99882,392,99854,292,99918,292,99841,292,99970,100,99683,100,99987,100,99663,100,100013,100,99630,100,100025,100,99491,100,100051,100,99461,100,100075,100,99390,100,100083,100,99367,200,100137,100,99309,100
2019-06-28 09:46:37.012198713,99882,392,99854,92,99918,292,99841,292,99970,100,99683,100,99987,100,99663,100,100013,100,99630,100,100025,100,99491,100,100051,100,99461,100,100075,100,99390,100,100083,100,99367,200,100137,100,99309,100
2019-06-28 09:46:40.000000000,99882,392,99841,292,99918,292,99683,292,99970,100,99663,100,99987,100,99630,100,100013,100,99491,100,100025,100,99461,100,100051,100,99390,100,100075,100,99367,200,100083,100,99309,100,100137,100,99240,100
2019-06-28 09:46:50.000000000,99882,584,99841,484,99918,100,99683,100,99970,100,99663,100,99987,100,99630,100,100013,100,99491,100,100025,100,99461,100,100051,100,99390,100,100075,100,99367,200,100083,100,99309,100,100137,100,99240,100
2019-06-28 09:46:55.332683024,99882,484,99841,484,99918,100,99683,100,99970,100,99663,100,99987,100,99630,100,100013,100,99491,100,100025,100,99461,100,100051,100,99390,100,100075,100,99367,200,100083,100,99309,100,100137,100,99240,100
2019-06-28 09:46:58.535400372,99882,484,99841,384,99918,100,99683,100,99970,100,99663,100,99987,100,99630,100,100013,100,99491,100,100025,100,99461,100,100051,100,99390,100,100075,100,99367,200,100083,100,99309,100,100137,100,99240,100
2019-06-28 09:47:00.000000000,99882,196,99683,196,99918,196,99663,196,99970,196,99630,196,99987,196,99491,196,100013,100,99461,100,100025,100,99390,100,100051,100,99367,200,100075,100,99309,100,100083,100,99240,100,100137,100,99188,100
2019-06-28 09:47:10.000000000,99882,484,99683,484,99918,100,99663,100,99970,100,99630,100,99987,100,99491,100,100013,100,99461,100,100025,100,99390,100,100051,100,99367,200,100075,100,99309,100,100083,100,99240,100,100137,100,99188,100
2019-06-28 09:47:15.834790204,99882,484,99683,484,99918,100,99663,100,99970,100,99630,100,99987,100,99491,100,100013,100,99461,100,100025,100,99390,100,100075,100,99367,200,100083,100,99323,100,100137,100,99309,100,100157,100,99240,100
2019-06-28 09:47:20.000000000,99882,484,99683,484,99918,100,99663,100,99970,100,99630,100,99987,100,99491,100,100013,100,99461,100,100025,100,99390,100,100075,100,99367,200,100083,100,99323,100,100137,100,99309,100,100157,100,99240,100
2019-06-28 09:47:24.597459108,99882,484,99683,384,99918,100,99663,100,99970,100,99630,100,99987,100,99491,100,100013,100,99461,100,100025,100,99390,100,100075,100,99367,200,100083,100,99323,100,100157,100,99309,100,100237,100,99240,100
2019-06-28 09:47:24.950117775,99882,484,99683,284,99918,100,99663,100,99970,100,99630,100,99987,100,99491,100,100013,100,99461,100,100025,100,99390,100,100075,100,99367,200,100083,100,99323,100,100157,100,99309,100,100237,100,99240,100
2019-06-28 09:47:27.421643659,99882,484,99683,184,99918,100,99663,100,99970,100,99630,100,99987,100,99491,100,100013,100,99461,100,100025,100,99390,100,100075,100,99367,200,100083,100,99323,100,100157,100,99309,100,100237,100,99240,100
2019-06-28 09:47:30.000000000,99882,231,99663,231,99918,227,99630,227,99970,227,99491,227,99987,100,99461,100,100013,100,99390,100,100025,100,99367,200,100075,100,99323,100,100083,100,99309,100,100157,100,99240,100,100237,100,99188,100
2019-06-28 09:47:32.773356714,99683,100,99663,231,99882,231,99630,227,99918,227,99491,227,99970,227,99461,100,99987,100,99390,100,100013,100,99367,200,100025,100,99323,100,100075,100,99309,100,100083,100,99240,100,100157,100,99188,100
2019-06-28 09:47:40.000000000,99683,177,99663,177,99882,177,99630,177,99918,177,99491,177,99970,177,99461,177,99987,177,99390,177,100013,100,99367,200,100025,100,99323,100,100075,100,99309,100,100083,100,99240,100,100157,100,99188,100
2019-06-28 09:47:43.265405826,99683,177,99663,177,99882,177,99630,177,99918,177,99623,100,99970,177,99491,177,99987,177,99461,177,100013,100,99390,177,100025,100,99367,200,100075,100,99323,100,100083,100,99309,100,100157,100,99240,100
2019-06-28 09:47:50.000000000,99683,177,99663,177,99882,177,99630,177,99918,177,99623,177,99970,177,99491,177,99987,177,99461,177,100013,100,99390,100,100025,100,99367,200,100075,100,99323,100,100083,100,99309,100,100157,100,99240,100
2019-06-28 09:47:58.588235474,99683,77,99663,177,99882,77,99630,177,99918,177,99623,177,99970,177,99491,177,99987,177,99461,177,100013,100,99390,100,100025,100,99367,200,100075,100,99323,100,100083,100,99309,100,100157,100,99240,100
2019-06-28 09:48:00.000000000,99918,177,99663,177,99970,177,99630,177,99987,177,99623,177,100013,177,99491,177,100025,177,99461,177,100075,100,99390,100,100083,100,99367,200,100157,100,99323,100,100237,100,99309,100,100424,100,99240,100
2019-06-28 09:48:09.895902866,99918,177,99753,100,99970,177,99663,177,99987,177,99630,177,100013,177,99623,177,100025,177,99491,177,100075,100,99461,177,100083,100,99390,100,100157,100,99367,200,100237,100,99323,100,100424,100,99309,100
2019-06-28 09:48:10.000000000,99918,292,99753,292,99970,292,99663,292,99987,100,99630,100,100013,100,99623,100,100025,100,99491,100,100075,100,99461,100,100083,100,99390,100,100157,100,99367,200,100237,100,99323,100,100424,100,99309,100
2019-06-28 09:48:10.463017512,99892,100,99753,292,99918,292,99663,292,99970,292,99630,100,99987,100,99623,100,100013,100,99491,100,100025,100,99461,100,100075,100,99390,100,100083,100,99367,200,100157,100,99323,100,100237,100,99309,100
2019-06-28 09:48:13.002411546,99892,100,99753,292,99918,292,99663,292,99970,292,99630,100,99987,100,99623,100,100013,100,99491,100,100025,100,99461,100,100051,100,99390,100,100075,100,99367,200,100083,100,99323,100,100157,100,99309,100
2019-06-28 09:48:20.000000000,99892,484,99753,484,99918,100,99663,100,99970,100,99630,100,99987,100,99623,100,100013,100,99491,100,100025,100,99461,100,100051,100,99390,100,100075,100,99367,200,100083,100,99323,100,100157,100,99309,100
2019-06-28 09:48:28.826841724,99892,484,99753,484,99918,100,99663,100,99970,100,99632,100,99987,100,99630,100,100013,100,99623,100,100025,100,99491,100,100051,100,99461,100,100075,100,99390,100,100083,100,99367,200,100157,100,99323,100
2019-06-28 09:48:30.000000000,99892,177,99753,177,99918,177,99663,177,99970,177,99632,177,99987,177,99630,177,100013,177,99623,177,100025,100,99491,100,100051,100,99461,100,100075,100,99390,100,100083,100,99367,200,100157,100,99323,100
2019-06-28 09:48:31.263450755,99892,177,99753,177,99918,77,99663,177,99970,177,99632,177,99987,177,99630,177,100013,177,99623,177,100025,100,99491,100,100051,100,99461,100,100075,100,99390,100,100083,100,99367,200,100157,100,99323,100
2019-06-28 09:48:37.050605743,99883,100,99753,177,99892,177,99663,177,99918,77,99632,177,99970,177,99630,177,99987,177,99623,177,100013,177,99491,100,100025,100,99461,100,100051,100,99390,100,100075,100,99367,200,100083,100,99323,100
2019-06-28 09:48:40.000000000,99883,292,99753,292,99892,292,99663,292,99970,100,99632,100,99987,100,99630,100,100013,100,99623,100,100025,100,99491,100,100051,100,99461,100,100075,100,99390,100,100083,100,99367,200,100157,100,99323,100
2019-06-28 09:48:48.313996852,99883,192,99753,292,99892,292,99663,292,99970,100,99632,100,99987,100,99630,100,100013,100,99623,100,100025,100,99491,100,100051,100,99461,100,100075,100,99367,200,100083,100,99323,100,100157,100,99309,100
2019-06-28 09:48:50.000000000,99892,177,99753,177,99970,177,99663,177,99987,177,99632,177,100013,177,99630,177,100025,177,99623,177,100051,100,99491,100,100075,100,99461,100,100083,100,99367,200,100157,100,99323,100,100237,100,99309,100
2019-06-28 09:49:00.000000000,99892,177,99753,177,99970,177,99663,177,99987,177,99632,177,100013,177,99630,177,100025,177,99623,177,100051,100,99491,100,100075,100,99461,100,100083,100,99367,200,100157,100,99323,100,100237,100,99309,100
2019-06-28 09:49:07.443861657,99892,177,99753,177,99899,100,99663,177,99970,177,99632,177,99987,177,99630,177,100013,177,99623,177,100025,177,99491,100,100051,100,99461,100,100075,100,99367,200,100083,100,99323,100,100157,100,99309,100
2019-06-28 09:49:10.000000000,99892,231,99753,231,99899,227,99663,227,99970,227,99632,227,99987,100,99630,100,100013,100,99623,100,100025,100,99491,100,100051,100,99461,100,100075,100,99367,200,100083,100,99323,100,100157,100,99309,100
2019-06-28 09:49:20.000000000,99892,292,99753,292,99899,292,99663,292,99970,100,99632,100,99987,100,99630,100,100013,100,99623,100,100025,100,99491,100,100051,100,99461,100,100075,100,99367,200,100083,100,99323,100,100157,100,99309,100
2019-06-28 09:49:22.554324906,99892,292,99753,192,99899,292,99663,292,99970,100,99632,100,99987,100,99630,100,100013,100,99623,100,100025,100,99491,100,100051,100,99461,100,100075,100,99367,200,100083,100,99323,100,100157,100,99309,100
2019-06-28 09:49:29.285946401,99892,292,99753,92,99899,292,99663,292,99970,100,99632,100,99987,100,99630,100,100013,100,99623,100,100025,100,99491,100,100051,100,99461,100,100075,100,99367,200,100083,100,99323,100,100157,100,99309,100
2019-06-28 09:49:30.000000000,99892,231,99663,231,99899,227,99632,227,99970,227,99630,227,99987,100,99623,100,100013,100,99491,100,100025,100,99461,100,100051,100,99367,200,100075,100,99323,100,100083,100,99309,100,100157,100,99240,100
2019-06-28 09:49:40.000000000,99892,231,99663,231,99899,227,99632,227,99970,227,99630,227,99987,100,99623,100,100013,100,99491,100,100025,100,99461,100,100051,100,99367,200,100075,100,99323,100,100083,100,99309,100,100157,100,99240,100
2019-06-28 09:49:50.000000000,99892,177,99663,177,99899,177,99632,177,99970,177,99630,177,99987,177,99623,177,100013,177,99491,177,100025,100,99461,100,100051,100,99367,200,100075,100,99323,100,100083,100,99309,100,100157,100,99240,100
2019-06-28 09:50:00.000000000,99892,292,99663,292,99899,292,99632,292,99970,100,99630,100,99987,100,99623,100,100013,100,99491,100,100025,100,99461,100,100051,100,99367,200,100075,100,99323,100,100083,100,99309,100,100157,100,99240,100
2019-06-28 09:50:10.000000000,99892,177,99663,177,99899,177,99632,177,99970,177,99630,177,99987,177,99623,177,100013,177,99491,177,100025,100,99461,100,100051,100,99367,200,100075,100,99323,100,100083,100,99309,100,100157,100,99240,100
2019-06-28 09:50:13.101816810,99753,100,99663,177,99892,177,99632,177,99899,177,99630,177,99970,177,99623,177,99987,77,99491,177,100013,177,99461,100,100025,100,99367,200,100051,100,99323,100,100075,100,99309,100,100083,100,99240,100
2019-06-28 09:50:13.198236082,99753,100,99663,177,99892,177,99632,177,99899,177,99630,177,99970,177,99623,177,99987,77,99491,177,100013,177,99461,100,100025,100,99367,200,100051,100,99323,100,100075,100,99309,100,100083,100,99287,100
2019-06-28 09:50:20.000000000,99753,177,99663,177,99892,177,99632,177,99899,177,99630,177,99970,177,99623,177,100013,177,99491,177,100025,100,99461,100,100051,100,99367,200,100075,100,99323,100,100083,100,99309,100,100157,100,99287,100
2019-06-28 09:50:28.605413433,99753,177,99663,177,99850,100,99632,177,99892,177,99630,177,99899,177,99623,177,99970,177,99491,177,100013,177,99461,100,100025,100,99367,200,100051,100,99323,100,100075,100,99309,100,100083,100,99287,100
2019-06-28 09:50:30.000000000,99753,177,99663,177,99850,177,99632,177,99892,177,99630,177,99899,177,99623,177,99970,177,99491,177,100013,100,99461,100,100025,100,99367,200,100051,100,99323,100,100075,100,99309,100,100083,100,99287,100
2019-06-28 09:50:30.297643785,99753,177,99663,77,99850,177,99632,177,99892,177,99630,177,99899,177,99623,177,99970,177,99491,177,100013,100,99461,100,100025,100,99367,200,100051,100,99323,100,100075,100,99309,100,100083,100,99240,100
2019-06-28 09:50:34.653603738,99753,177,99663,77,99850,177,99632,177,99892,177,99630,177,99899,177,99623,177,99970,177,99491,177,100013,100,99472,100,100025,100,99461,100,100051,100,99367,200,100075,100,99323,100,100083,100,99309,100
2019-06-28 09:50:40.000000000,99753,484,99632,484,99850,100,99630,100,99892,100,99623,100,99899,100,99491,100,99970,100,99472,100,100013,100,99461,100,100025,100,99367,200,100051,100,99323,100,100075,100,99309,100,100083,100,99240,100
2019-06-28 09:50:46.930831682,99753,384,99664,100,99850,100,99632,484,99892,100,99630,100,99899,100,99623,100,99970,100,99491,100,100013,100,99472,100,100025,100,99461,100,100051,100,99367,200,100075,100,99323,100,100083,100,99309,100
2019-06-28 09:50:50.000000000,99850,196,99664,196,99892,196,99632,196,99899,196,99630,196,99970,196,99623,196,100013,100,99491,100,100025,100,99472,100,100051,100,99461,100,100075,100,99367,200,100083,100,99323,100,100157,100,99309,100
2019-06-28 09:50:50.776273854,99850,196,99664,196,99892,196,99632,196,99899,196,99630,196,99970,196,99623,196,100013,100,99491,100,100025,100,99472,100,100051,100,99461,100,100075,100,99367,200,100083,100,99323,100,100157,100,99309,100
2019-06-28 09:50:56.946027189,99850,96,99664,196,99892,196,99632,196,99899,196,99630,196,99970,196,99623,196,100013,100,99491,100,100025,100,99472,100,100051,100,99461,100,100075,100,99367,200,100083,100,99323,100,100157,100,99309,100
2019-06-28 09:50:58.289317892,99850,96,99664,196,99892,196,99632,196,99899,196,99630,196,99970,196,99623,196,100013,100,99491,100,100025,100,99472,100,100051,100,99461,100,100075,100,99367,200,100083,100,99323,100,100139,100,99309,100
2019-06-28 09:51:00.000000000,99892,292,99664,292,99899,292,99632,292,99970,100,99630,100,100013,100,99623,100,100025,100,99491,100,100051,100,99472,100,100075,100,99461,100,100083,100,99367,200,100139,100,99323,100,100157,100,99309,100
2019-06-28 09:51:01.892624916,99892,192,99664,292,99899,292,99632,292,99970,100,99630,100,100013,100,99623,100,100025,100,99491,100,100051,100,99472,100,100075,100,99461,100,100083,100,99367,200,100139,100,99323,100,100157,100,99309,100
2019-06-28 09:51:04.238163106,99843,100,99664,292,99892,192,99632,292,99899,292,99630,100,99970,100,99623,100,100013,100,99491,100,100025,100,99472,100,100051,100,99461,100,100075,100,99367,100,100083,100,99323,100,100139,100,99309,100
2019-06-28 09:51:10.000000000,99843,231,99664,231,99899,227,99632,227,99970,227,99630,227,100013,100,99623,100,100025,100,99491,100,100051,100,99472,100,100075,100,99461,100,100083,100,99367,100,100139,100,99323,100,100157,100,99309,100
2019-06-28 09:51:20.000000000,99843,292,99664,292,99899,292,99632,292,99970,100,99630,100,100013,100,99623,100,100025,100,99491,100,100051,100,99472,100,100075,100,99461,100,100083,100,99367,100,100139,100,99323,100,100157,100,99309,100
2019-06-28 09:51:30.000000000,99843,292,99664,292,99899,292,99632,292,99970,100,99630,100,100013,100,99623,100,100025,100,99491,100,100051,100,99472,100,100075,100,99461,100,100083,100,99367,100,100139,100,99323,100,100157,100,99309,100
2019-06-28 09:51:40.000000000,99843,484,99664,484,99899,100,99632,100,99970,100,99630,100,100013,100,99623,100,100025,100,99491,100,100051,100,99472,100,100075,100,99461,100,100083,100,99367,100,100139,100,99323,100,100157,100,99309,100
2019-06-28 09:51:42.011734518,99843,484,99664,484,99899,100,99632,100,99970,100,99630,100,100013,100,99623,100,100025,100,99491,100,100051,100,99472,100,100075,100,99461,100,100083,100,99367,100,100139,100,99323,100,100157,100,99309,100
2019-06-28 09:51:44.860274041,99843,484,99664,484,99899,100,99632,100,99970,100,99630,100,100013,100,99623,100,100025,100,99491,100,100051,100,99472,100,100075,100,99461,100,100083,100,99367,100,100139,100,99323,100,100157,100,99309,100
2019-06-28 09:51:50.000000000,99843,292,99664,292,99899,292,99632,292,99970,100,99630,100,100013,100,99623,100,100025,100,99491,100,100051,100,99472,100,100075,100,99461,100,100083,100,99367,100,100139,100,99323,100,100157,100,99309,100
2019-06-28 09:52:00.000000000,99843,177,99664,177,99899,177,99632,177,99970,177,99630,177,100013,177,99623,177,100025,177,99491,177,100051,100,99472,100,100075,100,99461,100,100083,100,99367,100,100139,100,99323,100,100157,100,99309,100
2019-06-28 09:52:05.291359832,99843,177,99664,177,99899,177,99632,177,99970,177,99630,177,100013,177,99623,177,100025,177,99491,177,100051,100,99472,100,100075,100,99461,100,100083,100,99367,100,100139,100,99323,100,100157,100,99309,100
2019-06-28 09:52:10.000000000,99843,292,99664,292,99899,292,99632,292,99970,100,99630,100,100013,100,99623,100,100025,100,99491,100,100051,100,99472,100,100075,100,99461,100,100083,100,99367,100,100139,100,99323,100,100157,100,99309,100
2019-06-28 09:52:20.000000000,99843,177,99664,177,99899,177,99632,177,99970,177,99630,177,100013,177,99623,177,100025,177,99491,177,100051,100,99472,100,100075,100,99461,100,100083,100,99367,100,100139,100,99323,100,100157,100,99309,100
2019-06-28 09:52:20.441637825,99843,177,99664,177,99899,177,99632,177,99970,177,99630,177,100013,177,99623,177,100025,177,99491,177,100051,100,99472,100,100075,100,99461,100,100083,100,99367,100,100139,100,99323,100,100157,100,99309,100
2019-06-28 09:52:21.360474916,99843,77,99664,177,99899,177,99632,177,99970,177,99630,177,100013,177,99623,177,100025,177,99491,177,100051,100,99472,100,100075,100,99461,100,100083,100,99367,100,100139,100,99323,100,100157,100,99309,100
2019-06-28 09:52:22.814105359,99843,77,99664,177,99899,177,99632,177,99970,177,99630,177,100013,177,99623,177,100025,177,99491,177,100051,100,99472,100,100075,100,99461,100,100083,100,99367,100,100139,100,99323,100,100157,100,99309,100
2019-06-28 09:52:30.000000000,99899,484,99664,484,99970,100,99632,100,100013,100,99630,100,100025,100,99623,100,100051,100,99491,100,100075,100,99472,100,100083,100,99461,100,100139,100,99367,100,100157,100,99323,100,100341,100,99309,100
2019-06-28 09:52:40.000000000,99899,177,99664,177,99970,177,99632,177,100013,177,99630,177,100025,177,99623,177,100051,177,99491,177,100075,100,99472,100,100083,100,99461,100,100139,100,99367,100,100157,100,99323,100,100341,100,99309,100
2019-06-28 09:52:50.000000000,99899,196,99664,196,99970,196,99632,196,100013,196,99630,196,100025,196,99623,196,100051,100,99491,100,100075,100,99472,100,100083,100,99461,100,100139,100,99367,100,100157,100,99323,100,100341,100,99309,100
2019-06-28 09:53:00.000000000,99899,196,99664,196,99970,196,99632,196,100013,196,99630,196,100025,196,99623,196,100051,100,99491,100,100075,100,99472,100,100083,100,99461,100,100139,100,99367,100,100157,100,99323,100,100341,100,99309,100
2019-06-28 09:53:10.000000000,99899,196,99664,196,99970,196,99632,196,100013,196,99630,196,100025,196,99623,196,100051,100,99491,100,100075,100,99472,100,100083,100,99461,100,100139,100,99367,100,100157,100,99323,100,100341,100,99309,100
2019-06-28 09:53:20.000000000,99899,292,99664,292,99970,292,99632,292,100013,100,99630,100,100025,100,99623,100,100051,100,99491,100,100075,100,99472,100,100083,100,99461,100,100139,100,99367,100,100157,100,99323,100,100341,100,99309,100
2019-06-28 09:53:22.337370417,99899,292,99664,292,99970,292,99632,292,100013,100,99630,100,100025,100,99623,100,100051,100,99491,100,100075,100,99472,100,100083,100,99461,100,100139,100,99367,100,100157,100,99323,100,100329,100,99309,100
2019-06-28 09:53:29.391818902,99899,292,99664,292,99970,292,99632,292,100013,100,99630,100,100025,100,99623,100,100051,100,99491,100,100083,100,99472,100,100139,100,99461,100,100157,100,99367,100,100238,100,99323,100,100329,100,99309,100
2019-06-28 09:53:30.000000000,99899,292,99664,292,99970,292,99632,292,100013,100,99630,100,100025,100,99623,100,100051,100,99491,100,100083,100,99472,100,100139,100,99461,100,100157,100,99367,100,100238,100,99323,100,100329,100,99309,100
2019-06-28 09:53:40.000000000,99899,177,99664,177,99970,177,99632,177,100013,177,99630,177,100025,177,99623,177,100051,177,99491,177,100083,100,99472,100,100139,100,99461,100,100157,100,99367,100,100238,100,99323,100,100329,100,99309,100
2019-06-28 09:53:50.000000000,99899,484,99664,484,99970,100,99632,100,100013,100,99630,100,100025,100,99623,100,100051,100,99491,100,100083,100,99472,100,100139,100,99461,100,100157,100,99367,100,100238,100,99323,100,100329,100,99309,100
2019-06-28 09:53:54.896049423,99899,484,99843,100,99970,100,99664,484,100013,100,99632,100,100025,100,99630,100,100051,100,99623,100,100083,100,99491,100,100139,100,99472,100,100157,100,99461,100,100238,100,99367,100,100329,100,99323,100
2019-06-28 09:53:56.014200487,99899,384,99843,100,99970,100,99664,484,100013,100,99632,100,100025,100,99630,100,100051,100,99623,100,100083,100,99491,100,100139,100,99472,100,100157,100,99461,100,100238,100,99367,100,100329,100,99323,100
2019-06-28 09:54:00.000000000,99970,196,99843,196,100013,196,99664,196,100025,196,99632,196,100051,196,99630,196,100083,100,99623,100,100139,100,99491,100,100157,100,99472,100,100238,100,99461,100,100329,100,99367,100,100341,100,99323,100
2019-06-28 09:54:10.000000000,99970,231,99843,231,100013,227,99664,227,100025,227,99632,227,100051,100,99630,100,100083,100,99623,100,100139,100,99491,100,100157,100,99472,100,100238,100,99461,100,100329,100,99367,100,100341,100,99323,100
2019-06-28 09:54:20.000000000,99970,196,99843,196,100013,196,99664,196,100025,196,99632,196,100051,196,99630,196,100083,100,99623,100,100139,100,99491,100,100157,100,99472,100,100238,100,99461,100,100329,100,99367,100,100341,100,99323,100
2019-06-28 09:54:30.000000000,99970,292,99843,292,100013,292,99664,292,100025,100,99632,100,100051,100,99630,100,100083,100,99623,100,100139,100,99491,100,100157,100,99472,100,100238,100,99461,100,100329,100,99367,100,100341,100,99323,100
2019-06-28 09:54:31.272294474,99970,292,99843,292,100013,292,99664,292,100025,100,99632,100,100083,100,99630,100,100139,100,99623,100,100157,100,99567,100,100238,100,99491,100,100329,100,99472,100,100341,100,99461,100,100449,100,99367,100
2019-06-28 09:54:40.000000000,99970,196,99843,196,100013,196,99664,196,100025,196,99632,196,100083,196,99630,196,100139,100,99623,100,100157,100,99567,100,100238,100,99491,100,100329,100,99472,100,100341,100,99461,100,100449,100,99367,100
2019-06-28 09:54:50.000000000,99970,196,99843,196,100013,196,99664,196,100025,196,99632,196,100083,196,99630,196,100139,100,99623,100,100157,100,99567,100,100238,100,99491,100,100329,100,99472,100,100341,100,99461,100,100449,100,99367,100
2019-06-28 09:54:57.123932031,99970,196,99843,196,100013,196,99664,196,100025,196,99632,196,100083,196,99630,196,100139,100,99623,100,100157,100,99567,100,100238,100,99491,100,100329,100,99472,100,100341,100,99461,100,100449,100,99437,100
2019-06-28 09:54:59.689711394,99970,196,99843,96,100013,196,99664,196,100025,196,99632,196,100083,196,99630,196,100139,100,99623,100,100157,100,99567,100,100238,100,99491,100,100329,100,99472,100,100341,100,99461,100,100449,100,99437,100
2019-06-28 09:55:00.000000000,99970,484,99664,484,100013,100,99632,100,100025,100,99630,100,100083,100,99623,100,100139,100,99567,100,100157,100,99491,100,100238,100,99472,100,100329,100,99461,100,100341,100,99437,100,100449,100,99367,100
2019-06-28 09:55:10.000000000,99970,177,99664,177,100013,177,99632,177,100025,177,99630,177,100083,177,99623,177,100139,177,99567,177,100157,100,99491,100,100238,100,99472,100,100329,100,99461,100,100341,100,99437,100,100449,100,99367,100
2019-06-28 09:55:20.000000000,99970,292,99664,292,100013,292,99632,292,100025,100,99630,100,100083,100,99623,100,100139,100,99567,100,100157,100,99491,100,100238,100,99472,100,100329,100,99461,100,100341,100,99437,100,100449,100,99367,100
2019-06-28 09:55:20.330254090,99898,100,99664,292,99970,292,99632,292,100013,292,99630,100,100025,100,99623,100,100083,100,99567,100,100139,100,99491,100,100157,100,99472,100,100238,100,99461,100,100329,100,99437,100,100341,100,99367,100
2019-06-28 09:55:21.851915762,99898,100,99664,292,99970,292,99654,100,100013,292,99632,292,100025,100,99630,100,100083,100,99623,100,100139,100,99567,100,100157,100,99491,100,100238,100,99472,100,100329,100,99461,100,100341,100,99437,100
2019-06-28 09:55:30.000000000,99898,484,99664,484,99970,100,99654,100,100013,100,99632,100,100025,100,99630,100,100083,100,99623,100,100139,100,99567,100,100157,100,99491,100,100238,100,99472,100,100329,100,99461,100,100341,100,99437,100
2019-06-28 09:55:36.690302233,99898,484,99794,100,99970,100,99664,484,100013,100,99654,100,100025,100,99632,100,100139,100,99630,100,100157,100,99623,100,100238,100,99567,100,100329,100,99491,100,100341,100,99472,100,100449,100,99461,100
2019-06-28 09:55:38.194722694,99898,584,99794,100,99970,100,99664,484,100013,100,99654,100,100025,100,99632,100,100139,100,99630,100,100238,100,99623,100,100329,100,99567,100,100341,100,99491,100,100449,100,99472,100,100452,100,99461,100
2019-06-28 09:55:38.898193853,99898,684,99794,100,99970,100,99664,484,100013,100,99654,100,100025,100,99632,100,100139,100,99630,100,100238,100,99623,100,100329,100,99567,100,100341,100,99491,100,100449,100,99472,100,100452,100,99461,100
2019-06-28 09:55:40.000000000,99898,431,99794,231,99970,227,99664,227,100013,227,99654,227,100025,100,99632,100,100139,100,99630,100,100238,100,99623,100,100329,100,99567,100,100341,100,99491,100,100449,100,99472,100,100452,100,99461,100
2019-06-28 09:55:50.000000000,99898,492,99794,292,99970,292,99664,292,100013,100,99654,100,100025,100,99632,100,100139,100,99630,100,100238,100,99623,100,100329,100,99567,100,100341,100,99491,100,100449,100,99472,100,100452,100,99461,100
2019-06-28 09:56:00.000000000,99898,377,99794,177,99970,177,99664,177,100013,177,99654,177,100025,177,99632,177,100139,177,99630,177,100238,100,99623,100,100329,100,99567,100,100341,100,99491,100,100449,100,99472,100,100452,100,99461,100
2019-06-28 09:56:00.975350566,99898,377,99794,177,99970,177,99664,177,100013,177,99654,177,100025,177,99632,177,100139,177,99630,177,100238,100,99623,100,100329,100,99567,100,100341,100,99491,100,100383,100,99472,100,100449,100,99461,100
2019-06-28 09:56:10.000000000,99898,492,99794,292,99970,292,99664,292,100013,100,99654,100,100025,100,99632,100,100139,100,99630,100,100238,100,99623,100,100329,100,99567,100,100341,100,99491,100,100383,100,99472,100,100449,100,99461,100
2019-06-28 09:56:14.326834067,99898,492,99844,100,99970,292,99794,292,100013,100,99664,292,100025,100,99654,100,100139,100,99632,100,100238,100,99630,100,100329,100,99623,100,100341,100,99567,100,100383,100,99491,100,100449,100,99472,100
2019-06-28 09:56:16.579066822,99898,492,99844,100,99970,292,99794,292,100013,100,99664,292,100025,100,99654,100,100084,100,99632,100,100139,100,99630,100,100238,100,99623,100,100341,100,99567,100,100383,100,99491,100,100449,100,99472,100
2019-06-28 09:56:20.000000000,99898,431,99844,231,99970,227,99794,227,100013,227,99664,227,100025,100,99654,100,100084,100,99632,100,100139,100,99630,100,100238,100,99623,100,100341,100,99567,100,100383,100,99491,100,100449,100,99472,100
2019-06-28 09:56:20.300553680,99898,431,99844,331,99970,227,99794,227,100013,227,99664,227,100025,100,99654,100,100084,100,99632,100,100139,100,99630,100,100238,100,99623,100,100341,100,99567,100,100383,100,99491,100,100449,100,99472,100
2019-06-28 09:56:20.645588280,99898,431,99844,431,99970,227,99794,227,100013,227,99664,227,100025,100,99654,100,100084,100,99632,100,100139,100,99630,100,100238,100,99623,100,100341,100,99567,100,100383,100,99491,100,100449,100,99472,100
2019-06-28 09:56:26.603764109,99898,331,99844,531,99970,227,99794,227,100013,227,99664,227,100025,100,99654,100,100084,100,99632,100,100139,100,99630,100,100238,100,99623,100,100341,100,99567,100,100383,100,99491,100,100449,100,99472,100
2019-06-28 09:56:28.924795057,99898,331,99844,531,99970,227,99794,227,100013,227,99664,227,100025,100,99654,100,100084,100,99632,100,100139,100,99630,100,100188,100,99623,100,100238,100,99567,100,100341,100,99491,100,100383,100,99472,100
2019-06-28 09:56:30.000000000,99898,277,99844,477,99970,177,99794,177,100013,177,99664,177,100025,177,99654,177,100084,177,99632,177,100139,100,99630,100,100188,100,99623,100,100238,100,99567,100,100341,100,99491,100,100383,100,99472,100
2019-06-28 09:56:40.000000000,99898,584,99844,784,99970,100,99794,100,100013,100,99664,100,100025,100,99654,100,100084,100,99632,100,100139,100,99630,100,100188,100,99623,100,100238,100,99567,100,100341,100,99491,100,100383,100,99472,100
2019-06-28 09:56:43.760810046,99898,484,99844,784,99970,100,99794,100,100013,100,99664,100,100025,100,99654,100,100084,100,99632,100,100139,100,99630,100,100188,100,99623,100,100238,100,99567,100,100341,100,99491,100,100383,100,99472,100
2019-06-28 09:56:49.362872680,99898,484,99844,784,99970,100,99794,100,100013,100,99664,100,100025,100,99654,100,100084,100,99632,100,100139,100,99630,100,100188,100,99623,100,100238,100,99567,100,100305,100,99491,100,100341,100,99472,100
2019-06-28 09:56:50.000000000,99898,177,99844,477,99970,177,99794,177,100013,177,99664,177,100025,177,99654,177,100084,177,99632,177,100139,100,99630,100,100188,100,99623,100,100238,100,99567,100,100305,100,99491,100,100341,100,99472,100
2019-06-28 09:57:00.000000000,99898,292,99844,592,99970,292,99794,292,100013,100,99664,100,100025,100,99654,100,100084,100,99632,100,100139,100,99630,100,100188,100,99623,100,100238,100,99567,100,100305,100,99491,100,100341,100,99472,100
2019-06-28 09:57:02.599499074,99898,292,99845,100,99970,292,99844,592,100013,100,99794,292,100025,100,99654,100,100084,100,99632,100,100139,100,99630,100,100188,100,99623,100,100238,100,99567,100,100305,100,99491,100,100341,100,99472,100
2019-06-28 09:57:10.000000000,99898,196,99845,196,99970,196,99844,496,100013,196,99794,196,100025,196,99654,196,100084,100,99632,100,100139,100,99630,100,100188,100,99623,100,100238,100,99567,100,100305,100,99491,100,100341,100,99472,100
2019-06-28 09:57:20.000000000,99898,484,99845,484,99970,100,99844,400,100013,100,99794,100,100025,100,99654,100,100084,100,99632,100,100139,100,99630,100,100188,100,99623,100,100238,100,99567,100,100305,100,99491,100,100341,100,99472,100
2019-06-28 09:57:30.000000000,99898,177,99845,177,99970,177,99844,477,100013,177,99794,177,100025,177,99654,177,100084,177,99632,177,100139,100,99630,100,100188,100,99623,100,100238,100,99567,100,100305,100,99491,100,100341,100,99472,100
2019-06-28 09:57:39.455453518,99898,177,99845,177,99970,177,99844,477,100013,177,99794,177,100025,177,99654,177,100084,177,99632,177,100139,100,99630,100,100238,100,99623,100,100305,100,99567,100,100341,100,99491,100,100383,100,99472,100
2019-06-28 09:57:40.000000000,99898,292,99845,292,99970,292,99844,592,100013,100,99794,100,100025,100,99654,100,100084,100,99632,100,100139,100,99630,100,100238,100,99623,100,100305,100,99567,100,100341,100,99491,100,100383,100,99472,100
2019-06-28 09:57:50.000000000,99898,292,99845,292,99970,292,99844,592,100013,100,99794,100,100025,100,99654,100,100084,100,99632,100,100139,100,99630,100,100238,100,99623,100,100305,100,99567,100,100341,100,99491,100,100383,100,99472,100
2019-06-28 09:58:00.000000000,99898,292,99845,292,99970,292,99844,592,100013,100,99794,100,100025,100,99654,100,100084,100,99632,100,100139,100,99630,100,100238,100,99623,100,100305,100,99567,100,100341,100,99491,100,100383,100,99472,100
2019-06-28 09:58:08.973796623,99898,292,99845,292,99970,292,99844,592,100013,100,99794,100,100025,100,99654,100,100084,100,99632,100,100139,100,99630,100,100238,100,99623,100,100305,100,99567,100,100341,100,99491,100,100383,100,99472,100
2019-06-28 09:58:09.616196597,99898,292,99845,292,99970,192,99844,592,100013,100,99794,100,100025,100,99654,100,100084,100,99632,100,100139,100,99630,100,100238,100,99623,100,100305,100,99567,100,100341,100,99491,100,100383,100,99472,100
2019-06-28 09:58:10.000000000,99898,484,99845,484,100013,100,99844,400,100025,100,99794,100,100084,100,99654,100,100139,100,99632,100,100238,100,99630,100,100305,100,99623,100,100341,100,99567,100,100383,100,99491,100,100449,100,99472,100
2019-06-28 09:58:20.000000000,99898,196,99845,196,100013,196,99844,496,100025,196,99794,196,100084,196,99654,196,100139,100,99632,100,100238,100,99630,100,100305,100,99623,100,100341,100,99567,100,100383,100,99491,100,100449,100,99472,100
2019-06-28 09:58:30.000000000,99898,484,99845,484,100013,100,99844,400,100025,100,99794,100,100084,100,99654,100,100139,100,99632,100,100238,100,99630,100,100305,100,99623,100,100341,100,99567,100,100383,100,99491,100,100449,100,99472,100
2019-06-28 09:58:34.925638940,99898,384,99845,484,100013,100,99844,400,100025,100,99794,100,100084,100,99654,100,100139,100,99632,100,100238,100,99630,100,100305,100,99623,100,100341,100,99567,100,100383,100,99491,100,100449,100,99472,100
2019-06-28 09:58:40.000000000,100013,484,99845,484,100025,100,99844,400,100084,100,99794,100,100139,100,99654,100,100238,100,99632,100,100305,100,99630,100,100341,100,99623,100,100383,100,99567,100,100449,100,99491,100,100452,100,99472,100
2019-06-28 09:58:40.851025416,100013,484,99845,484,100025,100,99844,300,100084,100,99794,100,100139,100,99654,100,100238,100,99632,100,100305,100,99630,100,100341,100,99623,100,100383,100,99567,100,100449,100,99491,100,100452,100,99472,100
2019-06-28 09:58:40.956211270,100013,384,99845,484,100025,100,99844,300,100084,100,99794,100,100139,100,99654,100,100238,100,99632,100,100305,100,99630,100,100341,100,99623,100,100383,100,99567,100,100449,100,99491,100,100452,100,99472,100
2019-06-28 09:58:41.630336360,100013,384,99845,484,100025,100,99844,300,100084,100,99794,100,100139,100,99654,100,100238,100,99632,100,100305,100,99630,100,100341,100,99623,100,100383,100,99567,100,100449,100,99491,100,100452,100,99472,100
2019-06-28 09:58:45.247620995,100013,284,99845,484,100025,100,99844,300,100084,100,99794,100,100139,100,99654,100,100238,100,99632,100,100305,100,99630,100,100341,100,99623,100,100383,100,99567,100,100449,100,99491,100,100452,100,99472,100
2019-06-28 09:58:50.000000000,100025,177,99845,177,100084,177,99844,377,100139,177,99794,177,100238,177,99654,177,100305,177,99632,177,100341,100,99630,100,100383,100,99623,100,100449,100,99567,100,100452,100,99491,100,100674,100,99472,100
2019-06-28 09:58:55.682684286,100025,77,99845,177,100084,177,99844,377,100139,177,99794,177,100238,177,99654,177,100305,177,99632,177,100341,100,99630,100,100383,100,99623,100,100449,100,99567,100,100452,100,99491,100,100674,100,99472,100
2019-06-28 09:59:00.000000000,100084,177,99845,177,100139,177,99844,377,100238,177,99794,177,100305,177,99654,177,100341,177,99632,177,100383,100,99630,100,100449,100,99623,100,100452,100,99567,100,100674,100,99491,100,100834,100,99472,100
2019-06-28 09:59:10.000000000,100084,196,99845,196,100139,196,99844,396,100238,196,99794,196,100305,196,99654,196,100341,100,99632,100,100383,100,99630,100,100449,100,99623,100,100452,100,99567,100,100674,100,99491,100,100834,100,99472,100
2019-06-28 09:59:20.000000000,100084,484,99845,484,100139,100,99844,300,100238,100,99794,100,100305,100,99654,100,100341,100,99632,100,100383,100,99630,100,100449,100,99623,100,100452,100,99567,100,100674,100,99491,100,100834,100,99472,100
2019-06-28 09:59:22.528039795,100084,484,99845,484,100139,100,99844,300,100238,100,99794,100,100305,100,99654,100,100341,100,99632,100,100383,100,99630,100,100449,100,99623,100,100452,100,99567,100,100674,100,99491,100,100834,100,99472,100
2019-06-28 09:59:30.000000000,100084,292,99845,292,100139,292,99844,492,100238,100,99794,100,100305,100,99654,100,100341,100,99632,100,100383,100,99630,100,100449,100,99623,100,100452,100,99567,100,100674,100,99491,100,100834,100,99472,100
2019-06-28 09:59:40.000000000,100084,292,99845,292,100139,292,99844,492,100238,100,99794,100,100305,100,99654,100,100341,100,99632,100,100383,100,99630,100,100449,100,99623,100,100452,100,99567,100,100674,100,99491,100,100834,100,99472,100
2019-06-28 09:59:50.000000000,100084,484,99845,484,100139,100,99844,300,100238,100,99794,100,100305,100,99654,100,100341,100,99632,100,100383,100,99630,100,100449,100,99623,100,100452,100,99567,100,100674,100,99491,100,100834,100,99472,100
2019-06-28 10:00:00.000000000,100084,484,99845,484,100139,100,99844,300,100238,100,99794,100,100305,100,99654,100,100341,100,99632,100,100383,100,99630,100,100449,100,99623,100,100452,100,99567,100,100674,100,99491,100,100834,100,99472,100
2019-06-28 10:00:10.000000000,100084,484,99845,484,100139,100,99844,300,100238,100,99794,100,100305,100,99654,100,100341,100,99632,100,100383,100,99630,100,100449,100,99623,100,100452,100,99567,100,100674,100,99491,100,100834,100,99472,100
2019-06-28 10:00:11.057010563,100084,484,100013,100,100139,100,99845,484,100238,100,99844,300,100305,100,99794,100,100341,100,99654,100,100383,100,99632,100,100449,100,99630,100,100452,100,99623,100,100674,100,99567,100,100834,100,99491,100
2019-06-28 10:00:20.000000000,100084,177,100013,177,100139,177,99845,177,100238,177,99844,377,100305,177,99794,177,100341,177,99654,177,100383,100,99632,100,100449,100,99630,100,100452,100,99623,100,100674,100,99567,100,100834,100,99491,100
2019-06-28 10:00:24.573604029,100084,177,100013,277,100139,177,99845,177,100238,177,99844,377,100305,177,99794,177,100341,177,99654,177,100383,100,99632,100,100449,100,99630,100,100452,100,99623,100,100674,100,99567,100,100834,100,99491,100
2019-06-28 10:00:30.000000000,100084,231,100013,331,100139,227,99845,227,100238,227,99844,427,100305,100,99794,100,100341,100,99654,100,100383,100,99632,100,100449,100,99630,100,100452,100,99623,100,100674,100,99567,100,100834,100,99491,100
2019-06-28 10:00:33.710317930,100084,131,100013,331,100139,227,99845,227,100238,227,99844,427,100305,100,99794,100,100341,100,99654,100,100383,100,99632,100,100449,100,99630,100,100452,100,99623,100,100674,100,99567,100,100834,100,99491,100
2019-06-28 10:00:34.265606624,100084,31,100013,331,100139,227,99845,227,100238,227,99844,427,100305,100,99794,100,100341,100,99654,100,100383,100,99632,100,100449,100,99623,100,100452,100,99567,100,100674,100,99491,100,100834,100,99472,100
2019-06-28 10:00:40.000000000,100139,292,100013,392,100238,292,99845,292,100305,100,99844,300,100341,100,99794,100,100383,100,99654,100,100449,100,99632,100,100452,100,99623,100,100674,100,99567,100,100834,100,99491,100,101008,100,99472,100
2019-06-28 10:00:46.565524163,100139,192,100013,392,100238,292,99845,292,100305,100,99844,300,100341,100,99794,100,100383,100,99632,100,100449,100,99623,100,100452,100,99567,100,100674,100,99491,100,100834,100,99472,100,101008,100,99461,100
2019-06-28 10:00:50.000000000,100238,484,100013,584,100305,100,99845,100,100341,100,99844,300,100383,100,99794,100,100449,100,99632,100,100452,100,99623,100,100674,100,99567,100,100834,100,99491,100,101008,100,99472,100,101107,100,99461,100
2019-06-28 10:01:00.000000000,100238,231,100013,331,100305,227,99845,227,100341,227,99844,427,100383,100,99794,100,100449,100,99632,100,100452,100,99623,100,100674,100,99567,100,100834,100,99491,100,101008,100,99472,100,101107,100,99461,100
2019-06-28 10:01:06.391795763,100238,231,100013,331,100305,227,99845,227,100341,227,99844,427,100383,100,99794,100,100449,100,99632,100,100452,100,99623,100,100674,100,99567,100,100834,100,99491,100,101008,100,99472,100,101107,100,99461,100
2019-06-28 10:01:10.000000000,100238,484,100013,584,100305,100,99845,100,100341,100,99844,300,100383,100,99794,100,100449,100,99632,100,100452,100,99623,100,100674,100,99567,100,100834,100,99491,100,101008,100,99472,100,101107,100,99461,100
2019-06-28 10:01:16.898231866,100238,384,100013,584,100305,100,99845,100,100341,100,99844,300,100383,100,99794,100,100449,100,99632,100,100452,100,99623,100,100674,100,99567,100,100834,100,99491,100,101008,100,99472,100,101107,100,99461,100
2019-06-28 10:01:17.464264288,100238,384,100013,584,100305,100,99845,100,100341,100,99844,300,100383,100,99794,100,100449,100,99632,100,100452,100,99623,100,100674,100,99567,100,100834,100,99491,100,101008,100,99472,100,101069,100,99461,100
2019-06-28 10:01:20.000000000,100305,292,100013,392,100341,292,99845,292,100383,100,99844,300,100449,100,99794,100,100452,100,99632,100,100674,100,99623,100,100834,100,99567,100,101008,100,99491,100,101069,100,99472,100,101107,100,99461,100
2019-06-28 10:01:24.292253552,100305,192,100013,392,100341,292,99845,292,100383,100,99844,300,100449,100,99794,100,100452,100,99632,100,100674,100,99623,100,100834,100,99567,100,101069,100,99491,100,101107,100,99472,100,101121,100,99461,100
2019-06-28 10:01:30.000000000,100341,177,100013,277,100383,177,99845,177,100449,177,99844,377,100452,177,99794,177,100674,177,99632,177,100834,100,99623,100,101069,100,99567,100,101107,100,99491,100,101121,100,99472,100,101382,100,99461,100
2019-06-28 10:01:40.000000000,100341,177,100013,277,100383,177,99845,177,100449,177,99844,377,100452,177,99794,177,100674,177,99632,177,100834,100,99623,100,101069,100,99567,100,101107,100,99491,100,101121,100,99472,100,101382,100,99461,100
2019-06-28 10:01:50.000000000,100341,484,100013,584,100383,100,99845,100,100449,100,99844,300,100452,100,99794,100,100674,100,99632,100,100834,100,99623,100,101069,100,99567,100,101107,100,99491,100,101121,100,99472,100,101382,100,99461,100
2019-06-28 10:01:53.138972933,100341,484,100013,584,100383,100,99845,100,100449,100,99844,300,100452,100,99794,100,100527,100,99632,100,100674,100,99623,100,100834,100,99567,100,101069,100,99491,100,101107,100,99472,100,101121,100,99461,100
2019-06-28 10:01:57.972120886,100341,484,100013,584,100383,100,99845,100,100449,100,99844,300,100452,100,99794,100,100527,100,99632,100,100674,100,99623,100,100738,100,99567,100,100834,100,99491,100,101069,100,99472,100,101107,100,99461,100
2019-06-28 10:02:00.000000000,100341,292,100013,392,100383,292,99845,292,100449,100,99844,300,100452,100,99794,100,100527,100,99632,100,100674,100,99623,100,100738,100,99567,100,100834,100,99491,100,101069,100,99472,100,101107,100,99461,100
2019-06-28 10:02:10.000000000,100341,292,100013,392,100383,292,99845,292,100449,100,99844,300,100452,100,99794,100,100527,100,99632,100,100674,100,99623,100,100738,100,99567,100,100834,100,99491,100,101069,100,99472,100,101107,100,99461,100
2019-06-28 10:02:19.679415633,100341,192,100013,392,100383,292,99845,292,100449,100,99844,300,100452,100,99794,100,100527,100,99632,100,100674,100,99623,100,100738,100,99567,100,100834,100,99491,100,101069,100,99472,100,101107,100,99461,100
2019-06-28 10:02:20.000000000,100383,231,100013,331,100449,227,99845,227,100452,227,99844,427,100527,100,99794,100,100674,100,99632,100,100738,100,99623,100,100834,100,99567,100,101069,100,99491,100,101107,100,99472,100,101382,100,99461,100
2019-06-28 10:02:30.000000000,100383,484,100013,584,100449,100,99845,100,100452,100,99844,300,100527,100,99794,100,100674,100,99632,100,100738,100,99623,100,100834,100,99567,100,101069,100,99491,100,101107,100,99472,100,101382,100,99461,100
2019-06-28 10:02:32.204687247,100383,484,100357,100,100449,100,100013,584,100452,100,99845,100,100527,100,99844,300,100674,100,99794,100,100738,100,99632,100,100834,100,99623,100,101069,100,99567,100,101107,100,99491,100,101382,100,99472,100
2019-06-28 10:02:40.000000000,100383,484,100357,484,100449,100,100013,200,100452,100,99845,100,100527,100,99844,300,100674,100,99794,100,100738,100,99632,100,100834,100,99623,100,101069,100,99567,100,101107,100,99491,100,101382,100,99472,100
2019-06-28 10:02:50.000000000,100383,177,100357,177,100449,177,100013,277,100452,177,99845,177,100527,177,99844,377,100674,177,99794,177,100738,100,99632,100,100834,100,99623,100,101069,100,99567,100,101107,100,99491,100,101382,100,99472,100
2019-06-28 10:02:58.474523560,100383,177,100357,177,100449,177,100281,100,100452,177,100013,277,100527,177,99845,177,100674,177,99844,377,100738,100,99794,177,100834,100,99632,100,101069,100,99623,100,101107,100,99567,100,101382,100,99491,100
2019-06-28 10:03:00.000000000,100383,292,100357,292,100449,292,100281,292,100452,100,100013,200,100527,100,99845,100,100674,100,99844,300,100738,100,99794,100,100834,100,99632,100,101069,100,99623,100,101107,100,99567,100,101382,100,99491,100
2019-06-28 10:03:00.560475742,100383,292,100357,292,100449,292,100312,100,100452,100,100281,292,100527,100,100013,200,100674,100,99845,100,100738,100,99844,300,100834,100,99794,100,101069,100,99632,100,101107,100,99623,100,101382,100,99491,100
2019-06-28 10:03:04.782486678,100383,292,100357,292,100449,392,100312,100,100452,100,100281,292,100527,100,100013,200,100674,100,99845,100,100738,100,99844,300,100834,100,99794,100,101069,100,99632,100,101107,100,99623,100,101382,100,99491,100
2019-06-28 10:03:10.000000000,100383,292,100357,292,100449,392,100312,292,100452,100,100281,100,100527,100,100013,200,100674,100,99845,100,100738,100,99844,300,100834,100,99794,100,101069,100,99632,100,101107,100,99623,100,101382,100,99491,100
2019-06-28 10:03:20.000000000,100383,231,100357,231,100449,327,100312,227,100452,227,100281,227,100527,100,100013,200,100674,100,99845,100,100738,100,99844,300,100834,100,99794,100,101069,100,99632,100,101107,100,99623,100,101382,100,99491,100
2019-06-28 10:03:27.589289145,100383,231,100357,231,100449,327,100312,227,100452,227,100281,227,100527,100,100013,100,100674,100,99845,100,100738,100,99844,300,100834,100,99794,100,101069,100,99632,100,101107,100,99623,100,101382,100,99491,100
2019-06-28 10:03:30.000000000,100383,292,100357,292,100449,392,100312,292,100452,100,100281,100,100527,100,100013,100,100674,100,99845,100,100738,100,99844,300,100834,100,99794,100,101069,100,99632,100,101107,100,99623,100,101382,100,99491,100
