,ask_price_1,ask_size_1,bid_price_1,bid_size_1,ask_price_2,ask_size_2,bid_price_2,bid_size_2,ask_price_3,ask_size_3,bid_price_3,bid_size_3,ask_price_4,ask_size_4,bid_price_4,bid_size_4,ask_price_5,ask_size_5,bid_price_5,bid_size_5,ask_price_6,ask_size_6,bid_price_6,bid_size_6,ask_price_7,ask_size_7,bid_price_7,bid_size_7,ask_price_8,ask_size_8,bid_price_8,bid_size_8,ask_price_9,ask_size_9,bid_price_9,bid_size_9,ask_price_10,ask_size_10,bid_price_10,bid_size_10
2019-06-28 09:30:00.000000000,,,99938,100,,,,,,,,,,,,,,,,,,,,,,,,,,,,,,,,,,,,
2019-06-28 09:30:00.000000001,100048,100,99938,100,,,,,,,,,,,,,,,,,,,,,,,,,,,,,,,,,,,,
2019-06-28 09:30:00.000000006,99939,100,99938,100,100048,100,,,,,,,,,,,,,,,,,,,,,,,,,,,,,,,,,,
2019-06-28 09:30:00.000000008,99939,100,99938,100,100043,100,,,100048,100,,,,,,,,,,,,,,,,,,,,,,,,,,,,,,
2019-06-28 09:30:00.000000010,100043,100,99938,100,100048,100,,,,,,,,,,,,,,,,,,,,,,,,,,,,,,,,,,
2019-06-28 09:30:00.000000011,100043,100,99938,100,100048,100,,,100084,100,,,,,,,,,,,,,,,,,,,,,,,,,,,,,,
2019-06-28 09:30:00.000000014,99963,100,99938,100,100043,100,,,100048,100,,,100084,100,,,,,,,,,,,,,,,,,,,,,,,,,,
2019-06-28 09:30:00.000000015,99963,100,99938,100,100017,100,99918,100,100043,100,,,100048,100,,,100084,100,,,,,,,,,,,,,,,,,,,,,,
2019-06-28 09:30:00.000000018,99963,100,99938,100,100017,100,99918,100,100043,100,,,100048,100,,,100075,100,,,100084,100,,,,,,,,,,,,,,,,,,
2019-06-28 09:30:00.000000021,99963,100,99938,100,100017,100,99918,100,100033,100,,,100043,100,,,100048,100,,,100075,100,,,100084,100,,,,,,,,,,,,,,
2019-06-28 09:30:00.000000023,99963,100,99938,100,100017,100,99918,100,100033,100,99811,100,100043,100,,,100048,100,,,100075,100,,,100084,100,,,100142,100,,,,,,,,,,
2019-06-28 09:30:00.000000025,100017,100,99938,100,100033,100,99918,100,100038,100,99811,100,100043,100,,,100048,100,,,100075,100,,,100084,100,,,100142,100,,,,,,,,,,
2019-06-28 09:30:00.000000026,100017,100,99938,100,100033,100,99920,100,100038,100,99918,100,100043,100,99811,100,100048,100,,,100075,100,,,100084,100,,,100142,100,,,,,,,,,,
2019-06-28 09:30:00.000000029,100017,100,99938,100,100030,100,99920,100,100033,100,99918,100,100038,100,99811,100,100043,100,,,100048,100,,,100075,100,,,100084,100,,,100142,100,,,,,,
2019-06-28 09:30:00.000000031,100010,100,99938,100,100017,100,99920,100,100030,100,99918,100,100033,100,99811,100,100038,100,,,100043,100,,,100048,100,,,100075,100,,,100084,100,,,100142,100,,
2019-06-28 09:30:00.000000033,100010,100,99938,100,100017,100,99920,100,100030,100,99918,100,100033,100,99811,100,100038,100,,,100043,100,,,100048,100,,,100069,100,,,100075,100,,,100084,100,,
2019-06-28 09:30:00.000000035,99963,100,99938,100,100010,100,99920,100,100017,100,99918,100,100030,100,99811,100,100033,100,,,100038,100,,,100043,100,,,100048,100,,,100069,100,,,100075,100,,
2019-06-28 09:30:00.000000037,100010,100,99938,100,100017,100,99920,100,100030,100,99918,100,100033,100,99811,100,100038,100,,,100043,100,,,100048,100,,,100069,100,,,100075,100,,,100084,100,,
2019-06-28 09:30:00.000000041,100010,100,99938,100,100017,100,99934,100,100030,100,99920,100,100033,100,99918,100,100038,100,99811,100,100043,100,,,100048,100,,,100069,100,,,100075,100,,,100084,100,,
2019-06-28 09:30:00.000000042,100010,100,99938,100,100017,100,99934,100,100030,100,99920,100,100033,100,99918,100,100038,100,99811,100,100043,100,,,100048,100,,,100054,100,,,100069,100,,,100075,100,,
2019-06-28 09:30:00.000000045,100017,100,99963,200,100030,100,99938,100,100033,100,99934,100,100038,100,99920,100,100043,100,99918,100,100048,100,99811,100,100054,100,,,100069,100,,,100075,100,,,100084,100,,
2019-06-28 09:30:00.000000046,100017,100,99963,200,100030,100,99938,100,100033,100,99934,100,100038,100,99920,100,100043,100,99918,100,100048,100,99811,100,100054,200,,,100069,100,,,100075,100,,,100084,100,,
2019-06-28 09:30:00.000000047,100017,100,99963,200,100030,100,99944,100,100033,100,99938,100,100038,100,99934,100,100043,100,99920,100,100048,100,99918,100,100054,200,99811,100,100069,100,,,100075,100,,,100084,100,,
2019-06-28 09:30:00.000000050,99977,100,99963,200,100017,100,99944,100,100030,100,99938,100,100033,100,99934,100,100038,100,99920,100,100043,100,99918,100,100048,100,99811,100,100054,200,,,100069,100,,,100075,100,,
2019-06-28 09:30:00.000000051,99977,100,99963,200,100017,100,99944,100,100030,100,99938,100,100033,100,99934,100,100038,100,99920,100,100043,100,99918,100,100048,100,99848,100,100054,200,99811,100,100069,100,,,100075,100,,
2019-06-28 09:30:00.000000052,99977,100,99963,200,100010,100,99944,100,100017,100,99938,100,100030,100,99934,100,100033,100,99920,100,100038,100,99918,100,100043,100,99848,100,100048,100,99811,100,100054,200,,,100069,100,,
2019-06-28 09:30:00.000000055,99977,100,99963,200,100010,100,99944,100,100017,100,99938,100,100030,100,99934,100,100033,100,99920,100,100038,100,99918,100,100043,100,99848,100,100048,100,99811,100,100054,200,,,100069,100,,
2019-06-28 09:30:00.000000057,99977,100,99963,200,100010,100,99944,100,100017,100,99938,100,100030,100,99934,100,100033,100,99920,100,100038,100,99918,100,100043,100,99848,100,100048,100,99811,100,100054,200,,,100069,100,,
2019-06-28 09:30:00.000000059,99977,100,99963,100,100010,100,99944,100,100017,100,99938,100,100030,100,99934,100,100033,100,99920,100,100038,100,99918,100,100043,100,99848,100,100048,100,99811,100,100054,200,,,100069,100,,
2019-06-28 09:30:00.000000060,99977,100,99963,100,100010,100,99944,100,100017,100,99938,100,100030,100,99934,100,100033,100,99928,100,100038,100,99920,100,100043,100,99918,100,100048,100,99848,100,100054,200,99811,100,100069,100,,
2019-06-28 09:30:00.000000063,100010,200,99963,100,100017,100,99944,100,100030,100,99938,100,100033,100,99934,100,100038,100,99928,100,100043,100,99920,100,100048,100,99918,100,100054,200,99848,100,100069,100,99811,100,100075,100,,
2019-06-28 09:30:00.000000064,100009,100,99963,100,100010,100,99955,100,100017,100,99944,100,100030,100,99938,100,100033,100,99934,100,100038,100,99928,100,100043,100,99920,100,100048,100,99918,100,100054,200,99848,100,100069,100,99811,100
2019-06-28 09:30:00.000000068,100009,100,99963,100,100010,100,99955,100,100017,100,99944,100,100030,100,99938,100,100033,100,99934,100,100038,100,99928,100,100043,100,99920,100,100048,100,99918,100,100054,200,99848,100,100069,100,99830,100
2019-06-28 09:30:00.000000071,100009,100,99977,100,100010,100,99963,100,100017,100,99955,100,100030,100,99944,100,100033,100,99938,100,100038,100,99934,100,100043,100,99928,100,100048,100,99920,100,100054,200,99918,100,100069,100,99848,100
2019-06-28 09:30:00.000000072,100009,200,99977,100,100010,100,99963,100,100017,100,99955,100,100030,100,99944,100,100033,100,99938,100,100038,100,99934,100,100043,100,99928,100,100048,100,99920,100,100054,200,99918,100,100069,100,99848,100
2019-06-28 09:30:00.000000073,100009,200,99977,100,100010,100,99963,100,100017,100,99955,100,100030,100,99954,100,100033,100,99944,100,100038,100,99938,100,100043,100,99934,100,100048,100,99929,100,100054,200,99928,100,100069,100,99920,100
2019-06-28 09:30:00.000000074,100009,200,99977,100,100010,100,99963,100,100017,100,99955,100,100030,100,99954,100,100033,100,99944,100,100038,100,99938,100,100043,100,99934,100,100048,100,99929,100,100054,200,99928,100,100069,100,99920,100
2019-06-28 09:30:00.000000080,100009,200,99977,100,100010,100,99963,100,100017,100,99955,100,100030,100,99954,100,100033,100,99944,100,100038,100,99938,100,100043,100,99934,100,100048,100,99929,100,100054,200,99928,100,100069,100,99921,100
2019-06-28 09:30:00.000000081,100009,200,99977,100,100010,100,99963,100,100017,100,99955,100,100030,100,99954,100,100033,100,99944,100,100038,100,99938,100,100043,100,99934,100,100048,100,99929,100,100054,200,99928,100,100069,100,99921,100
2019-06-28 09:30:00.000000082,100009,200,99979,100,100010,100,99977,100,100017,100,99963,100,100030,100,99955,100,100033,100,99954,100,100038,100,99944,100,100043,100,99938,100,100048,100,99934,100,100054,200,99929,100,100069,100,99928,100
2019-06-28 09:30:00.000000085,100009,200,99979,100,100010,100,99977,100,100017,100,99963,100,100030,100,99955,100,100033,100,99954,100,100038,100,99944,100,100043,100,99938,100,100048,100,99934,100,100054,200,99929,100,100069,100,99928,100
2019-06-28 09:30:00.000000087,100009,200,99993,100,100010,100,99979,100,100017,100,99977,100,100030,100,99963,100,100033,100,99955,100,100038,100,99954,100,100043,100,99944,100,100048,100,99938,100,100054,200,99934,100,100069,100,99929,100
2019-06-28 09:30:00.000000088,100009,200,99993,100,100010,100,99979,100,100017,100,99977,100,100030,100,99963,100,100033,100,99955,100,100038,100,99954,100,100043,100,99944,100,100048,100,99938,100,100054,200,99934,100,100069,100,99929,100
2019-06-28 09:30:00.000000089,100009,200,99993,100,100010,100,99979,100,100017,100,99977,100,100030,100,99963,100,100033,100,99955,100,100038,100,99954,100,100043,100,99944,100,100048,100,99938,100,100054,200,99934,100,100056,100,99929,100
2019-06-28 09:30:00.000000090,100009,200,99993,100,100010,100,99979,100,100017,100,99977,100,100030,100,99963,100,100033,100,99955,100,100038,100,99954,100,100043,100,99944,100,100048,100,99938,100,100054,200,99934,100,100056,100,99929,100
2019-06-28 09:30:00.000000091,100009,200,99993,100,100010,100,99979,100,100017,100,99977,100,100030,100,99963,100,100033,100,99955,100,100038,100,99954,100,100043,100,99944,100,100048,100,99938,100,100054,200,99934,100,100056,100,99929,100
2019-06-28 09:30:00.000000096,100009,200,99993,100,100010,100,99979,100,100017,100,99977,100,100030,100,99963,100,100033,100,99955,100,100038,100,99954,100,100043,100,99944,100,100048,100,99938,100,100054,200,99934,100,100056,100,99929,100
2019-06-28 09:30:00.000000098,100009,200,99993,100,100010,100,99979,100,100017,100,99977,100,100030,100,99976,100,100033,100,99963,100,100038,100,99955,100,100043,100,99954,100,100048,100,99944,100,100054,200,99938,100,100056,100,99934,100
2019-06-28 09:30:00.000000099,100009,200,99993,100,100010,100,99979,100,100017,100,99977,100,100030,100,99976,100,100033,100,99963,100,100038,100,99955,100,100043,100,99954,100,100048,100,99944,100,100054,200,99938,100,100056,100,99934,100
2019-06-28 09:30:10.000000000,100009,688,99993,588,100010,100,99979,100,100017,100,99977,100,100030,100,99976,100,100033,100,99963,100,100038,100,99955,100,100043,100,99954,100,100048,100,99944,100,100054,200,99938,100,100056,100,99934,100
2019-06-28 09:30:14.615964066,100009,588,99993,588,100010,100,99979,100,100017,100,99977,100,100030,100,99976,100,100033,100,99963,100,100038,100,99955,100,100043,100,99954,100,100048,100,99944,100,100054,200,99938,100,100056,100,99934,100
2019-06-28 09:30:20.000000000,100009,198,99993,198,100010,198,99979,198,100017,198,99977,198,100030,198,99976,198,100033,198,99963,198,100038,100,99955,100,100043,100,99954,100,100048,100,99944,100,100054,200,99938,100,100056,100,99934,100
2019-06-28 09:30:20.295767182,100009,98,99993,198,100010,198,99979,198,100017,198,99977,198,100030,198,99976,198,100033,198,99963,198,100038,100,99955,100,100043,100,99954,100,100048,100,99944,100,100054,200,99938,100,100056,100,99934,100
2019-06-28 09:30:30.000000000,100010,198,99993,198,100017,198,99979,198,100030,198,99977,198,100033,198,99976,198,100038,198,99963,198,100043,100,99955,100,100048,100,99954,100,100054,200,99944,100,100056,100,99938,100,100069,100,99934,100
2019-06-28 09:30:40.000000000,100010,588,99993,588,100017,100,99979,100,100030,100,99977,100,100033,100,99976,100,100038,100,99963,100,100043,100,99955,100,100048,100,99954,100,100054,200,99944,100,100056,100,99938,100,100069,100,99934,100
2019-06-28 09:30:50.000000000,100010,266,99993,266,100017,261,99979,261,100030,261,99977,261,100033,100,99976,100,100038,100,99963,100,100043,100,99955,100,100048,100,99954,100,100054,200,99944,100,100056,100,99938,100,100069,100,99934,100
2019-06-28 09:30:59.451509120,100010,266,99993,266,100017,261,99979,261,100030,261,99977,261,100033,100,99976,100,100038,100,99963,100,100043,100,99955,100,100048,100,99954,100,100054,200,99944,100,100056,100,99938,100,100069,100,99934,100
2019-06-28 09:31:00.000000000,100010,588,99993,588,100017,100,99979,100,100030,100,99977,100,100033,100,99976,100,100038,100,99963,100,100043,100,99955,100,100048,100,99954,100,100054,200,99944,100,100056,100,99938,100,100069,100,99934,100
2019-06-28 09:31:09.027659106,100010,588,99993,588,100017,100,99979,100,100030,100,99977,100,100033,100,99976,100,100038,100,99963,100,100043,100,99955,100,100048,100,99954,100,100054,200,99944,100,100056,100,99938,100,100069,100,99934,100
2019-06-28 09:31:10.000000000,100010,344,99993,344,100017,344,99979,344,100030,100,99977,100,100033,100,99976,100,100038,100,99963,100,100043,100,99955,100,100048,100,99954,100,100054,200,99944,100,100056,100,99938,100,100069,100,99934,100
2019-06-28 09:31:10.767266622,100010,344,100009,100,100017,344,99993,344,100030,100,99979,344,100033,100,99977,100,100038,100,99976,100,100043,100,99963,100,100048,100,99955,100,100054,200,99954,100,100056,100,99944,100,100069,100,99938,100
2019-06-28 09:31:20.000000000,100010,588,100009,588,100017,100,99993,100,100030,100,99979,100,100033,100,99977,100,100038,100,99976,100,100043,100,99963,100,100048,100,99955,100,100054,200,99954,100,100056,100,99944,100,100069,100,99938,100
2019-06-28 09:31:24.592250145,100010,588,100009,588,100017,100,100003,100,100030,100,99993,100,100033,100,99979,100,100038,100,99977,100,100043,100,99976,100,100048,100,99963,100,100054,200,99955,100,100056,100,99954,100,100069,100,99944,100
2019-06-28 09:31:30.000000000,100010,222,100009,222,100017,222,100003,222,100030,222,99993,222,100033,222,99979,222,100038,100,99977,100,100043,100,99976,100,100048,100,99963,100,100054,200,99955,100,100056,100,99954,100,100069,100,99944,100
2019-06-28 09:31:40.000000000,100010,266,100009,266,100017,261,100003,261,100030,261,99993,261,100033,100,99979,100,100038,100,99977,100,100043,100,99976,100,100048,100,99963,100,100054,200,99955,100,100056,100,99954,100,100069,100,99944,100
2019-06-28 09:31:49.736733982,100010,266,100009,266,100017,261,100003,261,100030,261,99993,261,100033,100,99979,100,100038,100,99977,100,100043,100,99976,100,100048,100,99963,100,100054,200,99955,100,100056,100,99954,100,100072,100,99944,100
2019-06-28 09:31:50.000000000,100010,344,100009,344,100017,344,100003,344,100030,100,99993,100,100033,100,99979,100,100038,100,99977,100,100043,100,99976,100,100048,100,99963,100,100054,200,99955,100,100056,100,99954,100,100072,100,99944,100
2019-06-28 09:32:00.000000000,100010,266,100009,266,100017,261,100003,261,100030,261,99993,261,100033,100,99979,100,100038,100,99977,100,100043,100,99976,100,100048,100,99963,100,100054,200,99955,100,100056,100,99954,100,100072,100,99944,100
2019-06-28 09:32:09.980214375,100010,266,100009,166,100017,261,100003,261,100030,261,99993,261,100033,100,99979,100,100038,100,99977,100,100043,100,99976,100,100048,100,99963,100,100054,200,99955,100,100056,100,99954,100,100072,100,99944,100
2019-06-28 09:32:10.000000000,100010,198,100003,198,100017,198,99993,198,100030,198,99979,198,100033,198,99977,198,100038,198,99976,198,100043,100,99963,100,100048,100,99955,100,100054,200,99954,100,100056,100,99944,100,100072,100,99938,100
2019-06-28 09:32:10.751913295,100010,198,100003,198,100017,198,99993,198,100030,198,99979,198,100033,198,99977,198,100038,198,99976,198,100043,100,99963,100,100048,100,99955,100,100054,200,99954,100,100056,100,99944,100,100072,100,99938,100
2019-06-28 09:32:20.000000000,100010,266,100003,266,100017,261,99993,261,100030,261,99979,261,100033,100,99977,100,100038,100,99976,100,100043,100,99963,100,100048,100,99955,100,100054,200,99954,100,100056,100,99944,100,100072,100,99938,100
2019-06-28 09:32:29.230496542,100010,266,100003,166,100017,261,99993,261,100030,261,99979,261,100033,100,99977,100,100038,100,99976,100,100043,100,99963,100,100048,100,99955,100,100054,200,99954,100,100056,100,99944,100,100072,100,99938,100
2019-06-28 09:32:30.000000000,100010,266,99993,266,100017,261,99979,261,100030,261,99977,261,100033,100,99976,100,100038,100,99963,100,100043,100,99955,100,100048,100,99954,100,100054,200,99944,100,100056,100,99938,100,100072,100,99934,100
2019-06-28 09:32:34.256361039,100010,266,99993,266,100017,261,99979,261,100030,261,99977,261,100033,100,99976,100,100038,100,99963,100,100043,100,99955,100,100048,100,99954,100,100054,200,99944,100,100056,100,99938,100,100072,100,99934,100
2019-06-28 09:32:39.110807533,100010,266,99993,266,100017,261,99979,261,100030,261,99977,261,100033,100,99976,100,100038,100,99963,100,100043,100,99955,100,100048,100,99954,100,100054,200,99944,100,100056,100,99938,100,100072,100,99934,100
2019-06-28 09:32:40.000000000,100010,266,99993,266,100017,261,99979,261,100030,261,99977,261,100033,100,99976,100,100038,100,99963,100,100043,100,99955,100,100048,100,99954,100,100054,200,99944,100,100056,100,99938,100,100072,100,99934,100
2019-06-28 09:32:43.409877683,100010,266,99993,266,100017,261,99979,261,100030,261,99977,261,100033,100,99963,100,100038,100,99955,100,100043,100,99954,100,100048,100,99944,100,100054,200,99938,100,100056,100,99934,100,100072,100,99929,100
2019-06-28 09:32:44.165235172,100010,266,99993,266,100017,261,99979,261,100030,261,99977,261,100033,100,99963,100,100038,100,99955,100,100043,100,99944,100,100048,100,99938,100,100054,200,99934,100,100056,100,99929,100,100072,100,99928,100
2019-06-28 09:32:49.799241148,100010,266,99993,266,100017,261,99979,261,100030,261,99977,261,100038,100,99963,100,100043,100,99955,100,100048,100,99944,100,100054,200,99938,100,100056,100,99934,100,100072,100,99929,100,100075,100,99928,100
2019-06-28 09:32:50.000000000,100010,266,99993,266,100017,261,99979,261,100030,261,99977,261,100038,100,99963,100,100043,100,99955,100,100048,100,99944,100,100054,200,99938,100,100056,100,99934,100,100072,100,99929,100,100075,100,99928,100
2019-06-28 09:33:00.000000000,100010,588,99993,588,100017,100,99979,100,100030,100,99977,100,100038,100,99963,100,100043,100,99955,100,100048,100,99944,100,100054,200,99938,100,100056,100,99934,100,100072,100,99929,100,100075,100,99928,100
2019-06-28 09:33:06.487805944,100010,488,99993,488,100017,100,99979,100,100030,100,99977,100,100038,100,99963,100,100043,100,99955,100,100048,100,99944,100,100054,200,99938,100,100056,100,99934,100,100072,100,99929,100,100075,100,99928,100
2019-06-28 09:33:10.000000000,100017,198,99979,198,100030,198,99977,198,100038,198,99963,198,100043,198,99955,198,100048,198,99944,198,100054,200,99938,100,100056,100,99934,100,100072,100,99929,100,100075,100,99928,100,100078,100,99921,100
2019-06-28 09:33:13.209800506,100017,98,99979,198,100030,198,99977,198,100038,198,99963,198,100043,198,99955,198,100048,198,99944,198,100054,200,99938,100,100056,100,99934,100,100072,100,99929,100,100075,100,99928,100,100078,100,99921,100
2019-06-28 09:33:16.085428112,100017,98,99979,198,100030,198,99977,198,100038,198,99963,198,100043,198,99955,198,100048,198,99944,198,100054,200,99938,100,100056,100,99929,100,100072,100,99928,100,100075,100,99921,100,100078,100,99920,100
2019-06-28 09:33:18.768372397,100017,98,99979,98,100030,198,99977,198,100038,198,99963,198,100043,198,99955,198,100048,198,99944,198,100054,200,99938,100,100056,100,99929,100,100072,100,99928,100,100075,100,99921,100,100078,100,99920,100
2019-06-28 09:33:20.000000000,100030,588,99977,588,100038,100,99963,100,100043,100,99955,100,100048,100,99944,100,100054,200,99938,100,100056,100,99929,100,100072,100,99928,100,100075,100,99921,100,100078,100,99920,100,100084,100,99918,100
2019-06-28 09:33:30.000000000,100030,588,99977,588,100038,100,99963,100,100043,100,99955,100,100048,100,99944,100,100054,200,99938,100,100056,100,99929,100,100072,100,99928,100,100075,100,99921,100,100078,100,99920,100,100084,100,99918,100
2019-06-28 09:33:30.605967707,99987,100,99977,588,100030,588,99963,100,100038,100,99955,100,100043,100,99944,100,100048,100,99938,100,100054,200,99929,100,100056,100,99928,100,100072,100,99921,100,100075,100,99920,100,100078,100,99918,100
2019-06-28 09:33:40.000000000,99987,198,99977,198,100030,198,99963,198,100038,198,99955,198,100043,198,99944,198,100048,198,99938,198,100054,200,99929,100,100056,100,99928,100,100072,100,99921,100,100075,100,99920,100,100078,100,99918,100
2019-06-28 09:33:50.000000000,99987,344,99977,344,100030,344,99963,344,100038,100,99955,100,100043,100,99944,100,100048,100,99938,100,100054,200,99929,100,100056,100,99928,100,100072,100,99921,100,100075,100,99920,100,100078,100,99918,100
2019-06-28 09:33:53.058582333,99987,344,99977,244,100030,344,99963,344,100038,100,99955,100,100043,100,99944,100,100048,100,99938,100,100054,200,99929,100,100056,100,99928,100,100072,100,99921,100,100075,100,99920,100,100078,100,99918,100
2019-06-28 09:34:00.000000000,99987,588,99963,588,100030,100,99955,100,100038,100,99944,100,100043,100,99938,100,100048,100,99929,100,100054,200,99928,100,100056,100,99921,100,100072,100,99920,100,100075,100,99918,100,100078,100,99887,100
2019-06-28 09:34:05.389202831,99987,588,99963,588,100030,100,99955,100,100034,100,99944,100,100038,100,99938,100,100043,100,99929,100,100048,100,99928,100,100054,200,99921,100,100056,100,99920,100,100072,100,99918,100,100075,100,99887,100
2019-06-28 09:34:05.858983260,99987,588,99963,588,100030,100,99955,100,100034,100,99944,100,100038,100,99938,100,100043,100,99929,100,100048,100,99928,100,100054,200,99921,100,100056,100,99920,100,100072,100,99918,100,100075,100,99887,100
2019-06-28 09:34:10.000000000,99987,344,99963,344,100030,344,99955,344,100034,100,99944,100,100038,100,99938,100,100043,100,99929,100,100048,100,99928,100,100054,200,99921,100,100056,100,99920,100,100072,100,99918,100,100075,100,99887,100
2019-06-28 09:34:20.000000000,99987,344,99963,344,100030,344,99955,344,100034,100,99944,100,100038,100,99938,100,100043,100,99929,100,100048,100,99928,100,100054,200,99921,100,100056,100,99920,100,100072,100,99918,100,100075,100,99887,100
2019-06-28 09:34:30.000000000,99987,588,99963,588,100030,100,99955,100,100034,100,99944,100,100038,100,99938,100,100043,100,99929,100,100048,100,99928,100,100054,200,99921,100,100056,100,99920,100,100072,100,99918,100,100075,100,99887,100
2019-06-28 09:34:37.542307677,99987,588,99963,588,100030,100,99955,100,100034,100,99944,100,100038,100,99938,100,100043,100,99929,100,100048,100,99928,100,100054,200,99921,100,100056,100,99920,100,100072,100,99918,100,100075,100,99887,100
2019-06-28 09:34:40.000000000,99987,222,99963,222,100030,222,99955,222,100034,222,99944,222,100038,222,99938,222,100043,100,99929,100,100048,100,99928,100,100054,200,99921,100,100056,100,99920,100,100072,100,99918,100,100075,100,99887,100
2019-06-28 09:34:46.266828272,99987,122,99963,222,100030,222,99955,222,100034,222,99944,222,100038,222,99938,222,100043,100,99929,100,100048,100,99928,100,100054,200,99921,100,100072,100,99920,100,100075,100,99918,100,100084,100,99887,100
2019-06-28 09:34:46.855996195,99987,122,99963,222,100030,222,99955,222,100034,222,99944,222,100038,222,99938,222,100043,100,99929,100,100048,100,99928,100,100054,200,99921,100,100072,100,99920,100,100075,100,99918,100,100084,100,99887,100
2019-06-28 09:34:50.000000000,100030,344,99963,344,100034,344,99955,344,100038,100,99944,100,100043,100,99938,100,100048,100,99929,100,100054,200,99928,100,100072,100,99921,100,100075,100,99920,100,100084,100,99918,100,100093,100,99887,100
2019-06-28 09:35:00.000000000,100030,266,99963,266,100034,261,99955,261,100038,261,99944,261,100043,100,99938,100,100048,100,99929,100,100054,200,99928,100,100072,100,99921,100,100075,100,99920,100,100084,100,99918,100,100093,100,99887,100
2019-06-28 09:35:10.000000000,100030,266,99963,266,100034,261,99955,261,100038,261,99944,261,100043,100,99938,100,100048,100,99929,100,100054,200,99928,100,100072,100,99921,100,100075,100,99920,100,100084,100,99918,100,100093,100,99887,100
2019-06-28 09:35:19.361016549,100030,166,99963,266,100034,261,99955,261,100038,161,99944,261,100043,100,99938,100,100048,100,99929,100,100054,200,99928,100,100072,100,99921,100,100075,100,99920,100,100084,100,99918,100,100093,100,99887,100
2019-06-28 09:35:20.000000000,100034,198,99963,198,100043,198,99955,198,100048,198,99944,198,100054,298,99938,198,100072,198,99929,198,100075,100,99928,100,100084,100,99921,100,100093,100,99920,100,100107,100,99918,100,100142,100,99887,100
2019-06-28 09:35:30.000000000,100034,344,99963,344,100043,344,99955,344,100048,100,99944,100,100054,200,99938,100,100072,100,99929,100,100075,100,99928,100,100084,100,99921,100,100093,100,99920,100,100107,100,99918,100,100142,100,99887,100
2019-06-28 09:35:30.946802829,100034,344,99987,100,100043,344,99963,344,100048,100,99955,344,100054,200,99944,100,100072,100,99938,100,100075,100,99929,100,100084,100,99928,100,100093,100,99921,100,100107,100,99920,100,100142,100,99918,100
2019-06-28 09:35:37.433380652,100034,344,99987,100,100043,344,99963,344,100048,100,99955,344,100054,200,99944,100,100072,100,99938,100,100075,100,99929,100,100084,100,99928,100,100093,100,99921,100,100107,100,99920,100,100142,100,99918,100
2019-06-28 09:35:40.000000000,100034,344,99987,344,100043,344,99963,344,100048,100,99955,100,100054,200,99944,100,100072,100,99938,100,100075,100,99929,100,100084,100,99928,100,100093,100,99921,100,100107,100,99920,100,100142,100,99918,100
2019-06-28 09:35:50.000000000,100034,266,99987,266,100043,261,99963,261,100048,261,99955,261,100054,200,99944,100,100072,100,99938,100,100075,100,99929,100,100084,100,99928,100,100093,100,99921,100,100107,100,99920,100,100142,100,99918,100
2019-06-28 09:35:59.546524292,100034,266,99987,266,100043,261,99963,261,100048,261,99955,261,100054,200,99944,100,100072,100,99938,100,100075,100,99929,100,100093,100,99928,100,100107,100,99921,100,100142,100,99920,100,100147,100,99918,100
2019-06-28 09:36:00.000000000,100034,222,99987,222,100043,222,99963,222,100048,222,99955,222,100054,322,99944,222,100072,100,99938,100,100075,100,99929,100,100093,100,99928,100,100107,100,99921,100,100142,100,99920,100,100147,100,99918,100
2019-06-28 09:36:10.000000000,100034,344,99987,344,100043,344,99963,344,100048,100,99955,100,100054,200,99944,100,100072,100,99938,100,100075,100,99929,100,100093,100,99928,100,100107,100,99921,100,100142,100,99920,100,100147,100,99918,100
2019-06-28 09:36:10.498536805,100034,344,99987,344,100043,344,99963,344,100048,100,99955,100,100054,200,99944,100,100072,100,99938,100,100075,100,99929,100,100093,100,99928,100,100107,100,99921,100,100142,100,99920,100,100147,100,99887,100
2019-06-28 09:36:14.429119401,100034,344,99987,344,100043,344,99963,344,100048,100,99955,100,100054,100,99944,100,100072,100,99938,100,100075,100,99929,100,100093,100,99928,100,100107,100,99921,100,100142,100,99920,100,100147,100,99887,100
2019-06-28 09:36:20.000000000,100034,266,99987,266,100043,261,99963,261,100048,261,99955,261,100054,100,99944,100,100072,100,99938,100,100075,100,99929,100,100093,100,99928,100,100107,100,99921,100,100142,100,99920,100,100147,100,99887,100
2019-06-28 09:36:30.000000000,100034,266,99987,266,100043,261,99963,261,100048,261,99955,261,100054,100,99944,100,100072,100,99938,100,100075,100,99929,100,100093,100,99928,100,100107,100,99921,100,100142,100,99920,100,100147,100,99887,100
2019-06-28 09:36:40.000000000,100034,266,99987,266,100043,261,99963,261,100048,261,99955,261,100054,100,99944,100,100072,100,99938,100,100075,100,99929,100,100093,100,99928,100,100107,100,99921,100,100142,100,99920,100,100147,100,99887,100
2019-06-28 09:36:42.212362499,100034,266,99987,266,100043,261,99963,261,100048,261,99955,261,100054,100,99944,100,100072,100,99938,100,100075,100,99929,100,100093,100,99928,100,100107,100,99921,100,100142,100,99920,100,100147,100,99887,100
2019-06-28 09:36:50.000000000,100034,222,99987,222,100043,222,99963,222,100048,222,99955,222,100054,222,99944,222,100072,100,99938,100,100075,100,99929,100,100093,100,99928,100,100107,100,99921,100,100142,100,99920,100,100147,100,99887,100
2019-06-28 09:37:00.000000000,100034,266,99987,266,100043,261,99963,261,100048,261,99955,261,100054,100,99944,100,100072,100,99938,100,100075,100,99929,100,100093,100,99928,100,100107,100,99921,100,100142,100,99920,100,100147,100,99887,100
2019-06-28 09:37:01.346212351,100034,166,99987,266,100043,261,99963,261,100048,261,99955,261,100054,100,99944,100,100072,100,99938,100,100075,100,99929,100,100093,100,99928,100,100107,100,99921,100,100142,100,99920,100,100147,100,99887,100
2019-06-28 09:37:10.000000000,100043,198,99987,198,100048,198,99963,198,100054,198,99955,198,100072,198,99944,198,100075,198,99938,198,100093,100,99929,100,100107,100,99928,100,100142,100,99921,100,100147,100,99920,100,100216,100,99887,100
2019-06-28 09:37:14.820177698,100043,198,99987,198,100048,198,99963,198,100054,198,99955,198,100072,198,99944,198,100075,198,99938,198,100093,100,99929,100,100107,100,99928,100,100142,100,99921,100,100147,100,99920,100,100216,100,99887,100
2019-06-28 09:37:20.000000000,100043,588,99987,588,100048,100,99963,100,100054,100,99955,100,100072,100,99944,100,100075,100,99938,100,100093,100,99929,100,100107,100,99928,100,100142,100,99921,100,100147,100,99920,100,100216,100,99887,100
2019-06-28 09:37:30.000000000,100043,588,99987,588,100048,100,99963,100,100054,100,99955,100,100072,100,99944,100,100075,100,99938,100,100093,100,99929,100,100107,100,99928,100,100142,100,99921,100,100147,100,99920,100,100216,100,99887,100
2019-06-28 09:37:40.000000000,100043,344,99987,344,100048,344,99963,344,100054,100,99955,100,100072,100,99944,100,100075,100,99938,100,100093,100,99929,100,100107,100,99928,100,100142,100,99921,100,100147,100,99920,100,100216,100,99887,100
2019-06-28 09:37:50.000000000,100043,344,99987,344,100048,344,99963,344,100054,100,99955,100,100072,100,99944,100,100075,100,99938,100,100093,100,99929,100,100107,100,99928,100,100142,100,99921,100,100147,100,99920,100,100216,100,99887,100
2019-06-28 09:37:50.560393992,100043,244,99987,344,100048,344,99963,344,100054,100,99955,100,100072,100,99944,100,100075,100,99938,100,100093,100,99929,100,100107,100,99928,100,100142,100,99921,100,100147,100,99920,100,100216,100,99887,100
2019-06-28 09:38:00.000000000,100048,266,99987,266,100054,261,99963,261,100072,261,99955,261,100075,100,99944,100,100093,100,99938,100,100107,100,99929,100,100142,100,99928,100,100147,100,99921,100,100216,100,99920,100,100279,100,99887,100
2019-06-28 09:38:02.461656215,100048,266,99987,266,100054,261,99963,261,100072,261,99955,261,100075,100,99944,100,100093,100,99938,100,100107,100,99929,100,100142,100,99928,100,100147,100,99921,100,100279,100,99920,100,100345,100,99887,100
2019-06-28 09:38:05.706409703,100048,266,99987,266,100054,261,99963,161,100072,261,99955,261,100075,100,99944,100,100093,100,99938,100,100107,100,99929,100,100142,100,99928,100,100147,100,99921,100,100279,100,99920,100,100345,100,99887,100
2019-06-28 09:38:10.000000000,100048,266,99987,266,100054,261,99955,261,100072,261,99944,261,100075,100,99938,100,100093,100,99929,100,100107,100,99928,100,100142,100,99921,100,100147,100,99920,100,100279,100,99887,100,100345,100,99869,100
2019-06-28 09:38:13.080333863,100048,266,99987,266,100054,261,99955,261,100072,261,99944,261,100075,100,99938,100,100093,100,99929,100,100107,100,99928,100,100142,100,99921,100,100147,100,99920,100,100279,100,99887,100,100345,100,99830,100
2019-06-28 09:38:20.000000000,100048,198,99987,198,100054,198,99955,198,100072,198,99944,198,100075,198,99938,198,100093,198,99929,198,100107,100,99928,100,100142,100,99921,100,100147,100,99920,100,100279,100,99887,100,100345,100,99830,100
2019-06-28 09:38:30.000000000,100048,198,99987,198,100054,198,99955,198,100072,198,99944,198,100075,198,99938,198,100093,198,99929,198,100107,100,99928,100,100142,100,99921,100,100147,100,99920,100,100279,100,99887,100,100345,100,99830,100
2019-06-28 09:38:40.000000000,100048,266,99987,266,100054,261,99955,261,100072,261,99944,261,100075,100,99938,100,100093,100,99929,100,100107,100,99928,100,100142,100,99921,100,100147,100,99920,100,100279,100,99887,100,100345,100,99830,100
2019-06-28 09:38:44.783103325,100048,266,100034,100,100054,261,99987,266,100072,261,99955,261,100075,100,99944,261,100093,100,99938,100,100107,100,99929,100,100142,100,99928,100,100147,100,99921,100,100279,100,99920,100,100345,100,99887,100
2019-06-28 09:38:49.561124340,100048,266,100034,100,100054,261,99987,266,100072,261,99955,261,100075,100,99944,261,100093,100,99938,100,100107,100,99929,100,100142,100,99928,100,100147,100,99921,100,100279,100,99920,100,100345,100,99887,100
2019-06-28 09:38:50.000000000,100048,198,100034,198,100054,198,99987,198,100072,198,99955,198,100075,198,99944,198,100093,198,99938,198,100107,100,99929,100,100142,100,99928,100,100147,100,99921,100,100279,100,99920,100,100345,100,99887,100
2019-06-28 09:38:59.225836563,100048,198,100034,198,100054,198,99987,198,100072,198,99955,198,100075,198,99944,198,100093,198,99938,198,100107,100,99929,100,100142,100,99928,100,100147,100,99921,100,100279,100,99920,100,100345,100,99887,100
2019-06-28 09:39:00.000000000,100048,198,100034,198,100054,198,99987,198,100072,198,99955,198,100075,198,99944,198,100093,198,99938,198,100107,100,99929,100,100142,100,99928,100,100147,100,99921,100,100279,100,99920,100,100345,100,99887,100
2019-06-28 09:39:10.000000000,100048,588,100034,588,100054,100,99987,100,100072,100,99955,100,100075,100,99944,100,100093,100,99938,100,100107,100,99929,100,100142,100,99928,100,100147,100,99921,100,100279,100,99920,100,100345,100,99887,100
2019-06-28 09:39:13.094063019,100048,588,100034,688,100054,100,99987,100,100072,100,99955,100,100075,100,99944,100,100093,100,99938,100,100107,100,99929,100,100142,100,99928,100,100147,100,99921,100,100279,100,99920,100,100345,100,99887,100
2019-06-28 09:39:20.000000000,100048,344,100034,444,100054,344,99987,344,100072,100,99955,100,100075,100,99944,100,100093,100,99938,100,100107,100,99929,100,100142,100,99928,100,100147,100,99921,100,100279,100,99920,100,100345,100,99887,100
2019-06-28 09:39:21.212288605,100048,344,100034,544,100054,344,99987,344,100072,100,99955,100,100075,100,99944,100,100093,100,99938,100,100107,100,99929,100,100142,100,99928,100,100147,100,99921,100,100279,100,99920,100,100345,100,99887,100
2019-06-28 09:39:30.000000000,100048,222,100034,422,100054,222,99987,222,100072,222,99955,222,100075,222,99944,222,100093,100,99938,100,100107,100,99929,100,100142,100,99928,100,100147,100,99921,100,100279,100,99920,100,100345,100,99887,100
2019-06-28 09:39:40.000000000,100048,198,100034,398,100054,198,99987,198,100072,198,99955,198,100075,198,99944,198,100093,198,99938,198,100107,100,99929,100,100142,100,99928,100,100147,100,99921,100,100279,100,99920,100,100345,100,99887,100
2019-06-28 09:39:50.000000000,100048,344,100034,544,100054,344,99987,344,100072,100,99955,100,100075,100,99944,100,100093,100,99938,100,100107,100,99929,100,100142,100,99928,100,100147,100,99921,100,100279,100,99920,100,100345,100,99887,100
2019-06-28 09:39:57.399422294,100048,344,100034,544,100054,344,99987,344,100072,100,99955,100,100075,100,99944,100,100093,100,99938,100,100107,100,99929,100,100142,100,99928,100,100147,100,99920,100,100279,100,99887,100,100345,100,99830,100
2019-06-28 09:40:00.000000000,100048,344,100034,544,100054,344,99987,344,100072,100,99955,100,100075,100,99944,100,100093,100,99938,100,100107,100,99929,100,100142,100,99928,100,100147,100,99920,100,100279,100,99887,100,100345,100,99830,100
2019-06-28 09:40:03.261483507,100048,344,100034,544,100054,344,99987,344,100072,100,99955,100,100075,100,99944,100,100093,100,99938,100,100107,100,99929,100,100142,100,99928,100,100147,100,99920,100,100279,100,99887,100,100345,100,99830,100
2019-06-28 09:40:10.000000000,100048,198,100034,398,100054,198,99987,198,100072,198,99955,198,100075,198,99944,198,100093,198,99938,198,100107,100,99929,100,100142,100,99928,100,100147,100,99920,100,100279,100,99887,100,100345,100,99830,100
2019-06-28 09:40:14.371342294,100048,98,100034,398,100054,198,99987,198,100072,198,99955,198,100075,198,99944,198,100093,198,99938,198,100107,100,99929,100,100142,100,99928,100,100147,100,99920,100,100279,100,99887,100,100345,100,99830,100
2019-06-28 09:40:20.000000000,100054,222,100034,422,100072,222,99987,222,100075,222,99955,222,100093,222,99944,222,100107,100,99938,100,100142,100,99929,100,100147,100,99928,100,100279,100,99920,100,100345,100,99887,100,100391,100,99830,100
2019-06-28 09:40:30.000000000,100054,198,100034,398,100072,198,99987,198,100075,198,99955,198,100093,198,99944,198,100107,198,99938,198,100142,100,99929,100,100147,100,99928,100,100279,100,99920,100,100345,100,99887,100,100391,100,99830,100
2019-06-28 09:40:40.000000000,100054,266,100034,466,100072,261,99987,261,100075,261,99955,261,100093,100,99944,100,100107,100,99938,100,100142,100,99929,100,100147,100,99928,100,100279,100,99920,100,100345,100,99887,100,100391,100,99830,100
2019-06-28 09:40:40.287616660,100054,166,100034,466,100072,261,99987,261,100075,261,99955,261,100093,100,99944,100,100107,100,99938,100,100142,100,99929,100,100147,100,99928,100,100345,100,99920,100,100391,100,99887,100,100433,100,99830,100
2019-06-28 09:40:50.000000000,100072,588,100034,788,100075,100,99987,100,100093,100,99955,100,100107,100,99944,100,100142,100,99938,100,100147,100,99929,100,100345,100,99928,100,100391,100,99920,100,100433,100,99887,100,100434,100,99830,100
2019-06-28 09:40:51.578750567,100072,488,100034,788,100075,100,99987,100,100093,100,99955,100,100107,100,99944,100,100142,100,99938,100,100147,100,99929,100,100345,100,99928,100,100391,100,99920,100,100433,100,99887,100,100466,100,99830,100
2019-06-28 09:41:00.000000000,100075,198,100034,398,100093,198,99987,198,100107,198,99955,198,100142,198,99944,198,100147,198,99938,198,100345,100,99929,100,100391,100,99928,100,100433,100,99920,100,100466,100,99887,100,100529,100,99830,100
2019-06-28 09:41:08.618157070,100075,198,100034,398,100093,198,99987,198,100107,198,99955,198,100142,198,99944,198,100147,198,99938,198,100345,100,99929,100,100391,100,99928,100,100433,100,99920,100,100466,100,99887,100,100529,100,99830,100
2019-06-28 09:41:10.000000000,100075,222,100034,422,100093,222,99987,222,100107,222,99955,222,100142,222,99944,222,100147,100,99938,100,100345,100,99929,100,100391,100,99928,100,100433,100,99920,100,100466,100,99887,100,100529,100,99830,100
2019-06-28 09:41:19.378237248,100053,100,100034,422,100075,222,99987,222,100093,222,99955,222,100107,222,99944,222,100142,222,99938,100,100147,100,99929,100,100345,100,99928,100,100391,100,99920,100,100433,100,99887,100,100466,100,99830,100
2019-06-28 09:41:20.000000000,100053,198,100034,398,100075,198,99987,198,100093,198,99955,198,100107,198,99944,198,100142,198,99938,198,100147,100,99929,100,100345,100,99928,100,100391,100,99920,100,100433,100,99887,100,100466,100,99830,100
2019-06-28 09:41:30.000000000,100053,266,100034,466,100075,261,99987,261,100093,261,99955,261,100107,100,99944,100,100142,100,99938,100,100147,100,99929,100,100345,100,99928,100,100391,100,99920,100,100433,100,99887,100,100466,100,99830,100
2019-06-28 09:41:40.000000000,100053,588,100034,788,100075,100,99987,100,100093,100,99955,100,100107,100,99944,100,100142,100,99938,100,100147,100,99929,100,100345,100,99928,100,100391,100,99920,100,100433,100,99887,100,100466,100,99830,100
2019-06-28 09:41:50.000000000,100053,266,100034,466,100075,261,99987,261,100093,261,99955,261,100107,100,99944,100,100142,100,99938,100,100147,100,99929,100,100345,100,99928,100,100391,100,99920,100,100433,100,99887,100,100466,100,99830,100
2019-06-28 09:42:00.000000000,100053,266,100034,466,100075,261,99987,261,100093,261,99955,261,100107,100,99944,100,100142,100,99938,100,100147,100,99929,100,100345,100,99928,100,100391,100,99920,100,100433,100,99887,100,100466,100,99830,100
2019-06-28 09:42:10.000000000,100053,222,100034,422,100075,222,99987,222,100093,222,99955,222,100107,222,99944,222,100142,100,99938,100,100147,100,99929,100,100345,100,99928,100,100391,100,99920,100,100433,100,99887,100,100466,100,99830,100
2019-06-28 09:42:20.000000000,100053,344,100034,544,100075,344,99987,344,100093,100,99955,100,100107,100,99944,100,100142,100,99938,100,100147,100,99929,100,100345,100,99928,100,100391,100,99920,100,100433,100,99887,100,100466,100,99830,100
2019-06-28 09:42:30.000000000,100053,344,100034,544,100075,344,99987,344,100093,100,99955,100,100107,100,99944,100,100142,100,99938,100,100147,100,99929,100,100345,100,99928,100,100391,100,99920,100,100433,100,99887,100,100466,100,99830,100
2019-06-28 09:42:31.703574388,100053,444,100034,544,100075,344,99987,344,100093,100,99955,100,100107,100,99944,100,100142,100,99938,100,100147,100,99929,100,100345,100,99928,100,100391,100,99920,100,100433,100,99887,100,100466,100,99830,100
2019-06-28 09:42:36.520350177,100053,444,100034,544,100075,344,99987,344,100093,100,99955,100,100107,100,99944,100,100142,100,99938,100,100147,100,99929,100,100345,100,99928,100,100391,100,99920,100,100433,100,99887,100,100466,100,99830,100
2019-06-28 09:42:38.913650151,100053,444,100034,544,100075,344,99987,344,100093,100,99955,100,100107,100,99944,100,100142,100,99938,100,100147,100,99929,100,100345,100,99928,100,100391,100,99920,100,100433,100,99887,100,100466,100,99830,100
2019-06-28 09:42:40.000000000,100053,298,100034,398,100075,198,99987,198,100093,198,99955,198,100107,198,99944,198,100142,198,99938,198,100147,100,99929,100,100345,100,99928,100,100391,100,99920,100,100433,100,99887,100,100466,100,99830,100
2019-06-28 09:42:40.750597405,100053,298,100034,398,100075,198,99987,198,100093,198,99955,198,100107,198,99944,198,100142,198,99938,198,100147,100,99929,100,100345,100,99928,100,100391,100,99920,100,100433,100,99887,100,100466,100,99830,100
2019-06-28 09:42:49.522550896,100053,398,100034,398,100075,198,99987,98,100093,198,99955,198,100107,198,99944,198,100142,198,99938,198,100147,100,99929,100,100345,100,99928,100,100391,100,99920,100,100433,100,99887,100,100466,100,99830,100
2019-06-28 09:42:50.000000000,100053,422,100034,422,100075,222,99955,222,100093,222,99944,222,100107,222,99938,222,100142,100,99929,100,100147,100,99928,100,100345,100,99920,100,100391,100,99887,100,100433,100,99830,100,100466,100,99811,100
2019-06-28 09:42:59.488001613,100053,422,100034,422,100075,222,99955,222,100093,222,99944,222,100107,222,99938,222,100142,100,99929,100,100147,100,99928,100,100345,100,99920,100,100391,100,99887,100,100433,100,99830,100,100466,100,99811,100
2019-06-28 09:43:00.000000000,100053,422,100034,422,100075,222,99955,222,100093,222,99944,222,100107,222,99938,222,100142,100,99929,100,100147,100,99928,100,100345,100,99920,100,100391,100,99887,100,100433,100,99830,100,100466,100,99811,100
2019-06-28 09:43:10.000000000,100053,466,100034,466,100075,261,99955,261,100093,261,99944,261,100107,100,99938,100,100142,100,99929,100,100147,100,99928,100,100345,100,99920,100,100391,100,99887,100,100433,100,99830,100,100466,100,99811,100
2019-06-28 09:43:20.000000000,100053,788,100034,788,100075,100,99955,100,100093,100,99944,100,100107,100,99938,100,100142,100,99929,100,100147,100,99928,100,100345,100,99920,100,100391,100,99887,100,100433,100,99830,100,100466,100,99811,100
2019-06-28 09:43:30.000000000,100053,398,100034,398,100075,198,99955,198,100093,198,99944,198,100107,198,99938,198,100142,198,99929,198,100147,100,99928,100,100345,100,99920,100,100391,100,99887,100,100433,100,99830,100,100466,100,99811,100
2019-06-28 09:43:40.000000000,100053,422,100034,422,100075,222,99955,222,100093,222,99944,222,100107,222,99938,222,100142,100,99929,100,100147,100,99928,100,100345,100,99920,100,100391,100,99887,100,100433,100,99830,100,100466,100,99811,100
2019-06-28 09:43:50.000000000,100053,544,100034,544,100075,344,99955,344,100093,100,99944,100,100107,100,99938,100,100142,100,99929,100,100147,100,99928,100,100345,100,99920,100,100391,100,99887,100,100433,100,99830,100,100466,100,99811,100
2019-06-28 09:44:00.000000000,100053,788,100034,788,100075,100,99955,100,100093,100,99944,100,100107,100,99938,100,100142,100,99929,100,100147,100,99928,100,100345,100,99920,100,100391,100,99887,100,100433,100,99830,100,100466,100,99811,100
2019-06-28 09:44:10.000000000,100053,422,100034,422,100075,222,99955,222,100093,222,99944,222,100107,222,99938,222,100142,100,99929,100,100147,100,99928,100,100345,100,99920,100,100391,100,99887,100,100433,100,99830,100,100466,100,99811,100
2019-06-28 09:44:10.030666419,100053,422,100034,422,100075,222,99955,222,100093,222,99944,222,100107,222,99938,222,100142,100,99929,100,100147,100,99928,100,100345,100,99920,100,100391,100,99887,100,100433,100,99830,100,100466,100,99811,100
2019-06-28 09:44:10.881272741,100053,422,100034,422,100075,222,99955,222,100093,222,99944,222,100107,222,99938,222,100142,100,99929,100,100147,100,99928,100,100345,100,99920,100,100391,100,99887,100,100433,100,99830,100,100466,100,99811,100
2019-06-28 09:44:20.000000000,100053,398,100034,398,100075,198,99955,198,100093,198,99944,198,100107,198,99938,198,100142,198,99929,198,100147,100,99928,100,100345,100,99920,100,100391,100,99887,100,100433,100,99830,100,100466,100,99811,100
2019-06-28 09:44:20.080044357,100053,398,100034,398,100075,198,99955,198,100093,198,99944,198,100107,198,99938,198,100142,198,99929,198,100147,100,99920,100,100345,100,99887,100,100391,100,99830,100,100433,100,99811,100,100466,100,99793,100
2019-06-28 09:44:30.000000000,100053,422,100034,422,100075,222,99955,222,100093,222,99944,222,100107,222,99938,222,100142,100,99929,100,100147,100,99920,100,100345,100,99887,100,100391,100,99830,100,100433,100,99811,100,100466,100,99793,100
2019-06-28 09:44:30.245427721,100053,422,100034,322,100075,222,99955,222,100093,222,99944,222,100107,222,99938,222,100142,100,99929,100,100147,100,99920,100,100345,100,99887,100,100391,100,99830,100,100433,100,99811,100,100466,100,99793,100
2019-06-28 09:44:31.377124778,100053,422,100034,322,100075,122,99955,222,100093,222,99944,222,100107,222,99938,222,100142,100,99929,100,100147,100,99920,100,100345,100,99887,100,100391,100,99830,100,100433,100,99811,100,100466,100,99793,100
2019-06-28 09:44:36.776371393,100053,422,100034,322,100075,122,99955,222,100093,222,99944,222,100107,222,99938,222,100142,100,99929,100,100147,100,99920,100,100345,100,99887,100,100391,100,99811,100,100433,100,99793,100,100466,100,99702,100
2019-06-28 09:44:40.000000000,100053,398,100034,298,100093,198,99955,198,100107,198,99944,198,100142,198,99938,198,100147,198,99929,198,100345,100,99920,100,100391,100,99887,100,100433,100,99811,100,100466,100,99793,100,100529,100,99702,100
2019-06-28 09:44:45.065853961,100053,398,100034,298,100093,198,99955,198,100107,198,99944,198,100142,198,99938,98,100147,198,99929,198,100345,100,99920,100,100391,100,99887,100,100433,100,99811,100,100466,100,99793,100,100529,100,99702,100
2019-06-28 09:44:48.601385743,100053,398,100034,298,100093,198,99955,198,100107,198,99944,198,100142,198,99938,98,100147,198,99929,198,100345,100,99920,100,100391,100,99887,100,100433,100,99811,100,100466,100,99793,100,100529,100,99702,100
2019-06-28 09:44:50.000000000,100053,544,100034,444,100093,344,99955,344,100107,100,99944,100,100142,100,99929,100,100147,100,99920,100,100345,100,99887,100,100391,100,99811,100,100433,100,99793,100,100466,100,99702,100,100529,100,99623,100
2019-06-28 09:44:52.247363792,100053,544,100034,444,100093,344,99955,344,100107,100,99944,100,100142,100,99929,100,100147,100,99920,100,100345,100,99887,100,100391,100,99811,100,100433,100,99793,100,100466,100,99702,100,100529,100,99623,100
2019-06-28 09:45:00.000000000,100053,398,100034,298,100093,198,99955,198,100107,198,99944,198,100142,198,99929,198,100147,198,99920,198,100345,100,99887,100,100391,100,99811,100,100433,100,99793,100,100466,100,99702,100,100529,100,99623,100
2019-06-28 09:45:10.000000000,100053,466,100034,366,100093,261,99955,261,100107,261,99944,261,100142,100,99929,100,100147,100,99920,100,100345,100,99887,100,100391,100,99811,100,100433,100,99793,100,100466,100,99702,100,100529,100,99623,100
2019-06-28 09:45:12.711579787,100053,466,100034,366,100093,261,99955,261,100107,261,99944,161,100142,100,99929,100,100147,100,99920,100,100345,100,99887,100,100391,100,99811,100,100433,100,99793,100,100466,100,99702,100,100529,100,99623,100
2019-06-28 09:45:20.000000000,100053,422,100034,322,100093,222,99955,222,100107,222,99929,222,100142,222,99920,222,100147,100,99887,100,100345,100,99811,100,100391,100,99793,100,100433,100,99702,100,100466,100,99623,100,100529,100,99587,100
2019-06-28 09:45:30.000000000,100053,466,100034,366,100093,261,99955,261,100107,261,99929,261,100142,100,99920,100,100147,100,99887,100,100345,100,99811,100,100391,100,99793,100,100433,100,99702,100,100466,100,99623,100,100529,100,99587,100
2019-06-28 09:45:33.564992386,100053,466,100034,366,100093,261,99955,261,100107,261,99929,261,100142,100,99920,100,100147,100,99887,100,100345,100,99811,100,100391,100,99793,100,100433,100,99702,100,100466,100,99623,100,100529,100,99587,100
2019-06-28 09:45:40.000000000,100053,466,100034,366,100093,261,99955,261,100107,261,99929,261,100142,100,99920,100,100147,100,99887,100,100345,100,99811,100,100391,100,99793,100,100433,100,99702,100,100466,100,99623,100,100529,100,99587,100
2019-06-28 09:45:41.921339520,100052,100,100034,366,100053,466,99955,261,100093,261,99929,261,100107,261,99920,100,100142,100,99887,100,100147,100,99811,100,100345,100,99793,100,100391,100,99702,100,100433,100,99623,100,100466,100,99587,100
2019-06-28 09:45:50.000000000,100052,198,100034,298,100053,398,99955,198,100093,198,99929,198,100107,198,99920,198,100142,198,99887,198,100147,100,99811,100,100345,100,99793,100,100391,100,99702,100,100433,100,99623,100,100466,100,99587,100
2019-06-28 09:45:54.503693937,100052,198,100034,298,100053,398,99955,198,100093,198,99929,198,100107,198,99920,198,100142,198,99887,198,100147,100,99811,100,100345,100,99793,100,100391,100,99702,100,100433,100,99623,100,100466,100,99587,100
2019-06-28 09:46:00.000000000,100052,198,100034,298,100053,398,99955,198,100093,198,99929,198,100107,198,99920,198,100142,198,99887,198,100147,100,99811,100,100345,100,99793,100,100391,100,99702,100,100433,100,99623,100,100466,100,99587,100
2019-06-28 09:46:05.816822358,100052,198,100034,298,100053,398,99955,198,100093,198,99929,198,100107,198,99920,98,100142,198,99887,198,100147,100,99811,100,100345,100,99793,100,100391,100,99702,100,100433,100,99623,100,100466,100,99587,100
2019-06-28 09:46:08.744591645,100052,198,100034,198,100053,398,99955,198,100093,198,99929,198,100107,198,99920,98,100142,198,99887,198,100147,100,99811,100,100345,100,99793,100,100391,100,99702,100,100433,100,99623,100,100466,100,99587,100
2019-06-28 09:46:10.000000000,100052,198,100034,198,100053,398,99955,198,100093,198,99929,198,100107,198,99887,198,100142,198,99811,198,100147,100,99793,100,100345,100,99702,100,100391,100,99623,100,100433,100,99587,100,100466,100,99548,100
2019-06-28 09:46:12.393352519,100052,198,100034,198,100053,398,99955,198,100093,198,99929,198,100107,198,99887,198,100142,198,99811,198,100345,100,99793,100,100391,100,99702,100,100433,100,99623,100,100466,100,99587,100,100529,100,99548,100
2019-06-28 09:46:20.000000000,100052,266,100034,266,100053,461,99955,261,100093,261,99929,261,100107,100,99887,100,100142,100,99811,100,100345,100,99793,100,100391,100,99702,100,100433,100,99623,100,100466,100,99587,100,100529,100,99548,100
2019-06-28 09:46:21.690888763,100052,266,100034,166,100053,461,99955,261,100093,261,99929,261,100142,100,99887,100,100345,100,99811,100,100391,100,99793,100,100433,100,99702,100,100466,100,99623,100,100529,100,99587,100,100591,100,99548,100
2019-06-28 09:46:30.000000000,100052,198,99955,198,100053,398,99929,198,100093,198,99887,198,100142,198,99811,198,100345,198,99793,198,100391,100,99702,100,100433,100,99623,100,100466,100,99587,100,100529,100,99548,100,100591,100,99534,100
2019-06-28 09:46:37.485263052,100052,198,99955,198,100053,398,99929,198,100093,198,99887,198,100142,198,99811,198,100345,198,99793,198,100391,100,99702,100,100433,100,99623,100,100466,100,99587,100,100529,100,99548,100,100591,100,99534,100
2019-06-28 09:46:38.086096901,100052,198,99955,198,100053,398,99929,198,100093,198,99887,198,100142,198,99811,198,100345,198,99793,198,100391,100,99702,100,100433,100,99623,100,100529,100,99587,100,100591,100,99548,100,100735,100,99534,100
2019-06-28 09:46:38.256967850,100052,198,99955,198,100053,398,99929,198,100093,198,99887,198,100142,198,99811,198,100345,198,99793,198,100391,100,99702,100,100433,100,99623,100,100529,100,99587,100,100591,100,99548,100,100735,100,99534,100
2019-06-28 09:46:40.000000000,100052,266,99955,266,100053,461,99929,261,100093,261,99887,261,100142,100,99811,100,100345,100,99793,100,100391,100,99702,100,100433,100,99623,100,100529,100,99587,100,100591,100,99548,100,100735,100,99534,100
2019-06-28 09:46:50.000000000,100052,222,99955,222,100053,422,99929,222,100093,222,99887,222,100142,222,99811,222,100345,100,99793,100,100391,100,99702,100,100433,100,99623,100,100529,100,99587,100,100591,100,99548,100,100735,100,99534,100
2019-06-28 09:47:00.000000000,100052,266,99955,266,100053,461,99929,261,100093,261,99887,261,100142,100,99811,100,100345,100,99793,100,100391,100,99702,100,100433,100,99623,100,100529,100,99587,100,100591,100,99548,100,100735,100,99534,100
2019-06-28 09:47:08.463065657,100052,266,99955,166,100053,461,99929,261,100093,261,99887,261,100142,100,99811,100,100345,100,99793,100,100391,100,99623,100,100433,100,99587,100,100529,100,99548,100,100591,100,99534,100,100735,100,99494,100
2019-06-28 09:47:10.000000000,100052,344,99929,344,100053,544,99887,344,100093,100,99811,100,100142,100,99793,100,100345,100,99623,100,100391,100,99587,100,100433,100,99548,100,100529,100,99534,100,100591,100,99494,100,100735,100,99393,100
2019-06-28 09:47:13.383158121,100052,344,99929,244,100053,544,99887,344,100093,100,99811,100,100142,100,99793,100,100345,100,99623,100,100391,100,99587,100,100433,100,99548,100,100529,100,99534,100,100591,100,99494,100,100735,100,99393,100
2019-06-28 09:47:16.102245072,100052,344,99929,144,100053,544,99887,344,100093,100,99811,100,100142,100,99793,100,100345,100,99623,100,100391,100,99548,100,100433,100,99534,100,100529,100,99494,100,100591,100,99393,100,100735,100,99276,100
2019-06-28 09:47:20.000000000,100052,266,99887,266,100053,461,99811,261,100093,261,99793,261,100142,100,99623,100,100345,100,99548,100,100391,100,99534,100,100433,100,99494,100,100529,100,99393,100,100591,100,99276,100,100735,100,99251,100
2019-06-28 09:47:27.058748565,100052,266,99887,266,100053,461,99811,261,100093,261,99793,261,100142,100,99692,100,100345,100,99623,100,100391,100,99548,100,100433,100,99534,100,100529,100,99494,100,100591,100,99393,100,100735,100,99276,100
2019-06-28 09:47:30.000000000,100052,588,99887,588,100053,300,99811,100,100093,100,99793,100,100142,100,99692,100,100345,100,99623,100,100391,100,99548,100,100433,100,99534,100,100529,100,99494,100,100591,100,99393,100,100735,100,99276,100
2019-06-28 09:47:33.553774268,100052,588,99887,488,100053,300,99811,100,100093,100,99793,100,100142,100,99692,100,100345,100,99623,100,100391,100,99548,100,100433,100,99534,100,100529,100,99494,100,100591,100,99393,100,100735,100,99276,100
2019-06-28 09:47:40.000000000,100052,222,99811,222,100053,422,99793,222,100093,222,99692,222,100142,222,99623,222,100345,100,99548,100,100391,100,99534,100,100433,100,99494,100,100529,100,99393,100,100591,100,99276,100,100735,100,99251,100
2019-06-28 09:47:40.968486844,99964,100,99811,222,100052,222,99793,222,100053,422,99692,222,100093,222,99623,222,100142,222,99548,100,100345,100,99534,100,100391,100,99494,100,100433,100,99393,100,100529,100,99276,100,100591,100,99251,100
2019-06-28 09:47:41.796305649,99964,100,99888,100,100052,222,99811,222,100053,422,99793,222,100093,222,99692,222,100142,222,99623,222,100345,100,99548,100,100391,100,99534,100,100433,100,99494,100,100529,100,99393,100,100591,100,99276,100
2019-06-28 09:47:49.430084192,99964,100,99888,100,100052,122,99811,222,100053,422,99793,222,100093,222,99692,222,100142,222,99623,222,100345,100,99548,100,100391,100,99534,100,100433,100,99494,100,100529,100,99393,100,100591,100,99276,100
2019-06-28 09:47:50.000000000,99964,588,99888,588,100053,300,99811,100,100093,100,99793,100,100142,100,99692,100,100345,100,99623,100,100391,100,99548,100,100433,100,99534,100,100529,100,99494,100,100591,100,99393,100,100735,100,99276,100
2019-06-28 09:47:53.374640809,99964,588,99888,688,100053,300,99811,100,100093,100,99793,100,100142,100,99692,100,100345,100,99623,100,100391,100,99548,100,100433,100,99534,100,100529,100,99494,100,100591,100,99393,100,100735,100,99276,100
2019-06-28 09:47:55.477550994,99964,588,99888,688,100053,300,99887,100,100093,100,99811,100,100142,100,99793,100,100345,100,99692,100,100391,100,99623,100,100433,100,99548,100,100529,100,99534,100,100591,100,99494,100,100735,100,99393,100
2019-06-28 09:48:00.000000000,99964,222,99888,322,100053,422,99887,222,100093,222,99811,222,100142,222,99793,222,100345,100,99692,100,100391,100,99623,100,100433,100,99548,100,100529,100,99534,100,100591,100,99494,100,100735,100,99393,100
2019-06-28 09:48:10.000000000,99964,344,99888,444,100053,544,99887,344,100093,100,99811,100,100142,100,99793,100,100345,100,99692,100,100391,100,99623,100,100433,100,99548,100,100529,100,99534,100,100591,100,99494,100,100735,100,99393,100
2019-06-28 09:48:16.709725154,99964,344,99888,444,100053,544,99887,344,100093,100,99811,100,100125,100,99793,100,100142,100,99692,100,100345,100,99623,100,100391,100,99548,100,100433,100,99534,100,100591,100,99494,100,100735,100,99393,100
2019-06-28 09:48:20.000000000,99964,266,99888,366,100053,461,99887,261,100093,261,99811,261,100125,100,99793,100,100142,100,99692,100,100345,100,99623,100,100391,100,99548,100,100433,100,99534,100,100591,100,99494,100,100735,100,99393,100
2019-06-28 09:48:20.968882414,99964,266,99888,366,100053,461,99887,261,100093,261,99811,261,100125,100,99793,100,100142,100,99692,100,100277,100,99623,100,100345,100,99548,100,100391,100,99534,100,100433,100,99494,100,100591,100,99393,100
2019-06-28 09:48:24.166455951,99964,166,99888,366,100053,461,99887,261,100093,261,99811,261,100125,100,99793,100,100142,100,99692,100,100277,100,99623,100,100345,100,99548,100,100391,100,99534,100,100433,100,99494,100,100591,100,99393,100
2019-06-28 09:48:30.000000000,100053,422,99888,322,100093,222,99887,222,100125,222,99811,222,100142,222,99793,222,100277,100,99692,100,100345,100,99623,100,100391,100,99548,100,100433,100,99534,100,100591,100,99494,100,100735,100,99393,100
2019-06-28 09:48:40.000000000,100053,422,99888,322,100093,222,99887,222,100125,222,99811,222,100142,222,99793,222,100277,100,99692,100,100345,100,99623,100,100391,100,99548,100,100433,100,99534,100,100591,100,99494,100,100735,100,99393,100
2019-06-28 09:48:40.136186460,100053,322,99888,322,100093,222,99887,222,100125,222,99811,222,100142,222,99793,222,100277,100,99692,100,100345,100,99623,100,100391,100,99548,100,100433,100,99534,100,100591,100,99494,100,100735,100,99393,100
2019-06-28 09:48:42.623399290,100053,322,99888,222,100093,222,99887,222,100125,222,99811,222,100142,222,99793,222,100277,100,99692,100,100345,100,99623,100,100391,100,99548,100,100433,100,99534,100,100591,100,99494,100,100735,100,99393,100
2019-06-28 09:48:45.880271802,100053,322,99888,222,100093,222,99887,222,100125,222,99811,122,100142,222,99793,222,100277,100,99692,100,100345,100,99623,100,100391,100,99548,100,100433,100,99534,100,100591,100,99494,100,100735,100,99393,100
2019-06-28 09:48:50.000000000,100053,298,99888,198,100093,198,99887,198,100125,198,99793,198,100142,198,99692,198,100277,198,99623,198,100345,100,99548,100,100391,100,99534,100,100433,100,99494,100,100591,100,99393,100,100735,100,99276,100
2019-06-28 09:49:00.000000000,100053,366,99888,266,100093,261,99887,261,100125,261,99793,261,100142,100,99692,100,100277,100,99623,100,100345,100,99548,100,100391,100,99534,100,100433,100,99494,100,100591,100,99393,100,100735,100,99276,100
2019-06-28 09:49:10.000000000,100053,688,99888,588,100093,100,99887,100,100125,100,99793,100,100142,100,99692,100,100277,100,99623,100,100345,100,99548,100,100391,100,99534,100,100433,100,99494,100,100591,100,99393,100,100735,100,99276,100
2019-06-28 09:49:13.039840940,100053,688,99888,588,100093,100,99887,100,100125,100,99793,100,100142,100,99692,100,100277,100,99623,100,100345,100,99548,100,100391,100,99534,100,100433,100,99494,100,100591,100,99452,100,100735,100,99393,100
2019-06-28 09:49:20.000000000,100053,444,99888,344,100093,344,99887,344,100125,100,99793,100,100142,100,99692,100,100277,100,99623,100,100345,100,99548,100,100391,100,99534,100,100433,100,99494,100,100591,100,99452,100,100735,100,99393,100
2019-06-28 09:49:30.000000000,100053,322,99888,222,100093,222,99887,222,100125,222,99793,222,100142,222,99692,222,100277,100,99623,100,100345,100,99548,100,100391,100,99534,100,100433,100,99494,100,100591,100,99452,100,100735,100,99393,100
2019-06-28 09:49:40.000000000,100053,366,99888,266,100093,261,99887,261,100125,261,99793,261,100142,100,99692,100,100277,100,99623,100,100345,100,99548,100,100391,100,99534,100,100433,100,99494,100,100591,100,99452,100,100735,100,99393,100
2019-06-28 09:49:50.000000000,100053,366,99888,266,100093,261,99887,261,100125,261,99793,261,100142,100,99692,100,100277,100,99623,100,100345,100,99548,100,100391,100,99534,100,100433,100,99494,100,100591,100,99452,100,100735,100,99393,100
2019-06-28 09:49:52.900615827,100053,366,99888,266,100093,261,99887,261,100125,261,99793,261,100142,100,99718,100,100277,100,99692,100,100345,100,99623,100,100391,100,99548,100,100433,100,99534,100,100591,100,99494,100,100735,100,99452,100
2019-06-28 09:50:00.000000000,100053,366,99888,266,100093,261,99887,261,100125,261,99793,261,100142,100,99718,100,100277,100,99692,100,100345,100,99623,100,100391,100,99548,100,100433,100,99534,100,100591,100,99494,100,100735,100,99452,100
2019-06-28 09:50:06.957097607,100053,366,99888,266,100093,261,99887,261,100125,261,99793,261,100142,100,99718,100,100277,100,99692,100,100345,100,99623,100,100433,100,99548,100,100591,100,99534,100,100735,100,99494,100,100758,100,99452,100
2019-06-28 09:50:10.000000000,100053,298,99888,198,100093,198,99887,198,100125,198,99793,198,100142,198,99718,198,100277,198,99692,198,100345,100,99623,100,100433,100,99548,100,100591,100,99534,100,100735,100,99494,100,100758,100,99452,100
2019-06-28 09:50:20.000000000,100053,298,99888,198,100093,198,99887,198,100125,198,99793,198,100142,198,99718,198,100277,198,99692,198,100345,100,99623,100,100433,100,99548,100,100591,100,99534,100,100735,100,99494,100,100758,100,99452,100
2019-06-28 09:50:30.000000000,100053,366,99888,266,100093,261,99887,261,100125,261,99793,261,100142,100,99718,100,100277,100,99692,100,100345,100,99623,100,100433,100,99548,100,100591,100,99534,100,100735,100,99494,100,100758,100,99452,100
2019-06-28 09:50:40.000000000,100053,366,99888,266,100093,261,99887,261,100125,261,99793,261,100142,100,99718,100,100277,100,99692,100,100345,100,99623,100,100433,100,99548,100,100591,100,99534,100,100735,100,99494,100,100758,100,99452,100
2019-06-28 09:50:43.140192010,100053,266,99888,266,100093,261,99887,261,100125,161,99793,261,100142,100,99718,100,100277,100,99692,100,100345,100,99623,100,100433,100,99548,100,100591,100,99534,100,100735,100,99494,100,100758,100,99452,100
2019-06-28 09:50:50.000000000,100053,198,99888,198,100093,198,99887,198,100142,198,99793,198,100277,198,99718,198,100345,198,99692,198,100433,100,99623,100,100591,100,99548,100,100735,100,99534,100,100758,100,99494,100,100956,100,99452,100
2019-06-28 09:50:54.153067506,100053,198,99955,100,100093,198,99888,198,100142,198,99887,198,100277,198,99793,198,100345,198,99718,198,100433,100,99692,198,100591,100,99623,100,100735,100,99548,100,100758,100,99534,100,100956,100,99494,100
2019-06-28 09:51:00.000000000,100053,266,99955,266,100093,261,99888,261,100142,261,99887,261,100277,100,99793,100,100345,100,99718,100,100433,100,99692,100,100591,100,99623,100,100735,100,99548,100,100758,100,99534,100,100956,100,99494,100
2019-06-28 09:51:10.000000000,100053,222,99955,222,100093,222,99888,222,100142,222,99887,222,100277,222,99793,222,100345,100,99718,100,100433,100,99692,100,100591,100,99623,100,100735,100,99548,100,100758,100,99534,100,100956,100,99494,100
2019-06-28 09:51:20.000000000,100053,588,99955,588,100093,100,99888,100,100142,100,99887,100,100277,100,99793,100,100345,100,99718,100,100433,100,99692,100,100591,100,99623,100,100735,100,99548,100,100758,100,99534,100,100956,100,99494,100
2019-06-28 09:51:30.000000000,100053,222,99955,222,100093,222,99888,222,100142,222,99887,222,100277,222,99793,222,100345,100,99718,100,100433,100,99692,100,100591,100,99623,100,100735,100,99548,100,100758,100,99534,100,100956,100,99494,100
2019-06-28 09:51:36.275244674,100053,222,99955,222,100093,122,99888,222,100142,222,99887,222,100277,222,99793,222,100345,100,99718,100,100433,100,99692,100,100467,100,99623,100,100591,100,99548,100,100735,100,99534,100,100758,100,99494,100
2019-06-28 09:51:40.000000000,100053,588,99955,588,100142,100,99888,100,100277,100,99887,100,100345,100,99793,100,100433,100,99718,100,100467,100,99692,100,100591,100,99623,100,100735,100,99548,100,100758,100,99534,100,100956,100,99494,100
2019-06-28 09:51:49.157370305,100053,588,99955,588,100142,100,99888,100,100277,100,99887,100,100345,100,99793,100,100433,100,99718,100,100467,100,99692,100,100523,100,99623,100,100591,100,99548,100,100735,100,99534,100,100758,100,99494,100
2019-06-28 09:51:50.000000000,100053,588,99955,588,100142,100,99888,100,100277,100,99887,100,100345,100,99793,100,100433,100,99718,100,100467,100,99692,100,100523,100,99623,100,100591,100,99548,100,100735,100,99534,100,100758,100,99494,100
2019-06-28 09:52:00.000000000,100053,588,99955,588,100142,100,99888,100,100277,100,99887,100,100345,100,99793,100,100433,100,99718,100,100467,100,99692,100,100523,100,99623,100,100591,100,99548,100,100735,100,99534,100,100758,100,99494,100
2019-06-28 09:52:07.580276097,100053,488,99955,588,100142,100,99888,100,100277,100,99887,100,100345,100,99793,100,100433,100,99718,100,100467,100,99692,100,100523,100,99623,100,100591,100,99548,100,100735,100,99534,100,100758,100,99494,100
2019-06-28 09:52:10.000000000,100142,198,99955,198,100277,198,99888,198,100345,198,99887,198,100433,198,99793,198,100467,198,99718,198,100523,100,99692,100,100591,100,99623,100,100735,100,99548,100,100758,100,99534,100,100956,100,99494,100
2019-06-28 09:52:10.185926172,100142,198,99955,198,100277,198,99888,198,100345,198,99887,198,100433,198,99793,198,100450,100,99718,198,100467,198,99692,100,100523,100,99623,100,100591,100,99548,100,100735,100,99534,100,100758,100,99494,100
2019-06-28 09:52:12.835022419,100142,98,99955,198,100277,198,99888,198,100345,198,99887,198,100433,198,99793,198,100450,100,99718,98,100467,198,99692,100,100523,100,99623,100,100591,100,99548,100,100735,100,99534,100,100758,100,99494,100
2019-06-28 09:52:20.000000000,100277,222,99955,222,100345,222,99888,222,100433,222,99887,222,100450,222,99793,222,100467,100,99692,100,100523,100,99623,100,100591,100,99548,100,100735,100,99534,100,100758,100,99494,100,100956,100,99452,100
2019-06-28 09:52:25.159511484,100277,222,100090,100,100345,222,99955,222,100433,122,99888,222,100450,222,99887,222,100467,100,99793,222,100523,100,99692,100,100591,100,99623,100,100735,100,99548,100,100758,100,99534,100,100956,100,99494,100
2019-06-28 09:52:27.221299655,100277,222,100090,100,100345,222,99955,222,100364,100,99888,222,100433,122,99887,222,100450,222,99793,222,100467,100,99692,100,100523,100,99623,100,100591,100,99548,100,100735,100,99534,100,100758,100,99494,100
2019-06-28 09:52:30.000000000,100277,198,100090,198,100345,198,99955,198,100364,198,99888,198,100450,198,99887,198,100467,198,99793,198,100523,100,99692,100,100591,100,99623,100,100735,100,99548,100,100758,100,99534,100,100956,100,99494,100
2019-06-28 09:52:32.460836350,100277,198,100222,100,100345,198,100090,198,100364,198,99955,198,100450,198,99888,198,100467,198,99887,198,100523,100,99793,198,100591,100,99692,100,100735,100,99623,100,100758,100,99548,100,100956,100,99534,100
2019-06-28 09:52:40.000000000,100277,266,100222,266,100345,261,100090,261,100364,261,99955,261,100450,100,99888,100,100467,100,99887,100,100523,100,99793,100,100591,100,99692,100,100735,100,99623,100,100758,100,99548,100,100956,100,99534,100
2019-06-28 09:52:50.000000000,100277,266,100222,266,100345,261,100090,261,100364,261,99955,261,100450,100,99888,100,100467,100,99887,100,100523,100,99793,100,100591,100,99692,100,100735,100,99623,100,100758,100,99548,100,100956,100,99534,100
2019-06-28 09:53:00.000000000,100277,344,100222,344,100345,344,100090,344,100364,100,99955,100,100450,100,99888,100,100467,100,99887,100,100523,100,99793,100,100591,100,99692,100,100735,100,99623,100,100758,100,99548,100,100956,100,99534,100
2019-06-28 09:53:10.000000000,100277,588,100222,588,100345,100,100090,100,100364,100,99955,100,100450,100,99888,100,100467,100,99887,100,100523,100,99793,100,100591,100,99692,100,100735,100,99623,100,100758,100,99548,100,100956,100,99534,100
2019-06-28 09:53:10.729411143,100277,588,100222,588,100345,100,100090,100,100364,100,100053,100,100450,100,99955,100,100467,100,99888,100,100523,100,99887,100,100591,100,99793,100,100735,100,99692,100,100758,100,99623,100,100956,100,99548,100
2019-06-28 09:53:13.072374906,100277,588,100222,588,100345,100,100090,100,100364,100,100053,100,100450,100,99955,100,100467,100,99888,100,100523,100,99887,100,100591,100,99793,100,100735,100,99692,100,100758,100,99623,100,100760,100,99548,100
2019-06-28 09:53:20.000000000,100277,266,100222,266,100345,261,100090,261,100364,261,100053,261,100450,100,99955,100,100467,100,99888,100,100523,100,99887,100,100591,100,99793,100,100735,100,99692,100,100758,100,99623,100,100760,100,99548,100
2019-06-28 09:53:30.000000000,100277,344,100222,344,100345,344,100090,344,100364,100,100053,100,100450,100,99955,100,100467,100,99888,100,100523,100,99887,100,100591,100,99793,100,100735,100,99692,100,100758,100,99623,100,100760,100,99548,100
2019-06-28 09:53:30.193646685,100277,344,100222,344,100345,344,100090,344,100364,100,100053,200,100450,100,99955,100,100467,100,99888,100,100523,100,99887,100,100591,100,99793,100,100735,100,99692,100,100758,100,99623,100,100760,100,99548,100
2019-06-28 09:53:40.000000000,100277,266,100222,266,100345,261,100090,261,100364,261,100053,361,100450,100,99955,100,100467,100,99888,100,100523,100,99887,100,100591,100,99793,100,100735,100,99692,100,100758,100,99623,100,100760,100,99548,100
2019-06-28 09:53:50.000000000,100277,198,100222,198,100345,198,100090,198,100364,198,100053,298,100450,198,99955,198,100467,198,99888,198,100523,100,99887,100,100591,100,99793,100,100735,100,99692,100,100758,100,99623,100,100760,100,99548,100
2019-06-28 09:54:00.000000000,100277,266,100222,266,100345,261,100090,261,100364,261,100053,361,100450,100,99955,100,100467,100,99888,100,100523,100,99887,100,100591,100,99793,100,100735,100,99692,100,100758,100,99623,100,100760,100,99548,100
2019-06-28 09:54:10.000000000,100277,344,100222,344,100345,344,100090,344,100364,100,100053,200,100450,100,99955,100,100467,100,99888,100,100523,100,99887,100,100591,100,99793,100,100735,100,99692,100,100758,100,99623,100,100760,100,99548,100
2019-06-28 09:54:20.000000000,100277,198,100222,198,100345,198,100090,198,100364,198,100053,298,100450,198,99955,198,100467,198,99888,198,100523,100,99887,100,100591,100,99793,100,100735,100,99692,100,100758,100,99623,100,100760,100,99548,100
2019-06-28 09:54:23.369511555,100277,198,100222,198,100345,198,100090,198,100364,198,100053,298,100450,198,99955,198,100467,198,99888,198,100523,100,99887,100,100591,100,99793,100,100735,100,99692,100,100758,100,99623,100,100760,100,99548,100
2019-06-28 09:54:30.000000000,100277,222,100222,222,100345,222,100090,222,100364,222,100053,322,100450,222,99955,222,100467,100,99888,100,100523,100,99887,100,100591,100,99793,100,100735,100,99692,100,100758,100,99623,100,100760,100,99548,100
2019-06-28 09:54:40.000000000,100277,588,100222,588,100345,100,100090,100,100364,100,100053,200,100450,100,99955,100,100467,100,99888,100,100523,100,99887,100,100591,100,99793,100,100735,100,99692,100,100758,100,99623,100,100760,100,99548,100
2019-06-28 09:54:42.620041468,100277,588,100222,488,100345,100,100090,100,100364,100,100053,200,100467,100,99955,100,100523,100,99888,100,100591,100,99887,100,100735,100,99793,100,100758,100,99692,100,100760,100,99623,100,100956,100,99548,100
2019-06-28 09:54:50.000000000,100277,222,100090,222,100345,222,100053,322,100364,222,99955,222,100467,222,99888,222,100523,100,99887,100,100591,100,99793,100,100735,100,99692,100,100758,100,99623,100,100760,100,99548,100,100956,100,99534,100
2019-06-28 09:54:53.955461283,100277,122,100090,222,100345,222,100053,322,100364,222,99955,222,100467,222,99888,222,100523,100,99887,100,100591,100,99793,100,100735,100,99692,100,100758,100,99623,100,100760,100,99548,100,100956,100,99534,100
2019-06-28 09:55:00.000000000,100345,266,100090,266,100364,261,100053,361,100467,261,99955,261,100523,100,99888,100,100591,100,99887,100,100735,100,99793,100,100758,100,99692,100,100760,100,99623,100,100956,100,99548,100,,,99534,100
2019-06-28 09:55:10.000000000,100345,588,100090,588,100364,100,100053,200,100467,100,99955,100,100523,100,99888,100,100591,100,99887,100,100735,100,99793,100,100758,100,99692,100,100760,100,99623,100,100956,100,99548,100,,,99534,100
2019-06-28 09:55:20.000000000,100345,344,100090,344,100364,344,100053,444,100467,100,99955,100,100523,100,99888,100,100591,100,99887,100,100735,100,99793,100,100758,100,99692,100,100760,100,99623,100,100956,100,99548,100,,,99534,100
2019-06-28 09:55:30.000000000,100345,222,100090,222,100364,222,100053,322,100467,222,99955,222,100523,222,99888,222,100591,100,99887,100,100735,100,99793,100,100758,100,99692,100,100760,100,99623,100,100956,100,99548,100,,,99534,100
2019-06-28 09:55:40.000000000,100345,198,100090,198,100364,198,100053,298,100467,198,99955,198,100523,198,99888,198,100591,198,99887,198,100735,100,99793,100,100758,100,99692,100,100760,100,99623,100,100956,100,99548,100,,,99534,100
2019-06-28 09:55:44.399157808,100345,198,100090,198,100364,198,100053,298,100467,198,99955,198,100523,198,99888,198,100591,198,99887,198,100735,100,99793,100,100758,100,99692,100,100760,100,99590,100,100956,100,99548,100,,,99534,100
2019-06-28 09:55:49.000773417,100345,198,100090,198,100364,198,100053,298,100467,198,99955,198,100523,198,99888,198,100591,198,99887,198,100735,100,99692,100,100758,100,99590,100,100760,100,99556,100,100956,100,99548,100,,,99534,100
2019-06-28 09:55:50.000000000,100345,222,100090,222,100364,222,100053,322,100467,222,99955,222,100523,222,99888,222,100591,100,99887,100,100735,100,99692,100,100758,100,99590,100,100760,100,99556,100,100956,100,99548,100,,,99534,100
2019-06-28 09:56:00.000000000,100345,222,100090,222,100364,222,100053,322,100467,222,99955,222,100523,222,99888,222,100591,100,99887,100,100735,100,99692,100,100758,100,99590,100,100760,100,99556,100,100956,100,99548,100,,,99534,100
2019-06-28 09:56:10.000000000,100345,588,100090,588,100364,100,100053,200,100467,100,99955,100,100523,100,99888,100,100591,100,99887,100,100735,100,99692,100,100758,100,99590,100,100760,100,99556,100,100956,100,99548,100,,,99534,100
2019-06-28 09:56:16.481002213,100345,588,100090,588,100364,100,100053,200,100467,100,99955,100,100523,100,99888,100,100591,100,99887,100,100735,100,99692,100,100758,100,99590,100,100760,100,99556,100,100956,100,99548,100,,,99534,100
2019-06-28 09:56:20.000000000,100345,222,100090,222,100364,222,100053,322,100467,222,99955,222,100523,222,99888,222,100591,100,99887,100,100735,100,99692,100,100758,100,99590,100,100760,100,99556,100,100956,100,99548,100,,,99534,100
2019-06-28 09:56:30.000000000,100345,222,100090,222,100364,222,100053,322,100467,222,99955,222,100523,222,99888,222,100591,100,99887,100,100735,100,99692,100,100758,100,99590,100,100760,100,99556,100,100956,100,99548,100,,,99534,100
2019-06-28 09:56:40.000000000,100345,222,100090,222,100364,222,100053,322,100467,222,99955,222,100523,222,99888,222,100591,100,99887,100,100735,100,99692,100,100758,100,99590,100,100760,100,99556,100,100956,100,99548,100,,,99534,100
2019-06-28 09:56:50.000000000,100345,198,100090,198,100364,198,100053,298,100467,198,99955,198,100523,198,99888,198,100591,198,99887,198,100735,100,99692,100,100758,100,99590,100,100760,100,99556,100,100956,100,99548,100,,,99534,100
2019-06-28 09:56:50.423861733,100345,198,100090,198,100364,198,100053,298,100467,198,99955,198,100523,198,99888,198,100591,198,99887,198,100735,100,99767,100,100758,100,99692,100,100760,100,99590,100,100956,100,99556,100,,,99548,100
2019-06-28 09:56:56.362296940,100222,100,100090,198,100345,198,100053,298,100364,198,99955,198,100467,198,99888,198,100523,198,99887,198,100591,198,99767,100,100735,100,99692,100,100758,100,99590,100,100760,100,99556,100,100956,100,99548,100
2019-06-28 09:57:00.000000000,100222,198,100090,198,100345,198,100053,298,100364,198,99955,198,100467,198,99888,198,100523,198,99887,198,100591,100,99767,100,100735,100,99692,100,100758,100,99590,100,100760,100,99556,100,100956,100,99548,100
2019-06-28 09:57:10.000000000,100222,266,100090,266,100345,261,100053,361,100364,261,99955,261,100467,100,99888,100,100523,100,99887,100,100591,100,99767,100,100735,100,99692,100,100758,100,99590,100,100760,100,99556,100,100956,100,99548,100
2019-06-28 09:57:20.000000000,100222,588,100090,588,100345,100,100053,200,100364,100,99955,100,100467,100,99888,100,100523,100,99887,100,100591,100,99767,100,100735,100,99692,100,100758,100,99590,100,100760,100,99556,100,100956,100,99548,100
2019-06-28 09:57:30.000000000,100222,266,100090,266,100345,261,100053,361,100364,261,99955,261,100467,100,99888,100,100523,100,99887,100,100591,100,99767,100,100735,100,99692,100,100758,100,99590,100,100760,100,99556,100,100956,100,99548,100
2019-06-28 09:57:40.000000000,100222,344,100090,344,100345,344,100053,444,100364,100,99955,100,100467,100,99888,100,100523,100,99887,100,100591,100,99767,100,100735,100,99692,100,100758,100,99590,100,100760,100,99556,100,100956,100,99548,100
2019-06-28 09:57:50.000000000,100222,198,100090,198,100345,198,100053,298,100364,198,99955,198,100467,198,99888,198,100523,198,99887,198,100591,100,99767,100,100735,100,99692,100,100758,100,99590,100,100760,100,99556,100,100956,100,99548,100
2019-06-28 09:57:56.612631958,100222,98,100090,198,100345,198,100053,298,100364,198,99955,198,100467,198,99888,198,100523,198,99887,198,100591,100,99767,100,100735,100,99692,100,100758,100,99590,100,100760,100,99556,100,100956,100,99548,100
2019-06-28 09:58:00.000000000,100345,222,100090,222,100364,222,100053,322,100467,222,99955,222,100523,222,99888,222,100591,100,99887,100,100735,100,99767,100,100758,100,99692,100,100760,100,99590,100,100956,100,99556,100,,,99548,100
2019-06-28 09:58:09.364178218,100345,222,100090,222,100364,222,100053,322,100467,222,99955,222,100523,222,99888,122,100591,100,99887,100,100735,100,99767,100,100758,100,99692,100,100760,100,99590,100,100956,100,99556,100,,,99548,100
2019-06-28 09:58:10.000000000,100345,198,100090,198,100364,198,100053,298,100467,198,99955,198,100523,198,99887,198,100591,198,99767,198,100735,100,99692,100,100758,100,99590,100,100760,100,99556,100,100956,100,99548,100,,,99494,100
2019-06-28 09:58:20.000000000,100345,266,100090,266,100364,261,100053,361,100467,261,99955,261,100523,100,99887,100,100591,100,99767,100,100735,100,99692,100,100758,100,99590,100,100760,100,99556,100,100956,100,99548,100,,,99494,100
2019-06-28 09:58:29.708257399,100345,266,100110,100,100364,261,100090,266,100467,261,100053,361,100523,100,99955,261,100591,100,99887,100,100735,100,99767,100,100758,100,99692,100,100760,100,99590,100,100956,100,99556,100,,,99548,100
2019-06-28 09:58:30.000000000,100345,588,100110,588,100364,100,100090,100,100467,100,100053,200,100523,100,99955,100,100591,100,99887,100,100735,100,99767,100,100758,100,99692,100,100760,100,99590,100,100956,100,99556,100,,,99548,100
2019-06-28 09:58:40.000000000,100345,588,100110,588,100364,100,100090,100,100467,100,100053,200,100523,100,99955,100,100591,100,99887,100,100735,100,99767,100,100758,100,99692,100,100760,100,99590,100,100956,100,99556,100,,,99548,100
2019-06-28 09:58:50.000000000,100345,588,100110,588,100364,100,100090,100,100467,100,100053,200,100523,100,99955,100,100591,100,99887,100,100735,100,99767,100,100758,100,99692,100,100760,100,99590,100,100956,100,99556,100,,,99548,100
2019-06-28 09:59:00.000000000,100345,344,100110,344,100364,344,100090,344,100467,100,100053,200,100523,100,99955,100,100591,100,99887,100,100735,100,99767,100,100758,100,99692,100,100760,100,99590,100,100956,100,99556,100,,,99548,100
2019-06-28 09:59:09.085877317,100345,344,100110,344,100364,344,100090,344,100467,100,100053,200,100523,100,99955,100,100591,100,99767,100,100735,100,99692,100,100758,100,99590,100,100760,100,99556,100,100956,100,99548,100,,,99494,100
2019-06-28 09:59:10.000000000,100345,266,100110,266,100364,261,100090,261,100467,261,100053,361,100523,100,99955,100,100591,100,99767,100,100735,100,99692,100,100758,100,99590,100,100760,100,99556,100,100956,100,99548,100,,,99494,100
2019-06-28 09:59:20.000000000,100345,198,100110,198,100364,198,100090,198,100467,198,100053,298,100523,198,99955,198,100591,198,99767,198,100735,100,99692,100,100758,100,99590,100,100760,100,99556,100,100956,100,99548,100,,,99494,100
2019-06-28 09:59:26.646841251,100345,198,100110,198,100364,198,100090,198,100467,198,100053,298,100523,198,99955,198,100591,198,99862,100,100735,100,99767,198,100758,100,99692,100,100760,100,99556,100,100956,100,99548,100,,,99494,100
2019-06-28 09:59:28.623541212,100345,198,100110,198,100364,198,100090,198,100467,198,100053,298,100523,198,99989,100,100591,198,99955,198,100735,100,99862,100,100758,100,99767,198,100760,100,99692,100,100956,100,99556,100,,,99548,100
2019-06-28 09:59:30.000000000,100345,266,100110,266,100364,261,100090,261,100467,261,100053,361,100523,100,99989,100,100591,100,99955,100,100735,100,99862,100,100758,100,99767,100,100760,100,99692,100,100956,100,99556,100,,,99548,100
2019-06-28 09:59:40.000000000,100345,588,100110,588,100364,100,100090,100,100467,100,100053,200,100523,100,99989,100,100591,100,99955,100,100735,100,99862,100,100758,100,99767,100,100760,100,99692,100,100956,100,99556,100,,,99548,100
2019-06-28 09:59:41.022849671,100221,100,100110,588,100345,588,100090,100,100364,100,100053,200,100467,100,99989,100,100523,100,99955,100,100591,100,99862,100,100735,100,99767,100,100758,100,99692,100,100760,100,99556,100,100956,100,99548,100
2019-06-28 09:59:50.000000000,100221,198,100110,198,100345,198,100090,198,100364,198,100053,298,100467,198,99989,198,100523,198,99955,198,100591,100,99862,100,100735,100,99767,100,100758,100,99692,100,100760,100,99556,100,100956,100,99548,100
2019-06-28 10:00:00.000000000,100221,344,100110,344,100345,344,100090,344,100364,100,100053,200,100467,100,99989,100,100523,100,99955,100,100591,100,99862,100,100735,100,99767,100,100758,100,99692,100,100760,100,99556,100,100956,100,99548,100
2019-06-28 10:00:10.000000000,100221,344,100110,344,100345,344,100090,344,100364,100,100053,200,100467,100,99989,100,100523,100,99955,100,100591,100,99862,100,100735,100,99767,100,100758,100,99692,100,100760,100,99556,100,100956,100,99548,100
2019-06-28 10:00:20.000000000,100221,266,100110,266,100345,261,100090,261,100364,261,100053,361,100467,100,99989,100,100523,100,99955,100,100591,100,99862,100,100735,100,99767,100,100758,100,99692,100,100760,100,99556,100,100956,100,99548,100
2019-06-28 10:00:30.000000000,100221,198,100110,198,100345,198,100090,198,100364,198,100053,298,100467,198,99989,198,100523,198,99955,198,100591,100,99862,100,100735,100,99767,100,100758,100,99692,100,100760,100,99556,100,100956,100,99548,100
2019-06-28 10:00:40.000000000,100221,266,100110,266,100345,261,100090,261,100364,261,100053,361,100467,100,99989,100,100523,100,99955,100,100591,100,99862,100,100735,100,99767,100,100758,100,99692,100,100760,100,99556,100,100956,100,99548,100
2019-06-28 10:00:50.000000000,100221,266,100110,266,100345,261,100090,261,100364,261,100053,361,100467,100,99989,100,100523,100,99955,100,100591,100,99862,100,100735,100,99767,100,100758,100,99692,100,100760,100,99556,100,100956,100,99548,100
2019-06-28 10:01:00.000000000,100221,266,100110,266,100345,261,100090,261,100364,261,100053,361,100467,100,99989,100,100523,100,99955,100,100591,100,99862,100,100735,100,99767,100,100758,100,99692,100,100760,100,99556,100,100956,100,99548,100
2019-06-28 10:01:08.150753764,100221,266,100110,266,100345,261,100090,261,100364,261,100053,361,100467,100,99989,100,100523,100,99955,100,100591,100,99908,100,100735,100,99862,100,100758,100,99767,100,100760,100,99692,100,100956,100,99556,100
2019-06-28 10:01:10.000000000,100221,266,100110,266,100345,261,100090,261,100364,261,100053,361,100467,100,99989,100,100523,100,99955,100,100591,100,99908,100,100735,100,99862,100,100758,100,99767,100,100760,100,99692,100,100956,100,99556,100
2019-06-28 10:01:16.380131646,100221,266,100110,266,100345,261,100090,261,100364,261,100053,361,100467,100,99989,100,100523,100,99955,100,100591,100,99908,100,100735,100,99862,100,100758,100,99767,100,100760,100,99692,100,100956,100,99611,100
2019-06-28 10:01:19.731429741,100221,266,100110,166,100345,261,100090,261,100364,261,100053,361,100467,100,99989,100,100523,100,99908,100,100591,100,99862,100,100735,100,99767,100,100758,100,99692,100,100760,100,99611,100,100956,100,99556,100
2019-06-28 10:01:20.000000000,100221,198,100090,198,100345,198,100053,298,100364,198,99989,198,100467,198,99908,198,100523,198,99862,198,100591,100,99767,100,100735,100,99692,100,100758,100,99611,100,100760,100,99556,100,100956,100,99548,100
2019-06-28 10:01:23.618895661,100221,198,100090,198,100345,198,100053,298,100359,100,99989,198,100364,198,99908,98,100467,198,99862,198,100523,198,99767,100,100591,100,99692,100,100735,100,99611,100,100758,100,99556,100,100760,100,99548,100
2019-06-28 10:01:25.018042180,100221,198,100090,198,100345,198,100053,298,100359,100,99989,198,100364,198,99908,98,100467,198,99886,100,100523,198,99862,198,100591,100,99767,100,100735,100,99611,100,100758,100,99556,100,100760,100,99548,100
2019-06-28 10:01:30.000000000,100221,588,100090,588,100345,100,100053,200,100359,100,99989,100,100364,100,99886,100,100467,100,99862,100,100523,100,99767,100,100591,100,99611,100,100735,100,99556,100,100758,100,99548,100,100760,100,99494,100
2019-06-28 10:01:34.844792465,100221,588,100090,588,100345,100,100088,100,100359,100,100053,200,100364,100,99886,100,100467,100,99862,100,100523,100,99767,100,100591,100,99611,100,100735,100,99556,100,100758,100,99548,100,100760,100,99494,100
2019-06-28 10:01:36.340312677,100221,588,100090,588,100345,100,100088,100,100359,100,100053,200,100364,100,100013,100,100467,100,99886,100,100523,100,99862,100,100591,100,99767,100,100735,100,99611,100,100758,100,99556,100,100956,100,99548,100
2019-06-28 10:01:36.964378937,100220,100,100090,588,100221,588,100088,100,100345,100,100053,200,100359,100,100013,100,100364,100,99886,100,100467,100,99862,100,100523,100,99767,100,100591,100,99611,100,100735,100,99556,100,100758,100,99548,100
2019-06-28 10:01:40.000000000,100220,344,100090,344,100221,344,100088,344,100345,100,100053,200,100359,100,100013,100,100364,100,99886,100,100467,100,99862,100,100523,100,99767,100,100591,100,99611,100,100735,100,99556,100,100758,100,99548,100
2019-06-28 10:01:50.000000000,100220,588,100090,588,100221,100,100088,100,100345,100,100053,200,100359,100,100013,100,100364,100,99886,100,100467,100,99862,100,100523,100,99767,100,100591,100,99611,100,100735,100,99556,100,100758,100,99548,100
2019-06-28 10:01:56.448396199,100220,588,100090,588,100221,100,100088,100,100314,100,100053,200,100345,100,100013,100,100359,100,99886,100,100364,100,99862,100,100467,100,99767,100,100523,100,99611,100,100591,100,99556,100,100735,100,99548,100
2019-06-28 10:02:00.000000000,100220,344,100090,344,100221,344,100088,344,100314,100,100053,200,100345,100,100013,100,100359,100,99886,100,100364,100,99862,100,100467,100,99767,100,100523,100,99611,100,100591,100,99556,100,100735,100,99548,100
2019-06-28 10:02:01.593843886,100220,244,100090,344,100221,344,100088,344,100314,100,100053,200,100345,100,99886,100,100359,100,99862,100,100364,100,99767,100,100467,100,99611,100,100523,100,99556,100,100591,100,99548,100,100735,100,99494,100
2019-06-28 10:02:10.000000000,100221,344,100090,344,100314,344,100088,344,100345,100,100053,200,100359,100,99886,100,100364,100,99862,100,100467,100,99767,100,100523,100,99611,100,100591,100,99556,100,100735,100,99548,100,100758,100,99494,100
2019-06-28 10:02:15.408892775,100221,344,100090,344,100296,100,100088,344,100314,244,100053,200,100345,100,99886,100,100359,100,99862,100,100364,100,99767,100,100467,100,99611,100,100523,100,99556,100,100591,100,99548,100,100735,100,99494,100
2019-06-28 10:02:20.000000000,100221,344,100090,344,100296,344,100088,344,100345,100,100053,200,100359,100,99886,100,100364,100,99862,100,100467,100,99767,100,100523,100,99611,100,100591,100,99556,100,100735,100,99548,100,100758,100,99494,100
2019-06-28 10:02:30.000000000,100221,588,100090,588,100296,100,100088,100,100345,100,100053,200,100359,100,99886,100,100364,100,99862,100,100467,100,99767,100,100523,100,99611,100,100591,100,99556,100,100735,100,99548,100,100758,100,99494,100
2019-06-28 10:02:36.654912220,100221,588,100090,488,100296,100,100088,100,100345,100,100053,200,100359,100,99886,100,100364,100,99862,100,100393,100,99767,100,100467,100,99611,100,100523,100,99556,100,100591,100,99548,100,100735,100,99494,100
2019-06-28 10:02:40.000000000,100221,222,100088,222,100296,222,100053,322,100345,222,99886,222,100359,222,99862,222,100364,100,99767,100,100393,100,99611,100,100467,100,99556,100,100523,100,99548,100,100591,100,99494,100,100735,100,99492,100
2019-06-28 10:02:44.039411375,100221,122,100088,222,100296,222,100053,322,100345,222,99886,222,100359,222,99862,222,100364,100,99767,100,100393,100,99611,100,100467,100,99556,100,100523,100,99548,100,100591,100,99494,100,100735,100,99492,100
2019-06-28 10:02:50.000000000,100296,198,100088,198,100345,198,100053,298,100359,198,99886,198,100364,198,99862,198,100393,198,99767,198,100467,100,99611,100,100523,100,99556,100,100591,100,99548,100,100735,100,99494,100,100758,100,99492,100
2019-06-28 10:03:00.000000000,100296,588,100088,588,100345,100,100053,200,100359,100,99886,100,100364,100,99862,100,100393,100,99767,100,100467,100,99611,100,100523,100,99556,100,100591,100,99548,100,100735,100,99494,100,100758,100,99492,100
2019-06-28 10:03:03.299417612,100296,588,100088,588,100345,100,100053,200,100359,100,99886,100,100364,100,99872,100,100393,100,99862,100,100467,100,99767,100,100523,100,99611,100,100591,100,99556,100,100735,100,99548,100,100758,100,99494,100
2019-06-28 10:03:10.000000000,100296,222,100088,222,100345,222,100053,322,100359,222,99886,222,100364,222,99872,222,100393,100,99862,100,100467,100,99767,100,100523,100,99611,100,100591,100,99556,100,100735,100,99548,100,100758,100,99494,100
2019-06-28 10:03:20.000000000,100296,198,100088,198,100345,198,100053,298,100359,198,99886,198,100364,198,99872,198,100393,198,99862,198,100467,100,99767,100,100523,100,99611,100,100591,100,99556,100,100735,100,99548,100,100758,100,99494,100
2019-06-28 10:03:28.848192502,100296,198,100088,198,100345,198,100053,298,100359,198,99886,198,100364,198,99872,198,100393,198,99862,198,100462,100,99767,100,100467,100,99611,100,100523,100,99556,100,100591,100,99548,100,100735,100,99494,100
2019-06-28 10:03:30.000000000,100296,266,100088,266,100345,261,100053,361,100359,261,99886,261,100364,100,99872,100,100393,100,99862,100,100462,100,99767,100,100467,100,99611,100,100523,100,99556,100,100591,100,99548,100,100735,100,99494,100
2019-06-28 10:03:40.000000000,100296,266,100088,266,100345,261,100053,361,100359,261,99886,261,100364,100,99872,100,100393,100,99862,100,100462,100,99767,100,100467,100,99611,100,100523,100,99556,100,100591,100,99548,100,100735,100,99494,100
2019-06-28 10:03:50.000000000,100296,198,100088,198,100345,198,100053,298,100359,198,99886,198,100364,198,99872,198,100393,198,99862,198,100462,100,99767,100,100467,100,99611,100,100523,100,99556,100,100591,100,99548,100,100735,100,99494,100
2019-06-28 10:04:00.000000000,100296,344,100088,344,100345,344,100053,444,100359,100,99886,100,100364,100,99872,100,100393,100,99862,100,100462,100,99767,100,100467,100,99611,100,100523,100,99556,100,100591,100,99548,100,100735,100,99494,100
2019-06-28 10:04:07.573535139,100296,344,100088,344,100345,244,100053,444,100359,100,99886,100,100364,100,99872,100,100393,100,99862,100,100462,100,99767,100,100467,100,99611,100,100523,100,99556,100,100591,100,99548,100,100735,100,99494,100
2019-06-28 10:04:10.000000000,100296,266,100088,266,100359,261,100053,361,100364,261,99886,261,100393,100,99872,100,100462,100,99862,100,100467,100,99767,100,100523,100,99611,100,100591,100,99556,100,100735,100,99548,100,100758,100,99494,100
2019-06-28 10:04:20.000000000,100296,588,100088,588,100359,100,100053,200,100364,100,99886,100,100393,100,99872,100,100462,100,99862,100,100467,100,99767,100,100523,100,99611,100,100591,100,99556,100,100735,100,99548,100,100758,100,99494,100
2019-06-28 10:04:30.000000000,100296,222,100088,222,100359,222,100053,322,100364,222,99886,222,100393,222,99872,222,100462,100,99862,100,100467,100,99767,100,100523,100,99611,100,100591,100,99556,100,100735,100,99548,100,100758,100,99494,100
2019-06-28 10:04:40.000000000,100296,588,100088,588,100359,100,100053,200,100364,100,99886,100,100393,100,99872,100,100462,100,99862,100,100467,100,99767,100,100523,100,99611,100,100591,100,99556,100,100735,100,99548,100,100758,100,99494,100
2019-06-28 10:04:47.688248565,100296,488,100088,588,100359,100,100053,200,100364,100,99886,100,100393,100,99872,100,100462,100,99862,100,100523,100,99767,100,100591,100,99611,100,100735,100,99556,100,100758,100,99548,100,100956,100,99494,100
2019-06-28 10:04:50.000000000,100359,344,100088,344,100364,344,100053,444,100393,100,99886,100,100462,100,99872,100,100523,100,99862,100,100591,100,99767,100,100735,100,99611,100,100758,100,99556,100,100956,100,99548,100,101202,100,99494,100
2019-06-28 10:05:00.000000000,100359,588,100088,588,100364,100,100053,200,100393,100,99886,100,100462,100,99872,100,100523,100,99862,100,100591,100,99767,100,100735,100,99611,100,100758,100,99556,100,100956,100,99548,100,101202,100,99494,100
2019-06-28 10:05:10.000000000,100359,222,100088,222,100364,222,100053,322,100393,222,99886,222,100462,222,99872,222,100523,100,99862,100,100591,100,99767,100,100735,100,99611,100,100758,100,99556,100,100956,100,99548,100,101202,100,99494,100
2019-06-28 10:05:19.815433444,100359,122,100088,222,100364,222,100053,322,100393,222,99886,222,100462,222,99872,222,100523,100,99862,100,100591,100,99767,100,100735,100,99611,100,100758,100,99556,100,100956,100,99548,100,101202,100,99494,100
2019-06-28 10:05:20.000000000,100364,266,100088,266,100393,261,100053,361,100462,261,99886,261,100523,100,99872,100,100591,100,99862,100,100735,100,99767,100,100758,100,99611,100,100956,100,99556,100,101202,100,99548,100,,,99494,100
2019-06-28 10:05:30.000000000,100364,344,100088,344,100393,344,100053,444,100462,100,99886,100,100523,100,99872,100,100591,100,99862,100,100735,100,99767,100,100758,100,99611,100,100956,100,99556,100,101202,100,99548,100,,,99494,100
2019-06-28 10:05:40.000000000,100364,344,100088,344,100393,344,100053,444,100462,100,99886,100,100523,100,99872,100,100591,100,99862,100,100735,100,99767,100,100758,100,99611,100,100956,100,99556,100,101202,100,99548,100,,,99494,100
2019-06-28 10:05:47.420913867,100364,344,100088,344,100393,344,100053,444,100462,100,99886,100,100523,100,99862,100,100591,100,99767,100,100735,100,99611,100,100758,100,99556,100,100956,100,99548,100,101202,100,99494,100,101210,100,99492,100
2019-06-28 10:05:50.000000000,100364,588,100088,588,100393,100,100053,200,100462,100,99886,100,100523,100,99862,100,100591,100,99767,100,100735,100,99611,100,100758,100,99556,100,100956,100,99548,100,101202,100,99494,100,101210,100,99492,100
2019-06-28 10:06:00.000000000,100364,344,100088,344,100393,344,100053,444,100462,100,99886,100,100523,100,99862,100,100591,100,99767,100,100735,100,99611,100,100758,100,99556,100,100956,100,99548,100,101202,100,99494,100,101210,100,99492,100
2019-06-28 10:06:10.000000000,100364,222,100088,222,100393,222,100053,322,100462,222,99886,222,100523,222,99862,222,100591,100,99767,100,100735,100,99611,100,100758,100,99556,100,100956,100,99548,100,101202,100,99494,100,101210,100,99492,100
2019-06-28 10:06:10.010126920,100364,222,100088,222,100393,222,100053,322,100462,222,99886,222,100523,222,99862,222,100591,100,99767,100,100735,100,99611,100,100758,100,99556,100,100956,100,99548,100,101202,100,99492,100,101210,100,99393,100
2019-06-28 10:06:13.373244297,100364,222,100088,222,100393,222,100053,322,100462,222,99886,222,100523,222,99862,222,100591,100,99767,100,100735,100,99611,100,100758,100,99556,100,100956,100,99548,100,101210,100,99492,100,101287,100,99393,100
2019-06-28 10:06:20.000000000,100364,222,100088,222,100393,222,100053,322,100462,222,99886,222,100523,222,99862,222,100591,100,99767,100,100735,100,99611,100,100758,100,99556,100,100956,100,99548,100,101210,100,99492,100,101287,100,99393,100
2019-06-28 10:06:30.000000000,100364,222,100088,222,100393,222,100053,322,100462,222,99886,222,100523,222,99862,222,100591,100,99767,100,100735,100,99611,100,100758,100,99556,100,100956,100,99548,100,101210,100,99492,100,101287,100,99393,100
2019-06-28 10:06:30.299958426,100364,222,100088,222,100393,222,100053,322,100462,222,99886,222,100523,222,99862,222,100591,100,99767,100,100758,100,99611,100,100956,100,99556,100,101210,100,99548,100,101287,100,99492,100,101324,100,99393,100
2019-06-28 10:06:34.468112183,100364,122,100088,222,100393,222,100053,322,100462,122,99886,222,100523,222,99862,222,100591,100,99767,100,100758,100,99611,100,100956,100,99556,100,101210,100,99548,100,101287,100,99492,100,101324,100,99393,100
2019-06-28 10:06:40.000000000,100393,198,100088,198,100523,198,100053,298,100591,198,99886,198,100758,198,99862,198,100956,198,99767,198,101210,100,99611,100,101287,100,99556,100,101324,100,99548,100,101425,100,99492,100,,,99393,100
2019-06-28 10:06:49.081144645,100393,198,100088,198,100523,198,100053,298,100591,198,99886,198,100758,198,99862,198,100956,198,99767,198,101210,100,99611,100,101287,100,99556,100,101324,100,99548,100,101424,100,99492,100,101425,100,99393,100
2019-06-28 10:06:50.000000000,100393,198,100088,198,100523,198,100053,298,100591,198,99886,198,100758,198,99862,198,100956,198,99767,198,101210,100,99611,100,101287,100,99556,100,101324,100,99548,100,101424,100,99492,100,101425,100,99393,100
2019-06-28 10:07:00.000000000,100393,588,100088,588,100523,100,100053,200,100591,100,99886,100,100758,100,99862,100,100956,100,99767,100,101210,100,99611,100,101287,100,99556,100,101324,100,99548,100,101424,100,99492,100,101425,100,99393,100
2019-06-28 10:07:10.000000000,100393,344,100088,344,100523,344,100053,444,100591,100,99886,100,100758,100,99862,100,100956,100,99767,100,101210,100,99611,100,101287,100,99556,100,101324,100,99548,100,101424,100,99492,100,101425,100,99393,100
2019-06-28 10:07:14.209163345,100393,344,100088,344,100523,344,100053,444,100591,100,99886,100,100758,100,99862,100,100956,100,99767,100,101210,100,99611,100,101287,100,99556,100,101324,100,99548,100,101424,100,99393,100,101425,100,99294,100
2019-06-28 10:07:20.000000000,100393,266,100088,266,100523,261,100053,361,100591,261,99886,261,100758,100,99862,100,100956,100,99767,100,101210,100,99611,100,101287,100,99556,100,101324,100,99548,100,101424,100,99393,100,101425,100,99294,100
2019-06-28 10:07:24.612206694,100393,266,100088,266,100523,261,100053,361,100591,261,99886,161,100758,100,99862,100,100956,100,99767,100,101164,100,99611,100,101210,100,99556,100,101287,100,99548,100,101324,100,99393,100,101424,100,99294,100
