,ask_price_1,ask_size_1,bid_price_1,bid_size_1,ask_price_2,ask_size_2,bid_price_2,bid_size_2,ask_price_3,ask_size_3,bid_price_3,bid_size_3,ask_price_4,ask_size_4,bid_price_4,bid_size_4,ask_price_5,ask_size_5,bid_price_5,bid_size_5,ask_price_6,ask_size_6,bid_price_6,bid_size_6,ask_price_7,ask_size_7,bid_price_7,bid_size_7,ask_price_8,ask_size_8,bid_price_8,bid_size_8,ask_price_9,ask_size_9,bid_price_9,bid_size_9,ask_price_10,ask_size_10,bid_price_10,bid_size_10
2019-06-28 09:30:00.000000003,,,99905,100,,,,,,,,,,,,,,,,,,,,,,,,,,,,,,,,,,,,
2019-06-28 09:30:00.000000004,,,99905,100,,,99896,100,,,,,,,,,,,,,,,,,,,,,,,,,,,,,,,,
2019-06-28 09:30:00.000000005,,,99962,100,,,99913,100,,,99905,100,,,99896,100,,,,,,,,,,,,,,,,,,,,,,,,
2019-06-28 09:30:00.000000006,100162,100,99962,100,,,99913,100,,,99905,100,,,99896,100,,,,,,,,,,,,,,,,,,,,,,,,
2019-06-28 09:30:00.000000008,100162,100,99962,100,,,99913,100,,,99905,100,,,99896,100,,,99857,100,,,,,,,,,,,,,,,,,,,,
2019-06-28 09:30:00.000000009,99988,100,99962,100,100162,100,99913,100,,,99905,100,,,99896,100,,,99857,100,,,,,,,,,,,,,,,,,,,,
2019-06-28 09:30:00.000000011,99988,100,99962,100,100162,100,99913,100,,,99907,100,,,99905,100,,,99896,100,,,99857,100,,,,,,,,,,,,,,,,
2019-06-28 09:30:00.000000012,99974,100,99962,100,99988,100,99913,100,100162,100,99907,100,,,99905,100,,,99896,100,,,99857,100,,,,,,,,,,,,,,,,
2019-06-28 09:30:00.000000015,99974,100,99962,100,99983,100,99913,100,99988,100,99907,100,100162,100,99905,100,,,99896,100,,,99857,100,,,,,,,,,,,,,,,,
2019-06-28 09:30:00.000000017,99974,100,99962,100,99983,100,99913,100,99988,100,99907,100,100162,100,99905,100,,,99896,100,,,99886,100,,,99857,100,,,,,,,,,,,,
2019-06-28 09:30:00.000000018,99974,100,99962,100,99983,100,99913,100,99988,100,99907,100,100115,100,99905,100,100162,100,99896,100,,,99886,100,,,99857,100,,,,,,,,,,,,
2019-06-28 09:30:00.000000022,99983,100,99962,100,99988,100,99913,100,100115,100,99907,100,100162,100,99905,100,,,99896,100,,,99886,100,,,99857,100,,,,,,,,,,,,
2019-06-28 09:30:00.000000023,99983,100,99962,100,99988,100,99913,100,100006,100,99907,100,100115,100,99905,100,100162,100,99896,100,,,99886,100,,,99857,100,,,,,,,,,,,,
2019-06-28 09:30:00.000000024,99983,100,99962,100,99988,100,99913,100,100006,100,99907,100,100050,100,99905,100,100079,100,99896,100,100115,100,99886,100,100162,100,99857,100,,,,,,,,,,,,
2019-06-28 09:30:00.000000025,99983,100,99962,100,99988,100,99913,100,100006,100,99907,100,100050,100,99905,100,100079,100,99896,100,100083,100,99886,100,100115,100,99857,100,100162,100,,,,,,,,,,
2019-06-28 09:30:00.000000027,99983,100,99962,100,99988,100,99913,100,100006,100,99907,100,100050,100,99905,100,100061,100,99896,100,100079,100,99886,100,100083,100,99857,100,100115,100,,,100162,100,,,,,,
2019-06-28 09:30:00.000000029,99983,100,99962,100,99988,100,99913,100,100006,100,99907,100,100036,100,99905,100,100050,100,99896,100,100061,100,99886,100,100079,100,99857,100,100083,100,,,100115,100,,,100162,100,,
2019-06-28 09:30:00.000000030,99983,100,99962,100,99988,100,99913,100,99994,100,99907,100,100006,100,99905,100,100036,100,99896,100,100050,100,99886,100,100061,100,99882,100,100079,100,99857,100,100083,100,,,100115,100,,
2019-06-28 09:30:00.000000031,99983,100,99962,100,99988,100,99951,100,99994,100,99913,100,100006,100,99907,100,100036,100,99905,100,100050,100,99896,100,100061,100,99886,100,100079,100,99882,100,100083,100,99857,100,100115,100,,
2019-06-28 09:30:00.000000033,99983,100,99962,100,99988,100,99951,100,99994,100,99913,100,100006,100,99907,100,100036,100,99905,100,100050,100,99899,100,100061,100,99896,100,100079,100,99886,100,100083,100,99882,100,100115,100,99857,100
2019-06-28 09:30:00.000000034,99983,100,99962,100,99988,100,99951,100,99994,100,99935,100,100006,100,99913,100,100036,100,99907,100,100050,100,99905,100,100061,100,99899,100,100079,100,99896,100,100083,100,99886,100,100115,100,99882,100
2019-06-28 09:30:00.000000038,99983,100,99962,100,99988,100,99951,100,99994,100,99935,100,99998,100,99913,100,100006,100,99907,100,100036,100,99905,100,100050,100,99899,100,100061,100,99896,100,100079,100,99886,100,100083,100,99883,100
2019-06-28 09:30:00.000000039,99988,100,99962,100,99994,100,99951,100,99998,100,99935,100,100006,100,99913,100,100036,100,99907,100,100050,100,99905,100,100061,100,99899,100,100079,100,99896,100,100083,100,99886,100,100115,100,99883,100
2019-06-28 09:30:00.000000041,99988,100,99962,100,99994,100,99951,100,99998,100,99936,100,100006,100,99935,100,100036,100,99913,100,100050,100,99907,100,100061,100,99905,100,100079,100,99899,100,100083,100,99896,100,100115,100,99886,100
2019-06-28 09:30:00.000000046,99988,100,99962,100,99994,100,99951,100,99998,100,99936,100,100006,100,99935,100,100036,100,99913,100,100050,100,99907,100,100061,100,99905,100,100070,100,99899,100,100079,100,99896,100,100083,100,99887,100
2019-06-28 09:30:00.000000048,99983,100,99951,100,99988,100,99936,100,99994,100,99935,100,99998,100,99913,100,100006,100,99907,100,100036,100,99905,100,100050,100,99899,100,100061,100,99896,100,100070,100,99887,100,100079,100,99886,100
2019-06-28 09:30:00.000000049,99983,100,99951,100,99988,100,99936,100,99994,100,99935,100,99998,100,99913,100,100006,100,99907,100,100036,100,99906,100,100050,100,99905,100,100061,100,99899,100,100070,100,99896,100,100079,100,99887,100
2019-06-28 09:30:00.000000053,99983,200,99962,100,99988,100,99951,100,99994,100,99936,100,99998,100,99935,100,100006,100,99913,100,100036,100,99908,100,100050,100,99907,100,100061,100,99906,100,100070,100,99905,100,100079,100,99899,100
2019-06-28 09:30:00.000000054,99983,200,99962,100,99988,100,99951,100,99994,100,99936,100,99998,100,99935,100,100006,100,99913,100,100036,100,99908,100,100050,100,99907,100,100061,100,99906,100,100070,100,99905,100,100079,100,99899,100
2019-06-28 09:30:00.000000060,99983,200,99962,100,99988,100,99951,100,99994,100,99936,100,99998,100,99935,100,100006,100,99916,100,100036,100,99913,100,100050,100,99908,100,100061,100,99907,100,100070,100,99906,100,100079,100,99905,100
2019-06-28 09:30:00.000000065,99983,200,99962,200,99988,100,99951,100,99994,100,99936,100,99998,100,99935,100,100006,100,99916,100,100036,100,99913,100,100050,100,99908,100,100061,100,99907,100,100070,100,99906,100,100079,100,99905,100
2019-06-28 09:30:00.000000066,99983,200,99962,200,99988,100,99951,100,99994,100,99936,100,99998,100,99935,100,100006,100,99932,100,100036,100,99916,100,100050,100,99913,100,100061,100,99908,100,100070,100,99907,100,100079,100,99906,100
2019-06-28 09:30:00.000000069,99983,300,99962,300,99988,100,99951,100,99994,100,99936,100,99998,100,99935,100,100006,100,99932,100,100036,100,99916,100,100050,100,99913,100,100061,100,99908,100,100070,100,99907,100,100079,100,99906,100
2019-06-28 09:30:00.000000070,99983,300,99962,300,99988,100,99951,100,99994,100,99936,100,99998,100,99935,100,100006,100,99932,100,100009,100,99916,100,100036,100,99913,100,100050,100,99908,100,100061,100,99907,100,100070,100,99906,100
2019-06-28 09:30:00.000000071,99983,300,99962,400,99988,100,99951,100,99994,100,99936,100,99998,100,99935,100,100006,100,99932,100,100009,100,99916,100,100036,100,99913,100,100050,100,99908,100,100061,100,99907,100,100070,100,99906,100
2019-06-28 09:30:00.000000072,99983,300,99962,400,99988,100,99951,100,99994,100,99936,100,99998,100,99935,100,100006,100,99932,100,100009,100,99916,100,100036,100,99913,100,100050,100,99908,100,100061,100,99907,100,100070,100,99906,100
2019-06-28 09:30:00.000000073,99983,300,99962,400,99988,100,99951,100,99994,100,99936,100,99998,100,99935,100,100006,100,99932,100,100009,100,99916,100,100036,100,99913,100,100050,100,99908,100,100061,100,99907,100,100070,100,99906,100
2019-06-28 09:30:00.000000074,99983,200,99962,400,99988,100,99951,100,99994,100,99936,100,99998,100,99935,100,100006,100,99932,100,100009,100,99916,100,100036,100,99913,100,100050,100,99908,100,100061,100,99907,100,100070,100,99906,100
2019-06-28 09:30:00.000000075,99983,200,99962,400,99988,100,99951,100,99994,100,99936,100,99998,100,99935,100,100006,100,99932,100,100009,100,99916,100,100016,100,99913,100,100036,100,99908,100,100050,100,99907,100,100061,100,99906,100
2019-06-28 09:30:00.000000076,99983,200,99962,400,99988,100,99951,100,99994,100,99936,100,99998,100,99935,100,100006,100,99932,100,100009,100,99916,100,100016,100,99913,100,100036,100,99908,100,100050,100,99907,100,100061,100,99906,100
2019-06-28 09:30:00.000000077,99982,100,99962,400,99983,100,99951,100,99988,100,99936,100,99994,100,99935,100,99998,100,99932,100,100006,100,99916,100,100009,100,99913,100,100016,100,99908,100,100036,100,99907,100,100050,100,99906,100
2019-06-28 09:30:00.000000078,99983,100,99962,400,99988,100,99951,100,99994,100,99936,100,99998,100,99935,100,100006,100,99932,100,100009,100,99916,100,100016,100,99913,100,100036,100,99908,100,100050,100,99907,100,100061,100,99906,100
2019-06-28 09:30:00.000000082,99983,100,99962,400,99988,100,99951,100,99994,100,99936,100,99998,100,99935,100,100006,100,99932,100,100009,100,99925,100,100016,100,99916,100,100036,100,99913,100,100050,100,99908,100,100061,100,99907,100
2019-06-28 09:30:00.000000083,99983,100,99962,400,99988,100,99951,100,99994,100,99936,100,99998,100,99935,100,100006,100,99932,100,100009,100,99925,100,100016,100,99916,100,100036,100,99913,100,100050,100,99908,100,100061,100,99907,100
2019-06-28 09:30:00.000000084,99983,100,99962,400,99988,100,99951,100,99994,100,99936,100,99998,100,99935,100,100006,100,99932,100,100009,100,99925,100,100016,100,99916,100,100036,100,99913,100,100050,100,99908,100,100061,100,99907,100
2019-06-28 09:30:00.000000086,99983,100,99962,400,99988,100,99951,100,99994,100,99936,100,99998,100,99935,100,100006,100,99932,100,100009,100,99925,100,100016,100,99916,100,100027,100,99913,100,100036,100,99908,100,100050,100,99907,100
2019-06-28 09:30:00.000000087,99983,100,99962,400,99988,100,99951,100,99994,100,99950,100,99998,100,99936,100,100006,100,99935,100,100009,100,99932,100,100016,100,99925,100,100027,100,99916,100,100036,100,99913,100,100050,100,99908,100
2019-06-28 09:30:00.000000088,99983,100,99962,400,99988,100,99951,100,99994,100,99950,100,99998,100,99936,100,100006,100,99935,100,100009,100,99932,100,100016,100,99925,100,100027,100,99916,100,100036,100,99913,100,100050,100,99908,100
2019-06-28 09:30:00.000000089,99983,100,99962,400,99988,100,99951,100,99994,100,99950,100,99998,100,99936,100,100006,100,99935,100,100009,100,99932,100,100016,100,99925,100,100027,100,99916,100,100036,100,99913,100,100050,100,99908,100
2019-06-28 09:30:00.000000090,99983,100,99962,400,99988,100,99951,100,99994,100,99950,100,99998,100,99936,100,100006,100,99935,100,100009,100,99932,100,100016,100,99925,100,100027,100,99916,100,100036,100,99913,100,100050,100,99908,100
2019-06-28 09:30:00.000000094,99983,100,99962,400,99988,100,99951,100,99994,100,99950,100,99998,100,99936,100,100006,100,99935,100,100009,100,99932,100,100016,100,99925,100,100027,100,99916,100,100036,100,99913,100,100050,100,99908,100
2019-06-28 09:30:00.000000095,99988,100,99962,400,99994,100,99951,100,99998,100,99950,100,100006,100,99936,100,100009,100,99935,100,100016,100,99932,100,100027,100,99925,100,100036,100,99916,100,100050,100,99913,100,100061,100,99908,100
2019-06-28 09:30:00.000000096,99988,100,99982,100,99994,100,99962,400,99998,100,99951,100,100006,100,99950,100,100009,100,99936,100,100016,100,99935,100,100027,100,99932,100,100036,100,99925,100,100050,100,99916,100,100061,100,99913,100
2019-06-28 09:30:10.000000000,99988,598,99982,598,99994,100,99962,400,99998,100,99951,100,100006,100,99950,100,100009,100,99936,100,100016,100,99935,100,100027,100,99932,100,100036,100,99925,100,100050,100,99916,100,100061,100,99913,100
2019-06-28 09:30:15.187794512,99988,598,99982,498,99994,100,99962,400,99998,100,99951,100,100006,100,99950,100,100016,100,99936,100,100027,100,99935,100,100036,100,99932,100,100050,100,99925,100,100061,100,99916,100,100068,100,99913,100
2019-06-28 09:30:20.000000000,99988,224,99962,524,99994,224,99951,224,99998,224,99950,224,100006,224,99936,224,100016,100,99935,100,100027,100,99932,100,100036,100,99925,100,100050,100,99916,100,100061,100,99913,100,100068,100,99908,100
2019-06-28 09:30:20.847272540,99983,100,99962,524,99988,224,99951,224,99994,224,99950,224,99998,224,99936,224,100006,224,99935,100,100016,100,99932,100,100027,100,99925,100,100036,100,99916,100,100050,100,99913,100,100061,100,99908,100
2019-06-28 09:30:24.163360949,99983,100,99962,424,99988,124,99951,224,99994,224,99950,224,99998,224,99936,224,100006,224,99935,100,100016,100,99932,100,100027,100,99925,100,100036,100,99916,100,100050,100,99913,100,100061,100,99908,100
2019-06-28 09:30:28.231934413,99983,100,99962,324,99988,124,99951,224,99994,224,99950,224,99998,224,99936,224,100006,224,99935,100,100016,100,99932,100,100036,100,99925,100,100050,100,99916,100,100061,100,99913,100,100068,100,99908,100
2019-06-28 09:30:30.000000000,99983,269,99962,369,99994,264,99951,264,99998,264,99950,264,100006,100,99936,100,100016,100,99935,100,100036,100,99932,100,100050,100,99925,100,100061,100,99916,100,100068,100,99913,100,100070,100,99908,100
2019-06-28 09:30:40.000000000,99983,200,99962,300,99994,200,99951,200,99998,200,99950,200,100006,200,99936,200,100016,200,99935,200,100036,100,99932,100,100050,100,99925,100,100061,100,99916,100,100068,100,99913,100,100070,100,99908,100
2019-06-28 09:30:48.276096636,99983,200,99962,200,99994,200,99951,200,99998,200,99950,200,100006,200,99936,200,100016,200,99935,200,100036,100,99932,100,100050,100,99925,100,100061,100,99916,100,100068,100,99913,100,100070,100,99908,100
2019-06-28 09:30:50.000000000,99983,224,99962,224,99994,224,99951,224,99998,224,99950,224,100006,224,99936,224,100016,100,99935,100,100036,100,99932,100,100050,100,99925,100,100061,100,99916,100,100068,100,99913,100,100070,100,99908,100
2019-06-28 09:31:00.000000000,99983,598,99962,598,99994,100,99951,100,99998,100,99950,100,100006,100,99936,100,100016,100,99935,100,100036,100,99932,100,100050,100,99925,100,100061,100,99916,100,100068,100,99913,100,100070,100,99908,100
2019-06-28 09:31:03.889072108,99983,498,99962,598,99994,100,99951,100,99998,100,99950,100,100006,100,99936,100,100016,100,99935,100,100036,100,99932,100,100050,100,99925,100,100061,100,99916,100,100068,100,99913,100,100070,100,99908,100
2019-06-28 09:31:10.000000000,99994,349,99962,349,99998,349,99951,349,100006,100,99950,100,100016,100,99936,100,100036,100,99935,100,100050,100,99932,100,100061,100,99925,100,100068,100,99916,100,100070,100,99913,100,100077,100,99908,100
2019-06-28 09:31:14.476295965,99994,249,99962,349,99998,349,99951,349,100006,100,99950,100,100016,100,99936,100,100036,100,99935,100,100050,100,99932,100,100061,100,99925,100,100068,100,99916,100,100077,100,99913,100,100079,100,99908,100
2019-06-28 09:31:20.000000000,99998,269,99962,269,100006,264,99951,264,100016,264,99950,264,100036,100,99936,100,100050,100,99935,100,100061,100,99932,100,100068,100,99925,100,100077,100,99916,100,100079,100,99913,100,100083,100,99908,100
2019-06-28 09:31:26.672242584,99998,269,99962,269,100006,264,99951,264,100016,264,99950,264,100036,100,99936,100,100050,100,99935,100,100061,100,99932,100,100068,100,99925,100,100077,100,99916,100,100079,100,99913,100,100083,100,99908,100
2019-06-28 09:31:29.141417380,99998,269,99962,269,100006,264,99951,264,100016,264,99950,264,100036,100,99936,100,100050,100,99935,100,100061,100,99932,100,100068,100,99925,100,100077,100,99916,100,100079,100,99913,100,100083,100,99908,100
2019-06-28 09:31:30.000000000,99998,349,99962,349,100006,349,99951,349,100016,100,99950,100,100036,100,99936,100,100050,100,99935,100,100061,100,99932,100,100068,100,99925,100,100077,100,99916,100,100079,100,99913,100,100083,100,99908,100
2019-06-28 09:31:30.559316083,99998,349,99962,349,100006,349,99951,349,100016,100,99950,100,100036,100,99936,100,100050,100,99935,100,100061,100,99932,100,100068,100,99925,100,100077,100,99916,100,100079,100,99913,100,100083,100,99908,100
2019-06-28 09:31:32.118450853,99998,349,99962,349,100006,349,99951,349,100016,100,99950,100,100036,100,99936,100,100050,100,99935,100,100061,100,99932,100,100068,100,99925,100,100077,100,99916,100,100079,100,99913,100,100083,100,99908,100
2019-06-28 09:31:38.501812865,99998,249,99962,349,100006,349,99951,349,100016,100,99950,100,100036,100,99936,100,100050,100,99935,100,100061,100,99932,100,100068,100,99925,100,100077,100,99916,100,100079,100,99913,100,100083,100,99908,100
2019-06-28 09:31:40.000000000,100006,269,99962,269,100016,264,99951,264,100036,264,99950,264,100050,100,99936,100,100061,100,99935,100,100068,100,99932,100,100077,100,99925,100,100079,100,99916,100,100083,100,99913,100,100103,100,99908,100
2019-06-28 09:31:50.000000000,100006,200,99962,200,100016,200,99951,200,100036,200,99950,200,100050,200,99936,200,100061,200,99935,200,100068,100,99932,100,100077,100,99925,100,100079,100,99916,100,100083,100,99913,100,100103,100,99908,100
2019-06-28 09:32:00.000000000,100006,200,99962,200,100016,200,99951,200,100036,200,99950,200,100050,200,99936,200,100061,200,99935,200,100068,100,99932,100,100077,100,99925,100,100079,100,99916,100,100083,100,99913,100,100103,100,99908,100
2019-06-28 09:32:05.172766306,100006,100,99962,200,100016,200,99951,200,100036,200,99950,200,100050,200,99936,200,100061,200,99935,200,100068,100,99932,100,100077,100,99925,100,100079,100,99916,100,100083,100,99913,100,100103,100,99908,100
2019-06-28 09:32:10.000000000,100016,224,99962,224,100036,224,99951,224,100050,224,99950,224,100061,224,99936,224,100068,100,99935,100,100077,100,99932,100,100079,100,99925,100,100083,100,99916,100,100103,100,99913,100,100104,100,99908,100
2019-06-28 09:32:17.117968148,100016,124,99962,224,100036,224,99951,224,100050,224,99950,224,100061,224,99936,224,100068,100,99935,100,100077,100,99932,100,100079,100,99925,100,100083,100,99916,100,100103,100,99913,100,100104,100,99908,100
2019-06-28 09:32:19.859714837,100016,124,100006,100,100036,224,99962,224,100050,224,99951,224,100061,224,99950,224,100068,100,99936,224,100077,100,99935,100,100079,100,99932,100,100083,100,99925,100,100103,100,99916,100,100104,100,99913,100
2019-06-28 09:32:20.000000000,100036,349,100006,349,100050,349,99962,349,100061,100,99951,100,100068,100,99950,100,100077,100,99936,100,100079,100,99935,100,100083,100,99932,100,100103,100,99925,100,100104,100,99916,100,100121,100,99913,100
2019-06-28 09:32:30.000000000,100036,349,100006,349,100050,349,99962,349,100061,100,99951,100,100068,100,99950,100,100077,100,99936,100,100079,100,99935,100,100083,100,99932,100,100103,100,99925,100,100104,100,99916,100,100121,100,99913,100
2019-06-28 09:32:40.000000000,100036,598,100006,598,100050,100,99962,100,100061,100,99951,100,100068,100,99950,100,100077,100,99936,100,100079,100,99935,100,100083,100,99932,100,100103,100,99925,100,100104,100,99916,100,100121,100,99913,100
2019-06-28 09:32:44.966483021,100036,498,100006,598,100050,100,99962,100,100061,100,99951,100,100068,100,99950,100,100077,100,99936,100,100079,100,99935,100,100083,100,99932,100,100103,100,99925,100,100104,100,99916,100,100121,100,99913,100
2019-06-28 09:32:49.137896645,100036,498,100006,598,100050,100,99962,100,100061,100,99951,100,100068,100,99950,100,100077,100,99936,100,100079,100,99935,100,100083,100,99932,100,100103,100,99925,100,100104,100,99916,100,100121,100,99913,100
2019-06-28 09:32:50.000000000,100050,598,100006,598,100061,100,99962,100,100068,100,99951,100,100077,100,99950,100,100079,100,99936,100,100083,100,99935,100,100103,100,99932,100,100104,100,99925,100,100121,100,99916,100,100178,100,99913,100
2019-06-28 09:33:00.000000000,100050,224,100006,224,100061,224,99962,224,100068,224,99951,224,100077,224,99950,224,100079,100,99936,100,100083,100,99935,100,100103,100,99932,100,100104,100,99925,100,100121,100,99916,100,100178,100,99913,100
2019-06-28 09:33:10.000000000,100050,269,100006,269,100061,264,99962,264,100068,264,99951,264,100077,100,99950,100,100079,100,99936,100,100083,100,99935,100,100103,100,99932,100,100104,100,99925,100,100121,100,99916,100,100178,100,99913,100
2019-06-28 09:33:20.000000000,100050,349,100006,349,100061,349,99962,349,100068,100,99951,100,100077,100,99950,100,100079,100,99936,100,100083,100,99935,100,100103,100,99932,100,100104,100,99925,100,100121,100,99916,100,100178,100,99913,100
2019-06-28 09:33:27.919937389,100050,249,100006,349,100061,349,99962,349,100068,100,99951,100,100077,100,99950,100,100079,100,99936,100,100083,100,99935,100,100103,100,99932,100,100104,100,99925,100,100121,100,99916,100,100178,100,99913,100
2019-06-28 09:33:30.000000000,100061,598,100006,598,100068,100,99962,100,100077,100,99951,100,100079,100,99950,100,100083,100,99936,100,100103,100,99935,100,100104,100,99932,100,100121,100,99925,100,100178,100,99916,100,100234,100,99913,100
2019-06-28 09:33:40.000000000,100061,224,100006,224,100068,224,99962,224,100077,224,99951,224,100079,224,99950,224,100083,100,99936,100,100103,100,99935,100,100104,100,99932,100,100121,100,99925,100,100178,100,99916,100,100234,100,99913,100
2019-06-28 09:33:47.829401316,100061,224,100006,224,100068,224,99962,224,100077,224,99951,224,100079,224,99950,224,100083,100,99936,100,100103,100,99935,100,100104,100,99932,100,100121,100,99925,100,100178,100,99916,100,100234,100,99913,100
2019-06-28 09:33:50.000000000,100061,349,100006,349,100068,349,99962,349,100077,100,99951,100,100079,100,99950,100,100083,100,99936,100,100103,100,99935,100,100104,100,99932,100,100121,100,99925,100,100178,100,99916,100,100234,100,99913,100
2019-06-28 09:33:57.051007392,100061,349,100006,349,100068,349,99962,349,100077,100,99951,100,100079,100,99950,100,100083,100,99936,100,100103,100,99935,100,100104,100,99932,100,100121,100,99925,100,100178,100,99916,100,100234,100,99913,100
2019-06-28 09:34:00.000000000,100061,349,100006,349,100068,349,99962,349,100077,100,99951,100,100079,100,99950,100,100083,100,99936,100,100103,100,99935,100,100104,100,99932,100,100121,100,99925,100,100178,100,99916,100,100234,100,99913,100
2019-06-28 09:34:10.000000000,100061,269,100006,269,100068,264,99962,264,100077,264,99951,264,100079,100,99950,100,100083,100,99936,100,100103,100,99935,100,100104,100,99932,100,100121,100,99925,100,100178,100,99916,100,100234,100,99913,100
2019-06-28 09:34:20.000000000,100061,598,100006,598,100068,100,99962,100,100077,100,99951,100,100079,100,99950,100,100083,100,99936,100,100103,100,99935,100,100104,100,99932,100,100121,100,99925,100,100178,100,99916,100,100234,100,99913,100
2019-06-28 09:34:30.000000000,100061,269,100006,269,100068,264,99962,264,100077,264,99951,264,100079,100,99950,100,100083,100,99936,100,100103,100,99935,100,100104,100,99932,100,100121,100,99925,100,100178,100,99916,100,100234,100,99913,100
2019-06-28 09:34:40.000000000,100061,598,100006,598,100068,100,99962,100,100077,100,99951,100,100079,100,99950,100,100083,100,99936,100,100103,100,99935,100,100104,100,99932,100,100121,100,99925,100,100178,100,99916,100,100234,100,99913,100
2019-06-28 09:34:45.137687824,100061,598,100006,598,100068,100,99962,100,100077,100,99951,100,100079,100,99950,100,100083,100,99936,100,100103,100,99935,100,100104,100,99932,100,100121,100,99925,100,100234,100,99916,100,100377,100,99913,100
2019-06-28 09:34:48.793552238,100061,598,100006,598,100068,100,99962,100,100077,100,99951,100,100079,100,99950,100,100083,100,99936,100,100103,100,99935,100,100104,100,99932,100,100121,100,99925,100,100234,100,99916,100,100377,100,99913,100
2019-06-28 09:34:50.000000000,100061,598,100006,598,100068,100,99962,100,100077,100,99951,100,100079,100,99950,100,100083,100,99936,100,100103,100,99935,100,100104,100,99932,100,100121,100,99925,100,100234,100,99916,100,100377,100,99913,100
2019-06-28 09:35:00.000000000,100061,269,100006,269,100068,264,99962,264,100077,264,99951,264,100079,100,99950,100,100083,100,99936,100,100103,100,99935,100,100104,100,99932,100,100121,100,99925,100,100234,100,99916,100,100377,100,99913,100
2019-06-28 09:35:10.000000000,100061,200,100006,200,100068,200,99962,200,100077,200,99951,200,100079,200,99950,200,100083,200,99936,200,100103,100,99935,100,100104,100,99932,100,100121,100,99925,100,100234,100,99916,100,100377,100,99913,100
2019-06-28 09:35:11.787150197,100061,200,100036,100,100068,200,100006,200,100077,200,99962,200,100079,200,99951,200,100083,200,99950,200,100103,100,99936,200,100104,100,99935,100,100121,100,99932,100,100234,100,99925,100,100377,100,99916,100
2019-06-28 09:35:20.000000000,100061,200,100036,200,100068,200,100006,200,100077,200,99962,200,100079,200,99951,200,100083,200,99950,200,100103,100,99936,100,100104,100,99935,100,100121,100,99932,100,100234,100,99925,100,100377,100,99916,100
2019-06-28 09:35:30.000000000,100061,269,100036,269,100068,264,100006,264,100077,264,99962,264,100079,100,99951,100,100083,100,99950,100,100103,100,99936,100,100104,100,99935,100,100121,100,99932,100,100234,100,99925,100,100377,100,99916,100
2019-06-28 09:35:31.906386019,100061,169,100036,269,100068,264,100006,264,100077,264,99962,264,100079,100,99951,100,100083,100,99950,100,100103,100,99936,100,100104,100,99935,100,100121,100,99932,100,100234,100,99925,100,100377,100,99916,100
2019-06-28 09:35:37.378718000,100061,169,100036,269,100068,264,100006,164,100077,264,99962,264,100079,100,99951,100,100083,100,99950,100,100103,100,99936,100,100104,100,99935,100,100121,100,99932,100,100234,100,99925,100,100377,100,99916,100
2019-06-28 09:35:40.000000000,100068,269,100036,269,100077,264,99962,264,100079,264,99951,264,100083,100,99950,100,100103,100,99936,100,100104,100,99935,100,100121,100,99932,100,100234,100,99925,100,100377,100,99916,100,100382,100,99913,100
2019-06-28 09:35:50.000000000,100068,598,100036,598,100077,100,99962,100,100079,100,99951,100,100083,100,99950,100,100103,100,99936,100,100104,100,99935,100,100121,100,99932,100,100234,100,99925,100,100377,100,99916,100,100382,100,99913,100
2019-06-28 09:36:00.000000000,100068,269,100036,269,100077,264,99962,264,100079,264,99951,264,100083,100,99950,100,100103,100,99936,100,100104,100,99935,100,100121,100,99932,100,100234,100,99925,100,100377,100,99916,100,100382,100,99913,100
2019-06-28 09:36:07.907809105,100068,269,100050,100,100077,264,100036,269,100079,264,99962,264,100083,100,99951,264,100103,100,99950,100,100104,100,99936,100,100121,100,99935,100,100234,100,99932,100,100377,100,99925,100,100382,100,99916,100
2019-06-28 09:36:10.000000000,100068,200,100050,200,100077,200,100036,200,100079,200,99962,200,100083,200,99951,200,100103,200,99950,200,100104,100,99936,100,100121,100,99935,100,100234,100,99932,100,100377,100,99925,100,100382,100,99916,100
2019-06-28 09:36:19.804418704,100068,200,100050,200,100077,200,100036,200,100079,200,99962,200,100083,200,99951,200,100103,200,99950,200,100104,100,99936,100,100121,100,99935,100,100234,100,99932,100,100377,100,99925,100,100382,100,99916,100
2019-06-28 09:36:20.000000000,100068,224,100050,224,100077,224,100036,224,100079,224,99962,224,100083,224,99951,224,100103,100,99950,100,100104,100,99936,100,100121,100,99935,100,100234,100,99932,100,100377,100,99925,100,100382,100,99916,100
2019-06-28 09:36:30.000000000,100068,200,100050,200,100077,200,100036,200,100079,200,99962,200,100083,200,99951,200,100103,200,99950,200,100104,100,99936,100,100121,100,99935,100,100234,100,99932,100,100377,100,99925,100,100382,100,99916,100
2019-06-28 09:36:40.000000000,100068,200,100050,200,100077,200,100036,200,100079,200,99962,200,100083,200,99951,200,100103,200,99950,200,100104,100,99936,100,100121,100,99935,100,100234,100,99932,100,100377,100,99925,100,100382,100,99916,100
2019-06-28 09:36:49.638817682,100068,100,100050,200,100077,200,100036,200,100079,200,99962,200,100083,200,99951,200,100103,200,99950,200,100104,100,99936,100,100121,100,99935,100,100234,100,99932,100,100377,100,99925,100,100382,100,99916,100
2019-06-28 09:36:50.000000000,100077,200,100050,200,100079,200,100036,200,100083,200,99962,200,100103,200,99951,200,100104,200,99950,200,100121,100,99936,100,100234,100,99935,100,100377,100,99932,100,100382,100,99925,100,101313,100,99916,100
2019-06-28 09:36:50.949076299,100077,200,100061,100,100079,200,100050,200,100083,200,100036,200,100103,200,99962,200,100104,200,99951,200,100121,100,99950,200,100234,100,99936,100,100377,100,99935,100,100382,100,99932,100,101313,100,99925,100
2019-06-28 09:36:58.451538486,100077,200,100061,100,100079,200,100050,200,100083,200,100036,200,100103,200,99962,200,100104,200,99951,200,100121,100,99950,200,100234,100,99936,100,100377,100,99935,100,100382,100,99932,100,101313,100,99925,100
2019-06-28 09:37:00.000000000,100077,349,100061,349,100079,349,100050,349,100083,100,100036,100,100103,100,99962,100,100104,100,99951,100,100121,100,99950,100,100234,100,99936,100,100377,100,99935,100,100382,100,99932,100,101313,100,99925,100
2019-06-28 09:37:07.770170863,100077,249,100061,349,100079,349,100050,349,100083,100,100036,100,100103,100,99962,100,100104,100,99951,100,100121,100,99950,100,100234,100,99936,100,100377,100,99935,100,100382,100,99932,100,101313,100,99925,100
2019-06-28 09:37:08.811988703,100077,149,100061,349,100079,349,100050,349,100083,100,100036,100,100103,100,99962,100,100104,100,99951,100,100121,100,99950,100,100234,100,99936,100,100377,100,99935,100,100382,100,99932,100,101313,100,99925,100
2019-06-28 09:37:10.000000000,100079,598,100061,598,100083,100,100050,100,100103,100,100036,100,100104,100,99962,100,100121,100,99951,100,100234,100,99950,100,100377,100,99936,100,100382,100,99935,100,101313,100,99932,100,101326,100,99925,100
2019-06-28 09:37:20.000000000,100079,269,100061,269,100083,264,100050,264,100103,264,100036,264,100104,100,99962,100,100121,100,99951,100,100234,100,99950,100,100377,100,99936,100,100382,100,99935,100,101313,100,99932,100,101326,100,99925,100
2019-06-28 09:37:24.713951031,100079,269,100061,269,100083,264,100050,264,100103,264,100036,264,100104,100,99962,100,100121,100,99951,100,100234,100,99950,100,100377,100,99936,100,100382,100,99935,100,101313,100,99932,100,101326,100,99925,100
2019-06-28 09:37:30.000000000,100079,200,100061,200,100083,200,100050,200,100103,200,100036,200,100104,200,99962,200,100121,200,99951,200,100234,100,99950,100,100377,100,99936,100,100382,100,99935,100,101313,100,99932,100,101326,100,99925,100
2019-06-28 09:37:37.657734545,100079,200,100077,100,100083,200,100061,200,100103,200,100050,200,100104,200,100036,200,100121,200,99962,200,100234,100,99951,200,100377,100,99950,100,100382,100,99936,100,101313,100,99935,100,101326,100,99932,100
2019-06-28 09:37:40.000000000,100079,224,100077,224,100083,224,100061,224,100103,224,100050,224,100104,224,100036,224,100121,100,99962,100,100234,100,99951,100,100377,100,99950,100,100382,100,99936,100,101313,100,99935,100,101326,100,99932,100
2019-06-28 09:37:43.981684633,100079,224,100077,224,100083,224,100061,224,100103,224,100050,224,100104,224,100036,224,100121,100,99962,100,100234,100,99951,100,100377,100,99950,100,100382,100,99936,100,101172,100,99935,100,101313,100,99932,100
2019-06-28 09:37:50.000000000,100079,269,100077,269,100083,264,100061,264,100103,264,100050,264,100104,100,100036,100,100121,100,99962,100,100234,100,99951,100,100377,100,99950,100,100382,100,99936,100,101172,100,99935,100,101313,100,99932,100
2019-06-28 09:38:00.000000000,100079,598,100077,598,100083,100,100061,100,100103,100,100050,100,100104,100,100036,100,100121,100,99962,100,100234,100,99951,100,100377,100,99950,100,100382,100,99936,100,101172,100,99935,100,101313,100,99932,100
2019-06-28 09:38:10.000000000,100079,349,100077,349,100083,349,100061,349,100103,100,100050,100,100104,100,100036,100,100121,100,99962,100,100234,100,99951,100,100377,100,99950,100,100382,100,99936,100,101172,100,99935,100,101313,100,99932,100
2019-06-28 09:38:17.711110566,100079,249,100077,349,100083,349,100061,349,100103,100,100050,100,100104,100,100036,100,100121,100,99962,100,100234,100,99951,100,100377,100,99950,100,100382,100,99936,100,101172,100,99935,100,101313,100,99932,100
2019-06-28 09:38:20.000000000,100083,224,100077,224,100103,224,100061,224,100104,224,100050,224,100121,224,100036,224,100234,100,99962,100,100377,100,99951,100,100382,100,99950,100,101172,100,99936,100,101313,100,99935,100,101326,100,99932,100
2019-06-28 09:38:30.000000000,100083,200,100077,200,100103,200,100061,200,100104,200,100050,200,100121,200,100036,200,100234,200,99962,200,100377,100,99951,100,100382,100,99950,100,101172,100,99936,100,101313,100,99935,100,101326,100,99932,100
2019-06-28 09:38:31.301655353,100083,200,100077,200,100103,200,100061,200,100104,200,100050,200,100121,200,100036,200,100234,200,99962,200,100377,100,99951,100,100382,100,99950,100,100949,100,99936,100,101172,100,99935,100,101313,100,99932,100
2019-06-28 09:38:40.000000000,100083,224,100077,224,100103,224,100061,224,100104,224,100050,224,100121,224,100036,224,100234,100,99962,100,100377,100,99951,100,100382,100,99950,100,100949,100,99936,100,101172,100,99935,100,101313,100,99932,100
2019-06-28 09:38:50.000000000,100083,200,100077,200,100103,200,100061,200,100104,200,100050,200,100121,200,100036,200,100234,200,99962,200,100377,100,99951,100,100382,100,99950,100,100949,100,99936,100,101172,100,99935,100,101313,100,99932,100
2019-06-28 09:39:00.000000000,100083,224,100077,224,100103,224,100061,224,100104,224,100050,224,100121,224,100036,224,100234,100,99962,100,100377,100,99951,100,100382,100,99950,100,100949,100,99936,100,101172,100,99935,100,101313,100,99932,100
2019-06-28 09:39:10.000000000,100083,269,100077,269,100103,264,100061,264,100104,264,100050,264,100121,100,100036,100,100234,100,99962,100,100377,100,99951,100,100382,100,99950,100,100949,100,99936,100,101172,100,99935,100,101313,100,99932,100
2019-06-28 09:39:20.000000000,100083,200,100077,200,100103,200,100061,200,100104,200,100050,200,100121,200,100036,200,100234,200,99962,200,100377,100,99951,100,100382,100,99950,100,100949,100,99936,100,101172,100,99935,100,101313,100,99932,100
2019-06-28 09:39:21.040891331,100083,100,100077,200,100103,200,100061,200,100104,200,100050,200,100121,200,100036,200,100234,200,99962,200,100377,100,99951,100,100382,100,99950,100,100949,100,99936,100,101172,100,99935,100,101313,100,99932,100
2019-06-28 09:39:30.000000000,100103,224,100077,224,100104,224,100061,224,100121,224,100050,224,100234,224,100036,224,100377,100,99962,100,100382,100,99951,100,100949,100,99950,100,101172,100,99936,100,101313,100,99935,100,101326,100,99932,100
2019-06-28 09:39:30.846167125,100103,124,100077,224,100104,224,100061,224,100121,224,100050,224,100234,224,100036,224,100377,100,99962,100,100382,100,99951,100,100649,100,99950,100,100949,100,99936,100,101172,100,99935,100,101313,100,99932,100
2019-06-28 09:39:40.000000000,100104,224,100077,224,100121,224,100061,224,100234,224,100050,224,100377,224,100036,224,100382,100,99962,100,100649,100,99951,100,100949,100,99950,100,101172,100,99936,100,101313,100,99935,100,101326,100,99932,100
2019-06-28 09:39:42.506461424,100104,224,100077,224,100121,224,100061,224,100234,224,100050,224,100377,224,100036,224,100382,100,99962,100,100390,100,99951,100,100649,100,99950,100,100949,100,99936,100,101172,100,99935,100,101313,100,99932,100
2019-06-28 09:39:46.267094578,100104,224,100077,224,100121,224,100061,224,100234,224,100050,224,100377,224,100036,224,100382,100,99962,100,100390,100,99951,100,100593,100,99950,100,100649,100,99936,100,100949,100,99935,100,101172,100,99932,100
2019-06-28 09:39:48.020361207,100104,124,100077,224,100121,224,100061,224,100234,224,100050,224,100377,224,100036,224,100382,100,99962,100,100390,100,99951,100,100593,100,99950,100,100649,100,99936,100,100949,100,99935,100,101172,100,99932,100
2019-06-28 09:39:50.000000000,100121,224,100077,224,100234,224,100061,224,100377,224,100050,224,100382,224,100036,224,100390,100,99962,100,100593,100,99951,100,100649,100,99950,100,100949,100,99936,100,101172,100,99935,100,101313,100,99932,100
2019-06-28 09:39:53.176971190,100121,124,100077,224,100234,224,100061,224,100377,224,100050,224,100382,224,100036,224,100390,100,99962,100,100593,100,99951,100,100649,100,99950,100,100949,100,99936,100,101172,100,99935,100,101313,100,99932,100
2019-06-28 09:40:00.000000000,100234,598,100077,598,100377,100,100061,100,100382,100,100050,100,100390,100,100036,100,100593,100,99962,100,100649,100,99951,100,100949,100,99950,100,101172,100,99936,100,101313,100,99935,100,101326,100,99932,100
2019-06-28 09:40:07.114429654,100234,598,100077,598,100377,100,100061,100,100382,100,100050,100,100390,100,100036,100,100593,100,99962,100,100595,100,99951,100,100649,100,99950,100,100949,100,99936,100,101172,100,99935,100,101313,100,99932,100
2019-06-28 09:40:10.000000000,100234,269,100077,269,100377,264,100061,264,100382,264,100050,264,100390,100,100036,100,100593,100,99962,100,100595,100,99951,100,100649,100,99950,100,100949,100,99936,100,101172,100,99935,100,101313,100,99932,100
2019-06-28 09:40:20.000000000,100234,269,100077,269,100377,264,100061,264,100382,264,100050,264,100390,100,100036,100,100593,100,99962,100,100595,100,99951,100,100649,100,99950,100,100949,100,99936,100,101172,100,99935,100,101313,100,99932,100
2019-06-28 09:40:25.594136621,100234,269,100077,269,100377,264,100061,264,100382,264,100050,264,100390,100,100036,100,100593,100,99962,100,100595,100,99951,100,100649,100,99950,100,100747,100,99936,100,100949,100,99935,100,101172,100,99932,100
2019-06-28 09:40:30.000000000,100234,269,100077,269,100377,264,100061,264,100382,264,100050,264,100390,100,100036,100,100593,100,99962,100,100595,100,99951,100,100649,100,99950,100,100747,100,99936,100,100949,100,99935,100,101172,100,99932,100
2019-06-28 09:40:40.000000000,100234,349,100077,349,100377,349,100061,349,100382,100,100050,100,100390,100,100036,100,100593,100,99962,100,100595,100,99951,100,100649,100,99950,100,100747,100,99936,100,100949,100,99935,100,101172,100,99932,100
2019-06-28 09:40:50.000000000,100234,224,100077,224,100377,224,100061,224,100382,224,100050,224,100390,224,100036,224,100593,100,99962,100,100595,100,99951,100,100649,100,99950,100,100747,100,99936,100,100949,100,99935,100,101172,100,99932,100
2019-06-28 09:40:57.624930198,100102,100,100077,224,100234,224,100061,224,100377,224,100050,224,100382,224,100036,224,100390,224,99962,100,100593,100,99951,100,100595,100,99950,100,100649,100,99936,100,100747,100,99935,100,100949,100,99932,100
2019-06-28 09:41:00.000000000,100102,598,100077,598,100234,100,100061,100,100377,100,100050,100,100382,100,100036,100,100390,100,99962,100,100593,100,99951,100,100595,100,99950,100,100649,100,99936,100,100747,100,99935,100,100949,100,99932,100
2019-06-28 09:41:03.734101407,100102,598,100077,598,100234,100,100061,100,100377,100,100050,100,100382,100,100036,100,100390,100,99962,100,100593,100,99951,100,100595,100,99950,100,100649,100,99936,100,100747,100,99935,100,100949,100,99933,100
2019-06-28 09:41:10.000000000,100102,200,100077,200,100234,200,100061,200,100377,200,100050,200,100382,200,100036,200,100390,200,99962,200,100593,100,99951,100,100595,100,99950,100,100649,100,99936,100,100747,100,99935,100,100949,100,99933,100
2019-06-28 09:41:20.000000000,100102,224,100077,224,100234,224,100061,224,100377,224,100050,224,100382,224,100036,224,100390,100,99962,100,100593,100,99951,100,100595,100,99950,100,100649,100,99936,100,100747,100,99935,100,100949,100,99933,100
2019-06-28 09:41:30.000000000,100102,269,100077,269,100234,264,100061,264,100377,264,100050,264,100382,100,100036,100,100390,100,99962,100,100593,100,99951,100,100595,100,99950,100,100649,100,99936,100,100747,100,99935,100,100949,100,99933,100
2019-06-28 09:41:40.000000000,100102,598,100077,598,100234,100,100061,100,100377,100,100050,100,100382,100,100036,100,100390,100,99962,100,100593,100,99951,100,100595,100,99950,100,100649,100,99936,100,100747,100,99935,100,100949,100,99933,100
2019-06-28 09:41:45.624755455,100102,498,100077,598,100234,100,100061,100,100377,100,100050,100,100382,100,100036,100,100390,100,99962,100,100593,100,99951,100,100595,100,99950,100,100649,100,99936,100,100747,100,99935,100,100949,100,99933,100
2019-06-28 09:41:45.893629580,100102,398,100077,598,100234,100,100061,100,100377,100,100050,100,100382,100,100036,100,100390,100,99962,100,100593,100,99951,100,100595,100,99950,100,100649,100,99936,100,100747,100,99935,100,100949,100,99933,100
2019-06-28 09:41:50.000000000,100234,598,100077,598,100377,100,100061,100,100382,100,100050,100,100390,100,100036,100,100593,100,99962,100,100595,100,99951,100,100649,100,99950,100,100747,100,99936,100,100949,100,99935,100,101172,100,99933,100
2019-06-28 09:41:53.045579344,100234,498,100077,598,100377,100,100061,100,100382,100,100050,100,100390,100,100036,100,100593,100,99962,100,100595,100,99950,100,100649,100,99936,100,100747,100,99935,100,100949,100,99933,100,101172,100,99932,100
2019-06-28 09:42:00.000000000,100377,349,100077,349,100382,349,100061,349,100390,100,100050,100,100593,100,100036,100,100595,100,99962,100,100649,100,99950,100,100747,100,99936,100,100949,100,99935,100,101172,100,99933,100,101326,100,99932,100
2019-06-28 09:42:07.520174470,100377,349,100102,100,100382,349,100077,349,100390,100,100061,349,100593,100,100050,100,100595,100,100036,100,100649,100,99962,100,100747,100,99950,100,100949,100,99936,100,101172,100,99935,100,101326,100,99933,100
2019-06-28 09:42:10.000000000,100377,200,100102,200,100382,200,100077,200,100390,200,100061,200,100593,200,100050,200,100595,200,100036,200,100649,100,99962,100,100747,100,99950,100,100949,100,99936,100,101172,100,99935,100,101326,100,99933,100
2019-06-28 09:42:20.000000000,100377,598,100102,598,100382,100,100077,100,100390,100,100061,100,100593,100,100050,100,100595,100,100036,100,100649,100,99962,100,100747,100,99950,100,100949,100,99936,100,101172,100,99935,100,101326,100,99933,100
2019-06-28 09:42:26.017572805,100377,498,100102,598,100382,100,100077,100,100390,100,100061,100,100593,100,100050,100,100595,100,100036,100,100649,100,99962,100,100747,100,99950,100,100949,100,99936,100,101172,100,99935,100,101326,100,99933,100
2019-06-28 09:42:30.000000000,100382,224,100102,224,100390,224,100077,224,100593,224,100061,224,100595,224,100050,224,100649,100,100036,100,100747,100,99962,100,100949,100,99950,100,101172,100,99936,100,101326,100,99935,100,101339,100,99933,100
2019-06-28 09:42:40.000000000,100382,598,100102,598,100390,100,100077,100,100593,100,100061,100,100595,100,100050,100,100649,100,100036,100,100747,100,99962,100,100949,100,99950,100,101172,100,99936,100,101326,100,99935,100,101339,100,99933,100
2019-06-28 09:42:47.596782613,100382,598,100102,598,100390,100,100077,100,100593,100,100061,100,100649,100,100050,100,100747,100,100036,100,100949,100,99962,100,100959,100,99950,100,101172,100,99936,100,101326,100,99935,100,101339,100,99933,100
2019-06-28 09:42:50.000000000,100382,269,100102,269,100390,264,100077,264,100593,264,100061,264,100649,100,100050,100,100747,100,100036,100,100949,100,99962,100,100959,100,99950,100,101172,100,99936,100,101326,100,99935,100,101339,100,99933,100
2019-06-28 09:42:51.731010019,100382,269,100102,269,100390,264,100077,264,100593,264,100061,264,100649,100,100050,100,100747,100,100036,100,100827,100,99962,100,100949,100,99950,100,100959,100,99936,100,101172,100,99935,100,101326,100,99933,100
2019-06-28 09:43:00.000000000,100382,349,100102,349,100390,349,100077,349,100593,100,100061,100,100649,100,100050,100,100747,100,100036,100,100827,100,99962,100,100949,100,99950,100,100959,100,99936,100,101172,100,99935,100,101326,100,99933,100
2019-06-28 09:43:10.000000000,100382,598,100102,598,100390,100,100077,100,100593,100,100061,100,100649,100,100050,100,100747,100,100036,100,100827,100,99962,100,100949,100,99950,100,100959,100,99936,100,101172,100,99935,100,101326,100,99933,100
2019-06-28 09:43:10.065134892,100382,498,100102,598,100390,100,100077,100,100504,100,100061,100,100593,100,100050,100,100649,100,100036,100,100747,100,99962,100,100827,100,99950,100,100949,100,99936,100,100959,100,99935,100,101172,100,99933,100
2019-06-28 09:43:11.946780584,100382,398,100102,598,100390,100,100077,100,100504,100,100061,100,100593,100,100050,100,100649,100,100036,100,100747,100,99962,100,100827,100,99950,100,100949,100,99936,100,100959,100,99935,100,101172,100,99933,100
2019-06-28 09:43:20.000000000,100390,224,100102,224,100504,224,100077,224,100593,224,100061,224,100649,224,100050,224,100747,100,100036,100,100827,100,99962,100,100949,100,99950,100,100959,100,99936,100,101172,100,99935,100,101326,100,99933,100
2019-06-28 09:43:20.553510146,100390,224,100145,100,100504,224,100102,224,100593,224,100077,224,100649,224,100061,224,100747,100,100050,224,100827,100,100036,100,100949,100,99962,100,100959,100,99950,100,101172,100,99936,100,101326,100,99935,100
2019-06-28 09:43:30.000000000,100390,349,100145,349,100504,349,100102,349,100593,100,100077,100,100649,100,100061,100,100747,100,100050,100,100827,100,100036,100,100949,100,99962,100,100959,100,99950,100,101172,100,99936,100,101326,100,99935,100
2019-06-28 09:43:40.000000000,100390,200,100145,200,100504,200,100102,200,100593,200,100077,200,100649,200,100061,200,100747,200,100050,200,100827,100,100036,100,100949,100,99962,100,100959,100,99950,100,101172,100,99936,100,101326,100,99935,100
2019-06-28 09:43:43.721964196,100376,100,100145,200,100390,200,100102,200,100504,200,100077,200,100593,200,100061,200,100649,200,100050,100,100747,200,100036,100,100827,100,99962,100,100949,100,99950,100,100959,100,99936,100,101172,100,99935,100
2019-06-28 09:43:44.803165026,100376,100,100145,100,100390,200,100102,200,100504,200,100077,200,100593,200,100061,200,100649,200,100050,100,100747,200,100036,100,100827,100,99962,100,100949,100,99950,100,100959,100,99936,100,101172,100,99935,100
2019-06-28 09:43:50.000000000,100376,269,100102,269,100390,264,100077,264,100504,264,100061,264,100593,100,100036,100,100649,100,99962,100,100747,100,99950,100,100827,100,99936,100,100949,100,99935,100,100959,100,99933,100,101172,100,99932,100
2019-06-28 09:43:58.748328025,100187,100,100102,269,100376,269,100077,264,100390,264,100061,264,100504,264,100036,100,100593,100,99962,100,100649,100,99950,100,100747,100,99936,100,100827,100,99935,100,100949,100,99933,100,100959,100,99932,100
2019-06-28 09:44:00.000000000,100187,269,100102,269,100376,264,100077,264,100390,264,100061,264,100504,100,100036,100,100593,100,99962,100,100649,100,99950,100,100747,100,99936,100,100827,100,99935,100,100949,100,99933,100,100959,100,99932,100
2019-06-28 09:44:02.339186832,100187,269,100102,269,100376,264,100077,264,100390,264,100061,264,100402,100,100036,100,100504,100,99962,100,100593,100,99950,100,100649,100,99936,100,100747,100,99935,100,100827,100,99933,100,100949,100,99932,100
2019-06-28 09:44:05.666426147,100187,269,100146,100,100376,264,100102,269,100390,264,100077,264,100402,100,100061,264,100504,100,100036,100,100593,100,99962,100,100649,100,99950,100,100747,100,99936,100,100827,100,99935,100,100949,100,99933,100
2019-06-28 09:44:10.000000000,100187,349,100146,349,100376,349,100102,349,100390,100,100077,100,100402,100,100061,100,100504,100,100036,100,100593,100,99962,100,100649,100,99950,100,100747,100,99936,100,100827,100,99935,100,100949,100,99933,100
2019-06-28 09:44:15.121175795,100187,349,100146,349,100376,349,100102,349,100390,100,100077,100,100402,100,100061,100,100504,100,100036,100,100593,100,99969,100,100649,100,99962,100,100747,100,99950,100,100827,100,99936,100,100959,100,99935,100
2019-06-28 09:44:20.000000000,100187,224,100146,224,100376,224,100102,224,100390,224,100077,224,100402,224,100061,224,100504,100,100036,100,100593,100,99969,100,100649,100,99962,100,100747,100,99950,100,100827,100,99936,100,100959,100,99935,100
2019-06-28 09:44:21.742375190,100187,224,100146,224,100223,100,100102,224,100376,224,100077,224,100390,224,100061,224,100402,224,100036,100,100504,100,99969,100,100593,100,99962,100,100649,100,99950,100,100747,100,99936,100,100827,100,99935,100
2019-06-28 09:44:30.000000000,100187,349,100146,349,100223,349,100102,349,100376,100,100077,100,100390,100,100061,100,100402,100,100036,100,100504,100,99969,100,100593,100,99962,100,100649,100,99950,100,100747,100,99936,100,100827,100,99935,100
2019-06-28 09:44:34.515655338,100187,349,100146,349,100223,349,100102,349,100375,100,100077,100,100390,100,100061,100,100402,100,100036,100,100504,100,99969,100,100593,100,99962,100,100649,100,99950,100,100747,100,99936,100,100827,100,99935,100
2019-06-28 09:44:40.000000000,100187,349,100146,349,100223,349,100102,349,100375,100,100077,100,100390,100,100061,100,100402,100,100036,100,100504,100,99969,100,100593,100,99962,100,100649,100,99950,100,100747,100,99936,100,100827,100,99935,100
2019-06-28 09:44:48.683840196,100187,349,100146,349,100223,349,100102,349,100226,100,100077,100,100375,100,100061,100,100390,100,100036,100,100402,100,99969,100,100504,100,99962,100,100593,100,99950,100,100649,100,99936,100,100747,100,99935,100
2019-06-28 09:44:50.000000000,100187,269,100146,269,100223,264,100102,264,100226,264,100077,264,100375,100,100061,100,100390,100,100036,100,100402,100,99969,100,100504,100,99962,100,100593,100,99950,100,100649,100,99936,100,100747,100,99935,100
2019-06-28 09:44:58.202761525,100187,269,100146,269,100223,264,100102,264,100226,264,100077,264,100375,100,100061,100,100390,100,100036,100,100402,100,99969,100,100504,100,99962,100,100593,100,99950,100,100649,100,99936,100,100747,100,99935,100
2019-06-28 09:45:00.000000000,100187,269,100146,269,100223,264,100102,264,100226,264,100077,264,100375,100,100061,100,100390,100,100036,100,100402,100,99969,100,100504,100,99962,100,100593,100,99950,100,100649,100,99936,100,100747,100,99935,100
2019-06-28 09:45:10.000000000,100187,224,100146,224,100223,224,100102,224,100226,224,100077,224,100375,224,100061,224,100390,100,100036,100,100402,100,99969,100,100504,100,99962,100,100593,100,99950,100,100649,100,99936,100,100747,100,99935,100
2019-06-28 09:45:10.978877450,100187,224,100146,224,100223,224,100102,224,100226,224,100077,224,100375,324,100061,224,100390,100,100036,100,100402,100,99969,100,100504,100,99962,100,100593,100,99950,100,100649,100,99936,100,100747,100,99935,100
2019-06-28 09:45:20.000000000,100187,349,100146,349,100223,349,100102,349,100226,100,100077,100,100375,200,100061,100,100390,100,100036,100,100402,100,99969,100,100504,100,99962,100,100593,100,99950,100,100649,100,99936,100,100747,100,99935,100
2019-06-28 09:45:30.000000000,100187,349,100146,349,100223,349,100102,349,100226,100,100077,100,100375,200,100061,100,100390,100,100036,100,100402,100,99969,100,100504,100,99962,100,100593,100,99950,100,100649,100,99936,100,100747,100,99935,100
2019-06-28 09:45:35.233055064,100187,349,100146,349,100223,349,100102,349,100226,100,100077,100,100375,200,100061,100,100390,100,100036,100,100402,100,99969,100,100504,100,99962,100,100593,100,99950,100,100649,100,99936,100,100747,100,99935,100
2019-06-28 09:45:40.000000000,100187,269,100146,269,100223,264,100102,264,100226,264,100077,264,100375,200,100061,100,100390,100,100036,100,100402,100,99969,100,100504,100,99962,100,100593,100,99950,100,100649,100,99936,100,100747,100,99935,100
2019-06-28 09:45:50.000000000,100187,200,100146,200,100223,200,100102,200,100226,200,100077,200,100375,300,100061,200,100390,200,100036,200,100402,100,99969,100,100504,100,99962,100,100593,100,99950,100,100649,100,99936,100,100747,100,99935,100
2019-06-28 09:46:00.000000000,100187,598,100146,598,100223,100,100102,100,100226,100,100077,100,100375,200,100061,100,100390,100,100036,100,100402,100,99969,100,100504,100,99962,100,100593,100,99950,100,100649,100,99936,100,100747,100,99935,100
2019-06-28 09:46:09.157687957,100187,598,100146,598,100223,100,100102,100,100226,100,100077,100,100375,300,100061,100,100390,100,100036,100,100402,100,99969,100,100504,100,99962,100,100593,100,99950,100,100649,100,99936,100,100747,100,99935,100
2019-06-28 09:46:10.000000000,100187,269,100146,269,100223,264,100102,264,100226,264,100077,264,100375,300,100061,100,100390,100,100036,100,100402,100,99969,100,100504,100,99962,100,100593,100,99950,100,100649,100,99936,100,100747,100,99935,100
2019-06-28 09:46:12.856465394,100187,269,100146,169,100223,264,100102,264,100226,264,100077,264,100375,300,100061,100,100402,100,100036,100,100504,100,99969,100,100593,100,99962,100,100649,100,99950,100,100747,100,99936,100,100827,100,99935,100
2019-06-28 09:46:20.000000000,100187,200,100102,200,100223,200,100077,200,100226,200,100061,200,100375,400,100036,200,100402,200,99969,200,100504,100,99962,100,100593,100,99950,100,100649,100,99936,100,100747,100,99935,100,100827,100,99932,100
2019-06-28 09:46:22.744260514,100187,200,100102,100,100223,200,100077,200,100226,200,100061,200,100375,400,100036,200,100402,200,99969,200,100504,100,99962,100,100649,100,99950,100,100747,100,99936,100,100827,100,99935,100,100959,100,99932,100
2019-06-28 09:46:28.413910533,100146,100,100102,100,100187,200,100077,200,100223,200,100061,200,100226,200,100036,200,100375,400,99969,200,100402,200,99962,100,100504,100,99950,100,100649,100,99936,100,100747,100,99935,100,100827,100,99932,100
2019-06-28 09:46:30.000000000,100146,349,100077,349,100187,349,100061,349,100223,100,100036,100,100226,100,99969,100,100375,300,99962,100,100402,100,99950,100,100504,100,99936,100,100649,100,99935,100,100747,100,99932,100,100827,100,99930,100
2019-06-28 09:46:34.563581059,100146,349,100077,249,100187,349,100061,349,100223,100,100036,100,100226,100,99969,100,100375,300,99962,100,100402,100,99950,100,100504,100,99936,100,100649,100,99935,100,100747,100,99932,100,100827,100,99930,100
2019-06-28 09:46:40.000000000,100146,349,100061,349,100187,349,100036,349,100223,100,99969,100,100226,100,99962,100,100375,300,99950,100,100402,100,99936,100,100504,100,99935,100,100649,100,99932,100,100747,100,99930,100,100827,100,99925,100
2019-06-28 09:46:42.314706315,100146,349,100061,349,100187,349,100036,249,100223,100,99969,100,100226,100,99962,100,100375,300,99950,100,100402,100,99936,100,100504,100,99935,100,100649,100,99932,100,100747,100,99930,100,100827,100,99925,100
2019-06-28 09:46:45.696589719,100102,100,100061,349,100146,349,100036,249,100187,349,99969,100,100223,100,99962,100,100226,100,99950,100,100375,300,99936,100,100402,100,99935,100,100504,100,99932,100,100649,100,99930,100,100747,100,99925,100
2019-06-28 09:46:46.316330907,100102,200,100061,349,100146,349,100036,249,100187,349,99969,100,100223,100,99962,100,100226,100,99950,100,100375,300,99936,100,100402,100,99935,100,100504,100,99932,100,100649,100,99930,100,100747,100,99925,100
2019-06-28 09:46:50.000000000,100102,449,100061,349,100146,349,99969,349,100187,100,99962,100,100223,100,99950,100,100226,100,99936,100,100375,300,99935,100,100402,100,99932,100,100504,100,99930,100,100649,100,99925,100,100747,100,99916,100
2019-06-28 09:47:00.000000000,100102,449,100061,349,100146,349,99969,349,100187,100,99962,100,100223,100,99950,100,100226,100,99936,100,100375,300,99935,100,100402,100,99932,100,100504,100,99930,100,100649,100,99925,100,100747,100,99916,100
2019-06-28 09:47:10.000000000,100102,369,100061,269,100146,264,99969,264,100187,264,99962,264,100223,100,99950,100,100226,100,99936,100,100375,300,99935,100,100402,100,99932,100,100504,100,99930,100,100649,100,99925,100,100747,100,99916,100
2019-06-28 09:47:20.000000000,100102,449,100061,349,100146,349,99969,349,100187,100,99962,100,100223,100,99950,100,100226,100,99936,100,100375,300,99935,100,100402,100,99932,100,100504,100,99930,100,100649,100,99925,100,100747,100,99916,100
2019-06-28 09:47:21.902148069,100102,549,100061,349,100146,349,99969,349,100187,100,99962,100,100223,100,99950,100,100226,100,99936,100,100375,300,99935,100,100402,100,99932,100,100504,100,99930,100,100649,100,99925,100,100747,100,99916,100
2019-06-28 09:47:30.000000000,100102,798,100061,598,100146,100,99969,100,100187,100,99962,100,100223,100,99950,100,100226,100,99936,100,100375,300,99935,100,100402,100,99932,100,100504,100,99930,100,100649,100,99925,100,100747,100,99916,100
2019-06-28 09:47:40.000000000,100102,798,100061,598,100146,100,99969,100,100187,100,99962,100,100223,100,99950,100,100226,100,99936,100,100375,300,99935,100,100402,100,99932,100,100504,100,99930,100,100649,100,99925,100,100747,100,99916,100
2019-06-28 09:47:50.000000000,100102,549,100061,349,100146,349,99969,349,100187,100,99962,100,100223,100,99950,100,100226,100,99936,100,100375,300,99935,100,100402,100,99932,100,100504,100,99930,100,100649,100,99925,100,100747,100,99916,100
2019-06-28 09:48:00.000000000,100102,424,100061,224,100146,224,99969,224,100187,224,99962,224,100223,224,99950,224,100226,100,99936,100,100375,300,99935,100,100402,100,99932,100,100504,100,99930,100,100649,100,99925,100,100747,100,99916,100
2019-06-28 09:48:04.439903319,100102,424,100061,224,100146,224,99969,224,100187,224,99962,224,100223,224,99950,224,100226,100,99936,100,100375,300,99935,100,100402,100,99932,100,100404,100,99930,100,100504,100,99925,100,100649,100,99916,100
2019-06-28 09:48:10.000000000,100102,424,100061,224,100146,224,99969,224,100187,224,99962,224,100223,224,99950,224,100226,100,99936,100,100375,300,99935,100,100402,100,99932,100,100404,100,99930,100,100504,100,99925,100,100649,100,99916,100
2019-06-28 09:48:20.000000000,100102,424,100061,224,100146,224,99969,224,100187,224,99962,224,100223,224,99950,224,100226,100,99936,100,100375,300,99935,100,100402,100,99932,100,100404,100,99930,100,100504,100,99925,100,100649,100,99916,100
2019-06-28 09:48:30.000000000,100102,424,100061,224,100146,224,99969,224,100187,224,99962,224,100223,224,99950,224,100226,100,99936,100,100375,300,99935,100,100402,100,99932,100,100404,100,99930,100,100504,100,99925,100,100649,100,99916,100
2019-06-28 09:48:40.000000000,100102,400,100061,200,100146,200,99969,200,100187,200,99962,200,100223,200,99950,200,100226,200,99936,200,100375,300,99935,100,100402,100,99932,100,100404,100,99930,100,100504,100,99925,100,100649,100,99916,100
2019-06-28 09:48:40.534642165,100102,400,100061,200,100146,200,99969,200,100187,100,99962,200,100223,200,99950,200,100226,200,99936,200,100375,300,99935,100,100402,100,99932,100,100404,100,99930,100,100504,100,99925,100,100649,100,99916,100
2019-06-28 09:48:46.277272319,100102,300,100061,200,100146,200,99969,200,100187,100,99962,200,100223,200,99950,200,100226,200,99936,200,100375,300,99935,100,100402,100,99932,100,100404,100,99930,100,100504,100,99925,100,100649,100,99916,100
2019-06-28 09:48:50.000000000,100102,449,100061,349,100146,349,99969,349,100223,100,99962,100,100226,100,99950,100,100375,300,99936,100,100402,100,99935,100,100404,100,99932,100,100504,100,99930,100,100649,100,99925,100,100747,100,99916,100
2019-06-28 09:49:00.000000000,100102,369,100061,269,100146,264,99969,264,100223,264,99962,264,100226,100,99950,100,100375,300,99936,100,100402,100,99935,100,100404,100,99932,100,100504,100,99930,100,100649,100,99925,100,100747,100,99916,100
2019-06-28 09:49:10.000000000,100102,369,100061,269,100146,264,99969,264,100223,264,99962,264,100226,100,99950,100,100375,300,99936,100,100402,100,99935,100,100404,100,99932,100,100504,100,99930,100,100649,100,99925,100,100747,100,99916,100
2019-06-28 09:49:20.000000000,100102,324,100061,224,100146,224,99969,224,100223,224,99962,224,100226,224,99950,224,100375,300,99936,100,100402,100,99935,100,100404,100,99932,100,100504,100,99930,100,100649,100,99925,100,100747,100,99916,100
2019-06-28 09:49:26.001776874,100102,224,100061,224,100146,224,99969,224,100223,224,99962,224,100226,224,99950,224,100375,300,99936,100,100402,100,99935,100,100404,100,99932,100,100504,100,99930,100,100649,100,99925,100,100747,100,99916,100
2019-06-28 09:49:30.000000000,100102,269,100061,269,100146,264,99969,264,100223,264,99962,264,100226,100,99950,100,100375,300,99936,100,100402,100,99935,100,100404,100,99932,100,100504,100,99930,100,100649,100,99925,100,100747,100,99916,100
2019-06-28 09:49:32.158114244,100102,169,100061,269,100146,264,99969,264,100223,264,99962,264,100226,100,99950,100,100375,300,99936,100,100402,100,99935,100,100404,100,99932,100,100504,100,99925,100,100649,100,99916,100,100747,100,99913,100
2019-06-28 09:49:40.000000000,100146,200,100061,200,100223,200,99969,200,100226,200,99962,200,100375,400,99950,200,100402,200,99936,200,100404,100,99935,100,100504,100,99932,100,100649,100,99925,100,100747,100,99916,100,100818,100,99913,100
2019-06-28 09:49:42.244922646,100146,200,100061,200,100223,200,99969,200,100226,200,99962,200,100375,400,99950,200,100402,100,99936,200,100404,100,99935,100,100504,100,99932,100,100649,100,99925,100,100719,100,99916,100,100747,100,99913,100
2019-06-28 09:49:50.000000000,100146,349,100061,349,100223,349,99969,349,100226,100,99962,100,100375,300,99950,100,100404,100,99936,100,100504,100,99935,100,100649,100,99932,100,100719,100,99925,100,100747,100,99916,100,100818,100,99913,100
2019-06-28 09:50:00.000000000,100146,269,100061,269,100223,264,99969,264,100226,264,99962,264,100375,300,99950,100,100404,100,99936,100,100504,100,99935,100,100649,100,99932,100,100719,100,99925,100,100747,100,99916,100,100818,100,99913,100
2019-06-28 09:50:00.178850333,100146,169,100061,269,100223,264,99969,264,100226,264,99962,264,100375,300,99950,100,100404,100,99936,100,100504,100,99935,100,100649,100,99932,100,100719,100,99925,100,100747,100,99916,100,100818,100,99913,100
2019-06-28 09:50:05.385080683,100146,169,100102,100,100223,264,100061,269,100226,264,99969,264,100375,300,99962,264,100404,100,99950,100,100504,100,99936,100,100649,100,99935,100,100719,100,99932,100,100747,100,99925,100,100818,100,99916,100
2019-06-28 09:50:07.288090441,100146,169,100102,100,100223,264,100061,269,100226,264,99969,264,100375,300,99962,264,100404,100,99950,100,100504,100,99936,100,100649,100,99935,100,100711,100,99932,100,100719,100,99925,100,100747,100,99916,100
2019-06-28 09:50:10.000000000,100223,224,100102,224,100226,224,100061,224,100375,424,99969,224,100404,224,99962,224,100504,100,99950,100,100649,100,99936,100,100711,100,99935,100,100719,100,99932,100,100747,100,99925,100,100818,100,99916,100
2019-06-28 09:50:20.000000000,100223,269,100102,269,100226,264,100061,264,100375,464,99969,264,100404,100,99962,100,100504,100,99950,100,100649,100,99936,100,100711,100,99935,100,100719,100,99932,100,100747,100,99925,100,100818,100,99916,100
2019-06-28 09:50:30.000000000,100223,269,100102,269,100226,264,100061,264,100375,464,99969,264,100404,100,99962,100,100504,100,99950,100,100649,100,99936,100,100711,100,99935,100,100719,100,99932,100,100747,100,99925,100,100818,100,99916,100
2019-06-28 09:50:40.000000000,100223,224,100102,224,100226,224,100061,224,100375,424,99969,224,100404,224,99962,224,100504,100,99950,100,100649,100,99936,100,100711,100,99935,100,100719,100,99932,100,100747,100,99925,100,100818,100,99916,100
2019-06-28 09:50:50.000000000,100223,200,100102,200,100226,200,100061,200,100375,400,99969,200,100404,200,99962,200,100504,200,99950,200,100649,100,99936,100,100711,100,99935,100,100719,100,99932,100,100747,100,99925,100,100818,100,99916,100
2019-06-28 09:51:00.000000000,100223,200,100102,200,100226,200,100061,200,100375,400,99969,200,100404,200,99962,200,100504,200,99950,200,100649,100,99936,100,100711,100,99935,100,100719,100,99932,100,100747,100,99925,100,100818,100,99916,100
2019-06-28 09:51:10.000000000,100223,224,100102,224,100226,224,100061,224,100375,424,99969,224,100404,224,99962,224,100504,100,99950,100,100649,100,99936,100,100711,100,99935,100,100719,100,99932,100,100747,100,99925,100,100818,100,99916,100
2019-06-28 09:51:14.541959939,100223,124,100102,224,100226,224,100061,224,100375,424,99969,224,100404,224,99962,224,100504,100,99950,100,100649,100,99936,100,100711,100,99935,100,100719,100,99932,100,100747,100,99925,100,100818,100,99916,100
2019-06-28 09:51:20.000000000,100226,598,100102,598,100375,300,100061,100,100404,100,99969,100,100504,100,99962,100,100649,100,99950,100,100711,100,99936,100,100719,100,99935,100,100747,100,99932,100,100818,100,99925,100,100827,100,99916,100
2019-06-28 09:51:29.140995071,100226,498,100102,598,100375,300,100061,100,100404,100,99969,100,100649,100,99962,100,100711,100,99950,100,100719,100,99936,100,100747,100,99935,100,100818,100,99932,100,100827,100,99925,100,100959,100,99916,100
2019-06-28 09:51:30.000000000,100375,469,100102,269,100404,264,100061,264,100649,264,99969,264,100711,100,99962,100,100719,100,99950,100,100747,100,99936,100,100818,100,99935,100,100827,100,99932,100,100959,100,99925,100,101172,100,99916,100
2019-06-28 09:51:30.932094924,100375,469,100102,269,100404,264,100061,264,100649,264,99969,264,100711,100,99962,100,100719,100,99950,100,100747,100,99936,100,100818,100,99935,100,100827,100,99932,100,100959,100,99925,100,101172,100,99916,100
2019-06-28 09:51:40.000000000,100375,798,100102,598,100404,100,100061,100,100649,100,99969,100,100711,100,99962,100,100719,100,99950,100,100747,100,99936,100,100818,100,99935,100,100827,100,99932,100,100959,100,99925,100,101172,100,99916,100
2019-06-28 09:51:50.000000000,100375,798,100102,598,100404,100,100061,100,100649,100,99969,100,100711,100,99962,100,100719,100,99950,100,100747,100,99936,100,100818,100,99935,100,100827,100,99932,100,100959,100,99925,100,101172,100,99916,100
2019-06-28 09:51:53.844187870,100375,798,100102,598,100649,100,100061,100,100711,100,99969,100,100719,100,99962,100,100747,100,99950,100,100818,100,99936,100,100827,100,99935,100,100866,100,99932,100,100959,100,99925,100,101172,100,99916,100
2019-06-28 09:52:00.000000000,100375,469,100102,269,100649,264,100061,264,100711,264,99969,264,100719,100,99962,100,100747,100,99950,100,100818,100,99936,100,100827,100,99935,100,100866,100,99932,100,100959,100,99925,100,101172,100,99916,100
2019-06-28 09:52:10.000000000,100375,798,100102,598,100649,100,100061,100,100711,100,99969,100,100719,100,99962,100,100747,100,99950,100,100818,100,99936,100,100827,100,99935,100,100866,100,99932,100,100959,100,99925,100,101172,100,99916,100
2019-06-28 09:52:11.329298088,100375,698,100102,598,100649,100,100061,100,100711,100,99969,100,100719,100,99962,100,100747,100,99950,100,100818,100,99936,100,100827,100,99935,100,100866,100,99932,100,100959,100,99925,100,101172,100,99916,100
2019-06-28 09:52:20.000000000,100375,369,100102,269,100649,264,100061,264,100711,264,99969,264,100719,100,99962,100,100747,100,99950,100,100818,100,99936,100,100827,100,99935,100,100866,100,99932,100,100959,100,99925,100,101172,100,99916,100
2019-06-28 09:52:30.000000000,100375,369,100102,269,100649,264,100061,264,100711,264,99969,264,100719,100,99962,100,100747,100,99950,100,100818,100,99936,100,100827,100,99935,100,100866,100,99932,100,100959,100,99925,100,101172,100,99916,100
2019-06-28 09:52:30.716596158,100375,269,100226,100,100649,264,100102,269,100711,264,100061,264,100719,100,99969,264,100747,100,99962,100,100818,100,99950,100,100827,100,99936,100,100866,100,99935,100,100959,100,99932,100,101172,100,99925,100
2019-06-28 09:52:40.000000000,100375,224,100226,224,100649,224,100102,224,100711,224,100061,224,100719,224,99969,224,100747,100,99962,100,100818,100,99950,100,100827,100,99936,100,100866,100,99935,100,100959,100,99932,100,101172,100,99925,100
2019-06-28 09:52:50.000000000,100375,269,100226,269,100649,264,100102,264,100711,264,100061,264,100719,100,99969,100,100747,100,99962,100,100818,100,99950,100,100827,100,99936,100,100866,100,99935,100,100959,100,99932,100,101172,100,99925,100
2019-06-28 09:53:00.000000000,100375,224,100226,224,100649,224,100102,224,100711,224,100061,224,100719,224,99969,224,100747,100,99962,100,100818,100,99950,100,100827,100,99936,100,100866,100,99935,100,100959,100,99932,100,101172,100,99925,100
2019-06-28 09:53:04.505772497,100375,224,100226,224,100649,224,100102,224,100657,100,100061,224,100711,224,99969,224,100719,224,99962,100,100747,100,99950,100,100818,100,99936,100,100827,100,99935,100,100866,100,99932,100,100959,100,99925,100
2019-06-28 09:53:10.000000000,100375,200,100226,200,100649,200,100102,200,100657,200,100061,200,100711,200,99969,200,100719,200,99962,200,100747,100,99950,100,100818,100,99936,100,100827,100,99935,100,100866,100,99932,100,100959,100,99925,100
2019-06-28 09:53:20.000000000,100375,349,100226,349,100649,349,100102,349,100657,100,100061,100,100711,100,99969,100,100719,100,99962,100,100747,100,99950,100,100818,100,99936,100,100827,100,99935,100,100866,100,99932,100,100959,100,99925,100
2019-06-28 09:53:24.338866415,100375,349,100226,449,100649,349,100102,349,100657,100,100061,100,100711,100,99969,100,100719,100,99962,100,100747,100,99950,100,100818,100,99936,100,100827,100,99935,100,100866,100,99932,100,100959,100,99925,100
2019-06-28 09:53:25.206401665,100375,349,100226,449,100649,349,100102,349,100657,100,100061,100,100711,100,99969,100,100719,100,99962,100,100747,100,99950,100,100762,100,99936,100,100818,100,99935,100,100827,100,99932,100,100866,100,99925,100
2019-06-28 09:53:30.000000000,100375,598,100226,698,100649,100,100102,100,100657,100,100061,100,100711,100,99969,100,100719,100,99962,100,100747,100,99950,100,100762,100,99936,100,100818,100,99935,100,100827,100,99932,100,100866,100,99925,100
2019-06-28 09:53:38.276477145,100375,498,100226,698,100649,100,100102,100,100657,100,100061,100,100711,100,99969,100,100719,100,99962,100,100747,100,99950,100,100762,100,99936,100,100818,100,99932,100,100827,100,99925,100,100866,100,99916,100
2019-06-28 09:53:40.000000000,100649,269,100226,369,100657,264,100102,264,100711,264,100061,264,100719,100,99969,100,100747,100,99962,100,100762,100,99950,100,100818,100,99936,100,100827,100,99932,100,100866,100,99925,100,100959,100,99916,100
2019-06-28 09:53:44.300125490,100649,169,100226,369,100657,264,100102,264,100711,264,100061,264,100719,100,99969,100,100762,100,99962,100,100818,100,99950,100,100827,100,99936,100,100866,100,99932,100,100959,100,99925,100,101172,100,99916,100
2019-06-28 09:53:50.000000000,100657,269,100226,369,100711,264,100102,264,100719,264,100061,264,100762,100,99969,100,100818,100,99962,100,100827,100,99950,100,100866,100,99936,100,100959,100,99932,100,101172,100,99925,100,101314,100,99916,100
2019-06-28 09:53:55.145082042,100657,269,100375,100,100711,264,100226,369,100719,264,100102,264,100762,100,100061,264,100818,100,99969,100,100827,100,99962,100,100866,100,99950,100,100959,100,99936,100,101172,100,99932,100,101314,100,99925,100
2019-06-28 09:54:00.000000000,100657,349,100375,349,100711,349,100226,449,100719,100,100102,100,100762,100,100061,100,100818,100,99969,100,100827,100,99962,100,100866,100,99950,100,100959,100,99936,100,101172,100,99932,100,101314,100,99925,100
2019-06-28 09:54:10.000000000,100657,269,100375,269,100711,264,100226,364,100719,264,100102,264,100762,100,100061,100,100818,100,99969,100,100827,100,99962,100,100866,100,99950,100,100959,100,99936,100,101172,100,99932,100,101314,100,99925,100
2019-06-28 09:54:20.000000000,100657,598,100375,598,100711,100,100226,200,100719,100,100102,100,100762,100,100061,100,100818,100,99969,100,100827,100,99962,100,100866,100,99950,100,100959,100,99936,100,101172,100,99932,100,101314,100,99925,100
2019-06-28 09:54:30.000000000,100657,598,100375,598,100711,100,100226,200,100719,100,100102,100,100762,100,100061,100,100818,100,99969,100,100827,100,99962,100,100866,100,99950,100,100959,100,99936,100,101172,100,99932,100,101314,100,99925,100
2019-06-28 09:54:40.000000000,100657,200,100375,200,100711,200,100226,300,100719,200,100102,200,100762,200,100061,200,100818,200,99969,200,100827,100,99962,100,100866,100,99950,100,100959,100,99936,100,101172,100,99932,100,101314,100,99925,100
2019-06-28 09:54:40.581661911,100657,200,100411,100,100711,200,100375,200,100719,200,100226,300,100762,200,100102,200,100818,200,100061,200,100827,100,99969,200,100866,100,99962,100,100959,100,99950,100,101172,100,99936,100,101314,100,99932,100
2019-06-28 09:54:49.952732189,100657,100,100411,100,100711,200,100375,200,100719,200,100226,300,100762,200,100164,100,100818,200,100102,200,100827,100,100061,200,100866,100,99969,200,100959,100,99962,100,101172,100,99950,100,101314,100,99936,100
2019-06-28 09:54:50.000000000,100711,200,100411,200,100719,200,100375,200,100762,200,100226,300,100818,200,100164,200,100827,200,100102,200,100866,100,100061,100,100959,100,99969,100,101172,100,99962,100,101314,100,99950,100,101326,100,99936,100
2019-06-28 09:54:51.864801957,100648,100,100411,200,100711,200,100375,200,100719,200,100226,300,100762,200,100164,200,100818,200,100102,200,100827,200,100061,100,100866,100,99969,100,100959,100,99962,100,101172,100,99950,100,101314,100,99936,100
2019-06-28 09:54:55.297780127,100540,100,100411,200,100648,100,100375,200,100711,200,100226,300,100719,200,100164,200,100762,200,100102,200,100818,200,100061,100,100827,200,99969,100,100866,100,99962,100,100959,100,99950,100,101172,100,99936,100
2019-06-28 09:55:00.000000000,100540,269,100411,269,100648,264,100375,264,100711,264,100226,364,100719,100,100164,100,100762,100,100102,100,100818,100,100061,100,100827,100,99969,100,100866,100,99962,100,100959,100,99950,100,101172,100,99936,100
2019-06-28 09:55:07.327493733,100540,269,100411,269,100648,264,100375,364,100711,264,100226,364,100719,100,100164,100,100762,100,100102,100,100818,100,100061,100,100827,100,99969,100,100866,100,99962,100,100959,100,99950,100,101172,100,99936,100
2019-06-28 09:55:09.510257147,100540,269,100411,269,100648,264,100375,364,100711,264,100226,364,100719,100,100164,100,100762,100,100102,100,100818,100,100061,100,100827,100,99969,100,100866,100,99962,100,100959,100,99950,100,101172,100,99936,100
2019-06-28 09:55:10.000000000,100540,349,100411,349,100648,349,100375,449,100711,100,100226,200,100719,100,100164,100,100762,100,100102,100,100818,100,100061,100,100827,100,99969,100,100866,100,99962,100,100959,100,99950,100,101172,100,99936,100
2019-06-28 09:55:16.422533987,100540,349,100411,249,100648,349,100375,449,100711,100,100226,200,100719,100,100164,100,100762,100,100102,100,100818,100,100061,100,100827,100,99969,100,100866,100,99962,100,100959,100,99950,100,101172,100,99936,100
2019-06-28 09:55:20.000000000,100540,598,100375,698,100648,100,100226,200,100711,100,100164,100,100719,100,100102,100,100762,100,100061,100,100818,100,99969,100,100827,100,99962,100,100866,100,99950,100,100959,100,99936,100,101172,100,99932,100
2019-06-28 09:55:23.171846925,100540,598,100375,698,100648,100,100226,200,100711,100,100164,100,100719,100,100102,100,100762,100,100061,100,100768,100,99969,100,100827,100,99962,100,100866,100,99950,100,100959,100,99936,100,101172,100,99932,100
2019-06-28 09:55:26.458939067,100540,598,100412,100,100648,100,100375,698,100711,100,100226,100,100719,100,100164,100,100762,100,100102,100,100768,100,100061,100,100827,100,99969,100,100866,100,99962,100,100959,100,99950,100,101172,100,99936,100
2019-06-28 09:55:30.000000000,100540,269,100412,269,100648,264,100375,364,100711,264,100226,264,100719,100,100164,100,100762,100,100102,100,100768,100,100061,100,100827,100,99969,100,100866,100,99962,100,100959,100,99950,100,101172,100,99936,100
2019-06-28 09:55:40.000000000,100540,224,100412,224,100648,224,100375,324,100711,224,100226,224,100719,224,100164,224,100762,100,100102,100,100768,100,100061,100,100827,100,99969,100,100866,100,99962,100,100959,100,99950,100,101172,100,99936,100
2019-06-28 09:55:48.241644087,100540,124,100412,224,100648,224,100375,324,100711,224,100226,224,100719,224,100164,224,100762,100,100102,100,100768,100,100061,100,100827,100,99969,100,100866,100,99962,100,100959,100,99950,100,101172,100,99936,100
2019-06-28 09:55:50.000000000,100648,200,100412,200,100711,200,100375,300,100719,200,100226,200,100762,200,100164,200,100768,200,100102,200,100827,100,100061,100,100866,100,99969,100,100959,100,99962,100,101172,100,99950,100,101314,100,99936,100
2019-06-28 09:55:57.470973798,100648,200,100465,100,100711,200,100412,200,100719,200,100375,300,100762,200,100226,200,100768,200,100164,200,100827,100,100102,200,100866,100,100061,100,100959,100,99969,100,101172,100,99962,100,101314,100,99950,100
2019-06-28 09:55:59.997106844,100648,200,100465,100,100711,200,100412,200,100719,200,100375,300,100762,200,100302,100,100768,200,100226,200,100827,100,100164,200,100866,100,100102,200,100959,100,100061,100,101172,100,99969,100,101314,100,99962,100
2019-06-28 09:56:00.000000000,100648,200,100465,200,100711,200,100412,200,100719,200,100375,300,100762,200,100302,200,100768,200,100226,200,100827,100,100164,100,100866,100,100102,100,100959,100,100061,100,101172,100,99969,100,101314,100,99962,100
2019-06-28 09:56:02.306131305,100648,200,100465,100,100711,200,100412,200,100719,200,100375,300,100762,200,100302,200,100768,200,100226,200,100827,100,100164,100,100866,100,100102,100,100959,100,100061,100,101172,100,99969,100,101314,100,99962,100
2019-06-28 09:56:07.403511144,100648,200,100465,100,100711,200,100412,100,100719,200,100375,300,100762,200,100302,200,100768,200,100226,200,100827,100,100164,100,100866,100,100102,100,100959,100,100061,100,101172,100,99969,100,101314,100,99962,100
2019-06-28 09:56:10.000000000,100648,224,100375,324,100711,224,100302,224,100719,224,100226,224,100762,224,100164,224,100768,100,100102,100,100827,100,100061,100,100866,100,99969,100,100959,100,99962,100,101172,100,99950,100,101314,100,99936,100
2019-06-28 09:56:20.000000000,100648,200,100375,300,100711,200,100302,200,100719,200,100226,200,100762,200,100164,200,100768,200,100102,200,100827,100,100061,100,100866,100,99969,100,100959,100,99962,100,101172,100,99950,100,101314,100,99936,100
2019-06-28 09:56:30.000000000,100648,200,100375,300,100711,200,100302,200,100719,200,100226,200,100762,200,100164,200,100768,200,100102,200,100827,100,100061,100,100866,100,99969,100,100959,100,99962,100,101172,100,99950,100,101314,100,99936,100
2019-06-28 09:56:39.881713831,100648,200,100375,300,100711,200,100302,200,100719,200,100226,200,100762,200,100164,200,100768,200,100102,200,100827,100,100061,100,100866,100,99969,100,100959,100,99962,100,101172,100,99950,100,101314,100,99936,100
2019-06-28 09:56:40.000000000,100648,598,100375,698,100711,100,100302,100,100719,100,100226,100,100762,100,100164,100,100768,100,100102,100,100827,100,100061,100,100866,100,99969,100,100959,100,99962,100,101172,100,99950,100,101314,100,99936,100
2019-06-28 09:56:45.307030018,100648,598,100466,100,100711,100,100375,698,100719,100,100302,100,100762,100,100226,100,100768,100,100164,100,100827,100,100102,100,100866,100,100061,100,100959,100,99969,100,101172,100,99962,100,101314,100,99950,100
2019-06-28 09:56:45.309393108,100648,598,100466,100,100711,100,100375,698,100719,100,100302,100,100762,100,100226,100,100768,100,100164,100,100827,100,100102,100,100866,100,100061,100,100959,100,99962,100,101172,100,99950,100,101240,100,99936,100
2019-06-28 09:56:50.000000000,100648,224,100466,224,100711,224,100375,324,100719,224,100302,224,100762,224,100226,224,100768,100,100164,100,100827,100,100102,100,100866,100,100061,100,100959,100,99962,100,101172,100,99950,100,101240,100,99936,100
2019-06-28 09:57:00.000000000,100648,269,100466,269,100711,264,100375,364,100719,264,100302,264,100762,100,100226,100,100768,100,100164,100,100827,100,100102,100,100866,100,100061,100,100959,100,99962,100,101172,100,99950,100,101240,100,99936,100
2019-06-28 09:57:00.111357688,100648,169,100466,269,100711,264,100375,364,100719,264,100302,264,100762,100,100226,100,100768,100,100164,100,100827,100,100102,100,100866,100,100061,100,100959,100,99962,100,101240,100,99950,100,101314,100,99936,100
2019-06-28 09:57:10.000000000,100711,224,100466,224,100719,224,100375,324,100762,224,100302,224,100768,224,100226,224,100827,100,100164,100,100866,100,100102,100,100959,100,100061,100,101240,100,99962,100,101314,100,99950,100,101326,100,99936,100
2019-06-28 09:57:19.686187902,100711,224,100467,100,100719,224,100466,224,100762,224,100375,324,100768,224,100302,224,100827,100,100226,224,100866,100,100164,100,100959,100,100102,100,101240,100,100061,100,101314,100,99962,100,101326,100,99950,100
2019-06-28 09:57:20.000000000,100711,269,100467,269,100719,264,100466,264,100762,264,100375,364,100768,100,100302,100,100827,100,100226,100,100866,100,100164,100,100959,100,100102,100,101240,100,100061,100,101314,100,99962,100,101326,100,99950,100
2019-06-28 09:57:30.000000000,100711,200,100467,200,100719,200,100466,200,100762,200,100375,300,100768,200,100302,200,100827,200,100226,200,100866,100,100164,100,100959,100,100102,100,101240,100,100061,100,101314,100,99962,100,101326,100,99950,100
2019-06-28 09:57:31.858484570,100711,100,100467,200,100719,200,100466,200,100762,200,100375,300,100768,200,100302,200,100827,200,100226,200,100866,100,100164,100,100959,100,100102,100,101180,100,100061,100,101240,100,99962,100,101314,100,99950,100
2019-06-28 09:57:34.270283929,100719,200,100467,200,100762,200,100466,200,100768,200,100375,300,100827,200,100302,200,100866,100,100226,200,100959,100,100164,100,101180,100,100102,100,101240,100,100061,100,101314,100,99962,100,101326,100,99950,100
2019-06-28 09:57:40.000000000,100719,224,100467,224,100762,224,100466,224,100768,224,100375,324,100827,224,100302,224,100866,100,100226,100,100959,100,100164,100,101180,100,100102,100,101240,100,100061,100,101314,100,99962,100,101326,100,99950,100
2019-06-28 09:57:44.664427335,100719,224,100648,100,100762,224,100467,224,100768,224,100466,224,100827,224,100375,324,100866,100,100302,224,100959,100,100226,100,101180,100,100164,100,101240,100,100102,100,101314,100,100061,100,101326,100,99962,100
2019-06-28 09:57:50.000000000,100719,598,100648,598,100762,100,100467,100,100768,100,100466,100,100827,100,100375,200,100866,100,100302,100,100959,100,100226,100,101180,100,100164,100,101240,100,100102,100,101314,100,100061,100,101326,100,99962,100
2019-06-28 09:57:54.977981848,100719,498,100648,598,100762,100,100467,100,100768,100,100466,100,100827,100,100375,200,100866,100,100302,100,100959,100,100226,100,101180,100,100164,100,101240,100,100102,100,101314,100,100061,100,101326,100,99962,100
2019-06-28 09:58:00.000000000,100762,598,100648,598,100768,100,100467,100,100827,100,100466,100,100866,100,100375,200,100959,100,100302,100,101180,100,100226,100,101240,100,100164,100,101314,100,100102,100,101326,100,100061,100,101339,100,99962,100
2019-06-28 09:58:04.991035248,100762,498,100648,598,100768,100,100467,100,100827,100,100466,100,100866,100,100375,200,100959,100,100302,100,101180,100,100226,100,101240,100,100164,100,101314,100,100102,100,101339,100,100061,100,101347,100,99962,100
2019-06-28 09:58:07.746190642,100761,100,100648,498,100762,498,100467,100,100768,100,100466,100,100827,100,100375,200,100866,100,100302,100,100959,100,100226,100,101180,100,100164,100,101240,100,100102,100,101314,100,100061,100,101339,100,99962,100
2019-06-28 09:58:09.445203129,100761,200,100648,498,100762,498,100466,100,100768,100,100375,200,100827,100,100302,100,100866,100,100226,100,100959,100,100164,100,101180,100,100102,100,101240,100,100061,100,101314,100,99962,100,101339,100,99950,100
2019-06-28 09:58:10.000000000,100761,369,100466,269,100768,264,100375,364,100827,264,100302,264,100866,100,100226,100,100959,100,100164,100,101180,100,100102,100,101240,100,100061,100,101314,100,99962,100,101339,100,99950,100,101347,100,99936,100
2019-06-28 09:58:19.725404053,100761,269,100466,269,100768,264,100375,364,100827,264,100302,264,100866,100,100226,100,100959,100,100164,100,101180,100,100102,100,101240,100,100061,100,101314,100,99962,100,101339,100,99950,100,101347,100,99936,100
2019-06-28 09:58:20.000000000,100761,598,100466,598,100768,100,100375,200,100827,100,100302,100,100866,100,100226,100,100959,100,100164,100,101180,100,100102,100,101240,100,100061,100,101314,100,99962,100,101339,100,99950,100,101347,100,99936,100
2019-06-28 09:58:24.180007190,100713,100,100466,598,100761,598,100375,200,100768,100,100302,100,100827,100,100226,100,100866,100,100164,100,100959,100,100102,100,101180,100,100061,100,101240,100,99962,100,101314,100,99950,100,101339,100,99936,100
2019-06-28 09:58:30.000000000,100713,349,100466,349,100761,349,100375,449,100768,100,100302,100,100827,100,100226,100,100866,100,100164,100,100959,100,100102,100,101180,100,100061,100,101240,100,99962,100,101314,100,99950,100,101339,100,99936,100
2019-06-28 09:58:40.000000000,100713,598,100466,598,100761,100,100375,200,100768,100,100302,100,100827,100,100226,100,100866,100,100164,100,100959,100,100102,100,101180,100,100061,100,101240,100,99962,100,101314,100,99950,100,101339,100,99936,100
2019-06-28 09:58:49.625109013,100713,498,100466,598,100761,100,100375,200,100768,100,100302,100,100827,100,100226,100,100866,100,100164,100,100959,100,100102,100,101180,100,100061,100,101240,100,99962,100,101314,100,99950,100,101339,100,99936,100
2019-06-28 09:58:50.000000000,100761,349,100466,349,100768,349,100375,449,100827,100,100302,100,100866,100,100226,100,100959,100,100164,100,101180,100,100102,100,101240,100,100061,100,101314,100,99962,100,101339,100,99950,100,101347,100,99936,100
2019-06-28 09:58:51.697950530,100761,349,100466,349,100768,349,100375,449,100827,100,100302,100,100862,100,100226,100,100866,100,100164,100,100959,100,100102,100,101180,100,100061,100,101240,100,99962,100,101314,100,99950,100,101339,100,99936,100
2019-06-28 09:59:00.000000000,100761,200,100466,200,100768,200,100375,300,100827,200,100302,200,100862,200,100226,200,100866,200,100164,200,100959,100,100102,100,101180,100,100061,100,101240,100,99962,100,101314,100,99950,100,101339,100,99936,100
2019-06-28 09:59:01.275476922,100761,200,100466,200,100768,200,100375,300,100827,200,100302,200,100854,100,100226,200,100862,200,100164,200,100866,200,100102,100,100959,100,100061,100,101180,100,99962,100,101240,100,99950,100,101314,100,99936,100
2019-06-28 09:59:10.000000000,100761,598,100466,598,100768,100,100375,200,100827,100,100302,100,100854,100,100226,100,100862,100,100164,100,100866,100,100102,100,100959,100,100061,100,101180,100,99962,100,101240,100,99950,100,101314,100,99936,100
2019-06-28 09:59:20.000000000,100761,349,100466,349,100768,349,100375,449,100827,100,100302,100,100854,100,100226,100,100862,100,100164,100,100866,100,100102,100,100959,100,100061,100,101180,100,99962,100,101240,100,99950,100,101314,100,99936,100
2019-06-28 09:59:30.000000000,100761,224,100466,224,100768,224,100375,324,100827,224,100302,224,100854,224,100226,224,100862,100,100164,100,100866,100,100102,100,100959,100,100061,100,101180,100,99962,100,101240,100,99950,100,101314,100,99936,100
2019-06-28 09:59:40.000000000,100761,598,100466,598,100768,100,100375,200,100827,100,100302,100,100854,100,100226,100,100862,100,100164,100,100866,100,100102,100,100959,100,100061,100,101180,100,99962,100,101240,100,99950,100,101314,100,99936,100
2019-06-28 09:59:50.000000000,100761,269,100466,269,100768,264,100375,364,100827,264,100302,264,100854,100,100226,100,100862,100,100164,100,100866,100,100102,100,100959,100,100061,100,101180,100,99962,100,101240,100,99950,100,101314,100,99936,100
2019-06-28 10:00:00.000000000,100761,269,100466,269,100768,264,100375,364,100827,264,100302,264,100854,100,100226,100,100862,100,100164,100,100866,100,100102,100,100959,100,100061,100,101180,100,99962,100,101240,100,99950,100,101314,100,99936,100
2019-06-28 10:00:00.696711576,100761,269,100466,269,100768,264,100375,364,100827,264,100302,264,100854,100,100226,100,100862,100,100164,100,100866,100,100102,100,100959,100,100061,100,101180,100,99962,100,101240,100,99950,100,101314,100,99936,100
2019-06-28 10:00:10.000000000,100761,269,100466,269,100768,264,100375,364,100827,264,100302,264,100854,100,100226,100,100862,100,100164,100,100866,100,100102,100,100959,100,100061,100,101180,100,99962,100,101240,100,99950,100,101314,100,99936,100
2019-06-28 10:00:20.000000000,100761,269,100466,269,100768,264,100375,364,100827,264,100302,264,100854,100,100226,100,100862,100,100164,100,100866,100,100102,100,100959,100,100061,100,101180,100,99962,100,101240,100,99950,100,101314,100,99936,100
2019-06-28 10:00:30.000000000,100761,224,100466,224,100768,224,100375,324,100827,224,100302,224,100854,224,100226,224,100862,100,100164,100,100866,100,100102,100,100959,100,100061,100,101180,100,99962,100,101240,100,99950,100,101314,100,99936,100
2019-06-28 10:00:40.000000000,100761,349,100466,349,100768,349,100375,449,100827,100,100302,100,100854,100,100226,100,100862,100,100164,100,100866,100,100102,100,100959,100,100061,100,101180,100,99962,100,101240,100,99950,100,101314,100,99936,100
2019-06-28 10:00:50.000000000,100761,200,100466,200,100768,200,100375,300,100827,200,100302,200,100854,200,100226,200,100862,200,100164,200,100866,100,100102,100,100959,100,100061,100,101180,100,99962,100,101240,100,99950,100,101314,100,99936,100
2019-06-28 10:01:00.000000000,100761,224,100466,224,100768,224,100375,324,100827,224,100302,224,100854,224,100226,224,100862,100,100164,100,100866,100,100102,100,100959,100,100061,100,101180,100,99962,100,101240,100,99950,100,101314,100,99936,100
2019-06-28 10:01:10.000000000,100761,200,100466,200,100768,200,100375,300,100827,200,100302,200,100854,200,100226,200,100862,200,100164,200,100866,100,100102,100,100959,100,100061,100,101180,100,99962,100,101240,100,99950,100,101314,100,99936,100
2019-06-28 10:01:13.334375573,100761,200,100713,100,100768,200,100466,200,100827,200,100375,300,100854,200,100302,200,100862,200,100226,200,100866,100,100164,200,100959,100,100102,100,101180,100,100061,100,101240,100,99962,100,101314,100,99950,100
2019-06-28 10:01:18.744804229,100761,100,100713,100,100768,200,100466,200,100827,200,100375,300,100854,200,100302,200,100862,200,100226,200,100866,100,100164,200,100959,100,100102,100,101180,100,100061,100,101240,100,99962,100,101314,100,99950,100
2019-06-28 10:01:20.000000000,100768,224,100713,224,100827,224,100466,224,100854,224,100375,324,100862,224,100302,224,100866,100,100226,100,100959,100,100164,100,101180,100,100102,100,101240,100,100061,100,101314,100,99962,100,101339,100,99950,100
2019-06-28 10:01:30.000000000,100768,598,100713,598,100827,100,100466,100,100854,100,100375,200,100862,100,100302,100,100866,100,100226,100,100959,100,100164,100,101180,100,100102,100,101240,100,100061,100,101314,100,99962,100,101339,100,99950,100
2019-06-28 10:01:38.818905209,100768,598,100713,598,100827,100,100466,100,100854,100,100375,200,100862,100,100302,100,100866,100,100226,100,100959,100,100164,100,101180,100,100102,100,101240,100,100061,100,101298,100,99962,100,101314,100,99950,100
2019-06-28 10:01:40.000000000,100768,224,100713,224,100827,224,100466,224,100854,224,100375,324,100862,224,100302,224,100866,100,100226,100,100959,100,100164,100,101180,100,100102,100,101240,100,100061,100,101298,100,99962,100,101314,100,99950,100
2019-06-28 10:01:44.315039393,100768,224,100713,224,100827,224,100466,224,100854,224,100375,324,100862,224,100302,224,100866,100,100226,100,100959,100,100164,100,101180,100,100102,100,101240,100,100061,100,101276,100,99962,100,101298,100,99950,100
2019-06-28 10:01:44.881566876,100768,224,100713,224,100827,224,100466,224,100854,224,100375,324,100862,224,100302,224,100866,100,100226,100,100959,100,100164,100,101180,100,100102,100,101240,100,100061,100,101276,100,99962,100,101298,100,99950,100
2019-06-28 10:01:50.000000000,100768,200,100713,200,100827,200,100466,200,100854,200,100375,300,100862,200,100302,200,100866,200,100226,200,100959,100,100164,100,101180,100,100102,100,101240,100,100061,100,101276,100,99962,100,101298,100,99950,100
2019-06-28 10:02:00.000000000,100768,224,100713,224,100827,224,100466,224,100854,224,100375,324,100862,224,100302,224,100866,100,100226,100,100959,100,100164,100,101180,100,100102,100,101240,100,100061,100,101276,100,99962,100,101298,100,99950,100
2019-06-28 10:02:03.925985449,100768,224,100714,100,100827,224,100713,224,100854,224,100466,224,100862,224,100375,324,100866,100,100302,224,100959,100,100226,100,101180,100,100164,100,101240,100,100102,100,101276,100,100061,100,101298,100,99962,100
2019-06-28 10:02:06.614068362,100768,124,100714,100,100827,224,100713,224,100854,224,100466,224,100862,224,100375,324,100866,100,100302,224,100959,100,100226,100,101180,100,100164,100,101240,100,100102,100,101276,100,100061,100,101298,100,99962,100
2019-06-28 10:02:10.000000000,100827,349,100714,349,100854,349,100713,349,100862,100,100466,100,100866,100,100375,200,100959,100,100302,100,101180,100,100226,100,101240,100,100164,100,101276,100,100102,100,101298,100,100061,100,101314,100,99962,100
2019-06-28 10:02:11.459962443,100827,349,100761,100,100854,349,100714,349,100862,100,100713,349,100866,100,100466,100,100959,100,100375,200,101180,100,100302,100,101240,100,100226,100,101276,100,100164,100,101298,100,100102,100,101314,100,100061,100
2019-06-28 10:02:20.000000000,100827,224,100761,224,100854,224,100714,224,100862,224,100713,224,100866,224,100466,224,100959,100,100375,200,101180,100,100302,100,101240,100,100226,100,101276,100,100164,100,101298,100,100102,100,101314,100,100061,100
2019-06-28 10:02:30.000000000,100827,224,100761,224,100854,224,100714,224,100862,224,100713,224,100866,224,100466,224,100959,100,100375,200,101180,100,100302,100,101240,100,100226,100,101276,100,100164,100,101298,100,100102,100,101314,100,100061,100
2019-06-28 10:02:32.867927500,100827,124,100761,224,100854,124,100714,224,100862,224,100713,224,100866,224,100466,224,100959,100,100375,200,101180,100,100302,100,101240,100,100226,100,101276,100,100164,100,101298,100,100102,100,101314,100,100061,100
2019-06-28 10:02:40.000000000,100862,200,100761,200,100866,200,100714,200,100959,200,100713,200,101180,200,100466,200,101240,200,100375,300,101276,100,100302,100,101298,100,100226,100,101314,100,100164,100,101339,100,100102,100,101347,100,100061,100
2019-06-28 10:02:50.000000000,100862,269,100761,269,100866,264,100714,264,100959,264,100713,264,101180,100,100466,100,101240,100,100375,200,101276,100,100302,100,101298,100,100226,100,101314,100,100164,100,101339,100,100102,100,101347,100,100061,100
2019-06-28 10:03:00.000000000,100862,598,100761,598,100866,100,100714,100,100959,100,100713,100,101180,100,100466,100,101240,100,100375,200,101276,100,100302,100,101298,100,100226,100,101314,100,100164,100,101339,100,100102,100,101347,100,100061,100
2019-06-28 10:03:03.317699877,100862,598,100768,100,100866,100,100761,598,100959,100,100714,100,101180,100,100713,100,101240,100,100466,100,101276,100,100375,200,101298,100,100302,100,101314,100,100226,100,101339,100,100164,100,101347,100,100061,100
2019-06-28 10:03:10.000000000,100862,598,100768,598,100866,100,100761,100,100959,100,100714,100,101180,100,100713,100,101240,100,100466,100,101276,100,100375,200,101298,100,100302,100,101314,100,100226,100,101339,100,100164,100,101347,100,100061,100
2019-06-28 10:03:11.267949865,100862,598,100768,598,100866,100,100761,100,100959,100,100714,100,101180,100,100713,100,101240,100,100466,100,101276,100,100375,200,101298,100,100302,100,101314,100,100226,100,101339,100,100164,100,101347,100,100061,100
2019-06-28 10:03:20.000000000,100862,200,100768,200,100866,200,100761,200,100959,200,100714,200,101180,200,100713,200,101240,200,100466,200,101276,100,100375,200,101298,100,100302,100,101314,100,100226,100,101339,100,100164,100,101347,100,100061,100
2019-06-28 10:03:20.939711888,100862,200,100768,100,100866,200,100761,200,100959,200,100714,200,101180,200,100713,200,101240,200,100466,200,101276,100,100375,200,101298,100,100302,100,101314,100,100226,100,101339,100,100164,100,101347,100,100061,100
2019-06-28 10:03:27.644120514,100862,100,100768,100,100866,200,100761,200,100959,200,100714,200,101180,200,100713,200,101240,200,100466,200,101276,100,100375,200,101298,100,100302,100,101314,100,100226,100,101339,100,100164,100,101347,100,100061,100
2019-06-28 10:03:29.789096951,100866,200,100768,100,100959,200,100761,200,101180,200,100714,200,101240,200,100713,200,101276,100,100466,200,101298,100,100375,200,101314,100,100302,100,101339,100,100226,100,101347,100,100164,100,101453,100,100061,100
2019-06-28 10:03:30.000000000,100866,349,100761,349,100959,349,100714,349,101180,100,100713,100,101240,100,100466,100,101276,100,100375,200,101298,100,100302,100,101314,100,100226,100,101339,100,100164,100,101347,100,100061,100,101453,100,99962,100
2019-06-28 10:03:33.762460042,100866,249,100761,349,100959,349,100714,349,101180,100,100713,100,101240,100,100466,100,101276,100,100375,200,101298,100,100302,100,101314,100,100226,100,101339,100,100164,100,101347,100,100061,100,101453,100,99962,100
2019-06-28 10:03:40.000000000,100959,200,100761,200,101180,200,100714,200,101240,200,100713,200,101276,200,100466,200,101298,200,100375,300,101314,100,100302,100,101339,100,100226,100,101347,100,100164,100,101453,100,100061,100,101467,100,99962,100
2019-06-28 10:03:50.000000000,100959,598,100761,598,101180,100,100714,100,101240,100,100713,100,101276,100,100466,100,101298,100,100375,200,101314,100,100302,100,101339,100,100226,100,101347,100,100164,100,101453,100,100061,100,101467,100,99962,100
2019-06-28 10:03:59.578783875,100959,598,100761,598,101180,100,100714,100,101240,100,100713,100,101276,100,100466,100,101298,100,100375,200,101314,100,100302,100,101339,100,100226,100,101347,100,100164,100,101453,100,100061,100,101467,100,99962,100
2019-06-28 10:04:00.000000000,100959,598,100761,598,101180,100,100714,100,101240,100,100713,100,101276,100,100466,100,101298,100,100375,200,101314,100,100302,100,101339,100,100226,100,101347,100,100164,100,101453,100,100061,100,101467,100,99962,100
2019-06-28 10:04:10.000000000,100959,224,100761,224,101180,224,100714,224,101240,224,100713,224,101276,224,100466,224,101298,100,100375,200,101314,100,100302,100,101339,100,100226,100,101347,100,100164,100,101453,100,100061,100,101467,100,99962,100
2019-06-28 10:04:11.519689711,100959,224,100761,224,101180,224,100714,224,101240,224,100713,224,101276,224,100466,224,101298,100,100375,200,101314,100,100302,100,101339,100,100226,100,101347,100,100164,100,101417,100,100061,100,101453,100,99962,100
2019-06-28 10:04:20.000000000,100959,598,100761,598,101180,100,100714,100,101240,100,100713,100,101276,100,100466,100,101298,100,100375,200,101314,100,100302,100,101339,100,100226,100,101347,100,100164,100,101417,100,100061,100,101453,100,99962,100
2019-06-28 10:04:29.495068734,100959,498,100761,598,101180,100,100714,100,101240,100,100713,100,101276,100,100466,100,101298,100,100375,200,101314,100,100302,100,101339,100,100226,100,101347,100,100164,100,101417,100,100061,100,101453,100,99962,100
2019-06-28 10:04:30.000000000,101180,598,100761,598,101240,100,100714,100,101276,100,100713,100,101298,100,100466,100,101314,100,100375,200,101339,100,100302,100,101347,100,100226,100,101417,100,100164,100,101453,100,100061,100,101467,100,99962,100
2019-06-28 10:04:34.085657934,101180,498,100761,598,101240,100,100714,100,101276,100,100713,100,101298,100,100466,100,101314,100,100375,200,101339,100,100302,100,101347,100,100226,100,101417,100,100164,100,101453,100,100061,100,101467,100,99962,100
2019-06-28 10:04:40.000000000,101240,269,100761,269,101276,264,100714,264,101298,264,100713,264,101314,100,100466,100,101339,100,100375,200,101347,100,100302,100,101417,100,100226,100,101453,100,100164,100,101467,100,100061,100,101622,100,99962,100
2019-06-28 10:04:50.000000000,101240,269,100761,269,101276,264,100714,264,101298,264,100713,264,101314,100,100466,100,101339,100,100375,200,101347,100,100302,100,101417,100,100226,100,101453,100,100164,100,101467,100,100061,100,101622,100,99962,100
2019-06-28 10:04:51.796963162,101240,269,100761,269,101276,264,100714,264,101298,264,100713,264,101314,100,100466,100,101339,100,100375,200,101347,100,100302,100,101417,100,100226,100,101453,100,100164,100,101467,100,100061,100,101546,100,99962,100
2019-06-28 10:05:00.000000000,101240,269,100761,269,101276,264,100714,264,101298,264,100713,264,101314,100,100466,100,101339,100,100375,200,101347,100,100302,100,101417,100,100226,100,101453,100,100164,100,101467,100,100061,100,101546,100,99962,100
2019-06-28 10:05:10.000000000,101240,224,100761,224,101276,224,100714,224,101298,224,100713,224,101314,224,100466,224,101339,100,100375,200,101347,100,100302,100,101417,100,100226,100,101453,100,100164,100,101467,100,100061,100,101546,100,99962,100
