,ask_price_1,ask_size_1,bid_price_1,bid_size_1,ask_price_2,ask_size_2,bid_price_2,bid_size_2,ask_price_3,ask_size_3,bid_price_3,bid_size_3,ask_price_4,ask_size_4,bid_price_4,bid_size_4,ask_price_5,ask_size_5,bid_price_5,bid_size_5,ask_price_6,ask_size_6,bid_price_6,bid_size_6,ask_price_7,ask_size_7,bid_price_7,bid_size_7,ask_price_8,ask_size_8,bid_price_8,bid_size_8,ask_price_9,ask_size_9,bid_price_9,bid_size_9,ask_price_10,ask_size_10,bid_price_10,bid_size_10
2019-06-28 09:30:00.000000001,100140,100,,,,,,,,,,,,,,,,,,,,,,,,,,,,,,,,,,,,,,
2019-06-28 09:30:00.000000003,100140,100,99812,100,,,,,,,,,,,,,,,,,,,,,,,,,,,,,,,,,,,,
2019-06-28 09:30:00.000000005,99914,100,99812,100,100140,100,,,,,,,,,,,,,,,,,,,,,,,,,,,,,,,,,,
2019-06-28 09:30:00.000000006,99914,100,99812,100,99963,100,,,100008,100,,,100140,100,,,,,,,,,,,,,,,,,,,,,,,,,,
2019-06-28 09:30:00.000000008,99913,100,99812,100,99914,100,,,99963,100,,,100008,100,,,100140,100,,,,,,,,,,,,,,,,,,,,,,
2019-06-28 09:30:00.000000009,99914,100,99812,100,99963,100,,,100008,100,,,100092,100,,,100140,100,,,,,,,,,,,,,,,,,,,,,,
2019-06-28 09:30:00.000000010,99914,100,99875,100,99963,100,99812,100,100008,100,,,100092,100,,,100140,100,,,,,,,,,,,,,,,,,,,,,,
2019-06-28 09:30:00.000000015,99914,100,99875,200,99963,100,99812,100,100008,100,,,100092,100,,,100140,100,,,,,,,,,,,,,,,,,,,,,,
2019-06-28 09:30:00.000000016,99963,100,99875,200,100008,100,99812,100,100092,100,,,100140,100,,,100170,100,,,,,,,,,,,,,,,,,,,,,,
2019-06-28 09:30:00.000000018,99963,100,99913,100,100008,100,99875,200,100092,100,99812,100,100140,100,,,100170,100,,,,,,,,,,,,,,,,,,,,,,
2019-06-28 09:30:00.000000023,99963,100,99913,200,100008,100,99875,200,100092,100,99812,100,100140,100,,,100170,100,,,,,,,,,,,,,,,,,,,,,,
2019-06-28 09:30:00.000000026,99963,100,99913,200,100008,100,99875,200,100072,100,99812,100,100092,100,,,100140,100,,,100170,100,,,,,,,,,,,,,,,,,,
2019-06-28 09:30:00.000000028,100008,100,99913,200,100072,100,99875,200,100092,100,99812,100,100140,100,,,100170,100,,,,,,,,,,,,,,,,,,,,,,
2019-06-28 09:30:00.000000029,100072,100,99963,100,100092,100,99913,200,100140,100,99875,200,100143,100,99812,100,100170,100,,,100173,100,,,,,,,,,,,,,,,,,,
2019-06-28 09:30:00.000000033,100072,100,99963,200,100092,100,99913,200,100140,100,99875,200,100143,100,99812,100,100170,100,,,100173,100,,,,,,,,,,,,,,,,,,
2019-06-28 09:30:00.000000036,100072,100,99970,100,100092,100,99963,200,100140,100,99913,200,100143,100,99875,200,100170,100,99812,100,100173,100,,,,,,,,,,,,,,,,,,
2019-06-28 09:30:00.000000038,100072,100,100048,100,100092,100,99970,100,100136,100,99963,200,100140,100,99913,200,100143,100,99875,200,100170,100,99812,100,100173,100,,,,,,,,,,,,,,
2019-06-28 09:30:00.000000039,100072,100,100048,100,100092,100,99970,100,100136,100,99963,200,100140,100,99913,200,100143,100,99875,200,100170,100,99812,100,100173,100,99786,100,,,,,,,,,,,,
2019-06-28 09:30:00.000000040,100072,100,100048,100,100092,100,99976,100,100136,100,99970,100,100140,100,99963,200,100143,100,99913,200,100170,100,99875,200,100173,100,99812,100,,,99786,100,,,,,,,,
2019-06-28 09:30:00.000000043,100072,100,100048,100,100092,100,99976,100,100127,100,99970,100,100136,100,99963,200,100140,100,99913,200,100143,100,99875,200,100170,100,99812,100,100173,100,99786,100,,,,,,,,
2019-06-28 09:30:00.000000045,100072,100,99976,100,100092,100,99970,100,100127,100,99963,200,100136,100,99913,200,100140,100,99875,200,100143,100,99812,100,100170,100,99786,100,100173,100,,,,,,,,,,
2019-06-28 09:30:00.000000048,100072,100,99976,100,100092,100,99970,100,100127,100,99963,200,100136,100,99944,100,100140,100,99913,200,100143,100,99875,200,100170,100,99812,100,100173,100,99786,100,,,,,,,,
2019-06-28 09:30:00.000000051,100072,100,99976,100,100092,100,99970,100,100127,100,99963,200,100136,100,99944,100,100140,100,99913,200,100143,100,99901,100,100170,100,99875,200,100173,100,99812,100,,,99786,100,,,,
2019-06-28 09:30:00.000000052,100072,100,100053,100,100092,100,99976,100,100127,100,99970,100,100136,100,99963,200,100140,100,99944,100,100143,100,99913,200,100170,100,99901,100,100173,100,99875,200,,,99812,100,,,99786,100
2019-06-28 09:30:00.000000054,100072,100,100053,100,100092,100,100040,100,100127,100,99976,100,100136,100,99970,100,100140,100,99963,200,100143,100,99944,100,100170,100,99913,200,100173,100,99901,100,,,99875,200,,,99812,100
2019-06-28 09:30:00.000000057,100072,100,100053,100,100092,100,100040,100,100123,100,99976,100,100127,100,99970,100,100136,100,99963,200,100140,100,99944,100,100143,100,99913,200,100170,100,99901,100,100173,100,99875,200,,,99812,100
2019-06-28 09:30:00.000000058,100072,100,100040,100,100092,100,99976,100,100123,100,99970,100,100127,100,99963,200,100136,100,99944,100,100140,100,99913,200,100143,100,99901,100,100170,100,99875,200,100173,100,99812,100,,,99786,100
2019-06-28 09:30:00.000000059,100042,100,100040,100,100072,100,99976,100,100092,100,99970,100,100123,100,99963,200,100127,100,99944,100,100136,100,99913,200,100140,100,99901,100,100143,100,99877,100,100170,100,99875,200,100173,100,99812,100
2019-06-28 09:30:00.000000061,100042,100,100040,100,100072,100,99976,100,100092,100,99970,100,100123,100,99963,200,100127,100,99944,100,100136,100,99913,200,100140,100,99901,100,100143,100,99891,100,100170,100,99877,100,100173,100,99875,200
2019-06-28 09:30:00.000000063,100042,100,100040,100,100072,100,99976,100,100092,100,99970,100,100123,100,99963,200,100127,100,99962,100,100136,100,99944,100,100140,100,99913,200,100143,100,99901,100,100170,100,99891,100,100173,100,99877,100
2019-06-28 09:30:00.000000067,100042,100,100040,100,100072,100,99976,100,100092,100,99970,100,100123,100,99963,200,100127,100,99962,100,100136,100,99944,100,100140,100,99913,200,100143,100,99901,100,100170,100,99891,100,100173,100,99877,100
2019-06-28 09:30:00.000000068,100072,100,100040,100,100092,100,99976,100,100110,100,99970,100,100123,100,99963,200,100127,100,99962,100,100136,100,99944,100,100140,100,99913,200,100143,100,99901,100,100170,100,99891,100,100173,100,99877,100
2019-06-28 09:30:00.000000071,100053,100,100040,100,100072,100,99976,100,100092,100,99970,100,100110,100,99963,200,100123,100,99962,100,100127,100,99944,100,100136,100,99913,200,100140,100,99901,100,100143,100,99891,100,100170,100,99877,100
2019-06-28 09:30:00.000000073,100048,100,99976,100,100053,100,99970,100,100072,100,99963,200,100092,100,99962,100,100110,100,99944,100,100123,100,99924,100,100127,100,99913,200,100136,100,99901,100,100140,100,99891,100,100143,100,99877,100
2019-06-28 09:30:00.000000074,100048,100,99976,100,100053,100,99970,100,100072,100,99963,200,100092,100,99962,100,100098,100,99944,100,100110,100,99924,100,100123,100,99913,200,100127,100,99901,100,100136,100,99891,100,100140,100,99877,100
2019-06-28 09:30:00.000000077,100048,100,100040,100,100053,100,99976,100,100072,100,99970,100,100092,100,99963,200,100098,100,99962,100,100110,100,99944,100,100123,100,99924,100,100127,100,99913,300,100136,100,99901,100,100140,100,99891,100
2019-06-28 09:30:00.000000078,100048,100,100040,100,100053,100,99976,100,100072,100,99970,100,100092,100,99963,200,100098,100,99962,100,100110,100,99944,100,100123,100,99924,100,100127,100,99913,300,100136,100,99901,100,100140,100,99891,100
2019-06-28 09:30:00.000000079,100048,100,99970,100,100053,100,99963,200,100072,100,99962,100,100092,100,99944,100,100098,100,99924,100,100110,100,99913,300,100123,100,99901,100,100127,100,99891,100,100136,100,99877,100,100140,100,99875,200
2019-06-28 09:30:00.000000081,100048,100,99970,100,100053,100,99963,200,100072,100,99962,100,100092,100,99944,100,100098,100,99924,100,100110,100,99913,300,100123,100,99901,100,100127,100,99891,100,100136,100,99877,100,100140,200,99875,200
2019-06-28 09:30:00.000000084,100048,100,99970,100,100053,100,99963,200,100072,100,99962,100,100092,100,99944,100,100098,100,99924,100,100101,100,99913,300,100110,100,99901,100,100123,100,99891,100,100127,100,99877,100,100136,100,99875,200
2019-06-28 09:30:00.000000085,100048,100,99970,100,100053,100,99963,200,100072,100,99962,100,100089,100,99944,100,100092,100,99924,100,100098,100,99913,300,100101,100,99901,100,100110,100,99891,100,100123,100,99877,100,100127,100,99875,200
2019-06-28 09:30:00.000000087,100048,100,99976,100,100053,100,99970,100,100072,100,99963,200,100089,100,99962,100,100092,100,99944,100,100098,100,99924,100,100101,100,99914,100,100110,100,99913,300,100123,100,99901,100,100127,100,99891,100
2019-06-28 09:30:00.000000089,100048,100,99976,100,100053,100,99970,100,100072,100,99963,200,100089,100,99962,100,100092,100,99944,100,100098,100,99925,100,100101,100,99924,200,100110,100,99914,100,100123,100,99913,300,100127,100,99901,100
2019-06-28 09:30:00.000000091,100048,100,99976,100,100053,100,99970,100,100072,100,99963,200,100089,100,99962,100,100092,100,99961,100,100098,100,99944,100,100101,100,99925,100,100110,100,99924,200,100123,100,99914,100,100127,100,99913,300
2019-06-28 09:30:00.000000092,100048,100,99976,200,100053,100,99970,100,100072,100,99963,200,100089,100,99962,100,100092,100,99961,100,100098,100,99944,100,100101,100,99925,100,100110,100,99924,200,100123,100,99914,100,100127,100,99913,300
2019-06-28 09:30:00.000000093,100048,100,99976,200,100053,100,99970,100,100072,100,99963,200,100089,100,99962,100,100092,100,99961,100,100098,100,99944,100,100101,100,99925,100,100110,100,99924,200,100123,100,99914,100,100127,100,99913,300
2019-06-28 09:30:00.000000095,100048,100,99976,100,100053,100,99970,100,100072,100,99963,200,100089,100,99962,100,100092,100,99961,100,100098,100,99944,100,100101,100,99925,100,100110,100,99924,200,100123,100,99914,100,100127,100,99913,300
2019-06-28 09:30:00.000000098,100048,100,99977,100,100053,100,99976,100,100072,100,99970,100,100089,100,99963,200,100092,100,99962,100,100098,100,99961,100,100101,100,99944,100,100110,100,99925,100,100123,100,99924,200,100127,100,99914,100
2019-06-28 09:30:02.803801252,100048,100,99977,100,100053,100,99976,100,100072,100,99970,100,100073,100,99963,200,100089,100,99962,100,100092,100,99961,100,100098,100,99944,100,100101,100,99925,100,100110,100,99924,200,100123,100,99914,100
2019-06-28 09:30:10.000000000,100048,267,99977,267,100053,262,99976,262,100072,262,99970,262,100073,100,99963,200,100089,100,99962,100,100092,100,99961,100,100098,100,99944,100,100101,100,99925,100,100110,100,99924,200,100123,100,99914,100
2019-06-28 09:30:13.513768709,100048,267,99977,267,100053,262,99976,262,100072,262,99970,262,100073,100,99963,200,100089,100,99962,100,100092,100,99961,100,100098,100,99944,100,100101,100,99925,100,100110,100,99924,200,100123,100,99914,100
2019-06-28 09:30:20.000000000,100048,222,99977,222,100053,222,99976,222,100072,222,99970,222,100073,222,99963,322,100089,100,99962,100,100092,100,99961,100,100098,100,99944,100,100101,100,99925,100,100110,100,99924,200,100123,100,99914,100
2019-06-28 09:30:20.216828448,100048,122,99977,222,100053,222,99976,222,100072,222,99970,222,100073,222,99963,322,100089,100,99962,100,100092,100,99961,100,100098,100,99944,100,100101,100,99925,100,100110,100,99924,200,100123,100,99914,100
2019-06-28 09:30:25.109104279,100048,122,99977,122,100053,222,99976,222,100072,222,99970,222,100073,222,99963,322,100089,100,99962,100,100092,100,99961,100,100098,100,99944,100,100101,100,99925,100,100110,100,99924,200,100123,100,99914,100
2019-06-28 09:30:30.000000000,100053,222,99976,222,100072,222,99970,222,100073,222,99963,322,100089,222,99962,222,100092,100,99961,100,100098,100,99944,100,100101,100,99925,100,100110,100,99924,200,100123,100,99914,100,100127,100,99913,300
2019-06-28 09:30:40.000000000,100053,198,99976,198,100072,198,99970,198,100073,198,99963,298,100089,198,99962,198,100092,198,99961,198,100098,100,99944,100,100101,100,99925,100,100110,100,99924,200,100123,100,99914,100,100127,100,99913,300
2019-06-28 09:30:50.000000000,100053,345,99976,345,100072,345,99970,345,100073,100,99963,200,100089,100,99962,100,100092,100,99961,100,100098,100,99944,100,100101,100,99925,100,100110,100,99924,200,100123,100,99914,100,100127,100,99913,300
2019-06-28 09:31:00.000000000,100053,222,99976,222,100072,222,99970,222,100073,222,99963,322,100089,222,99962,222,100092,100,99961,100,100098,100,99944,100,100101,100,99925,100,100110,100,99924,200,100123,100,99914,100,100127,100,99913,300
2019-06-28 09:31:09.116155698,100053,222,99976,222,100072,222,99970,222,100073,222,99963,322,100089,222,99962,222,100092,100,99961,100,100098,100,99944,100,100101,100,99925,100,100110,100,99924,200,100123,100,99914,100,100127,100,99913,300
2019-06-28 09:31:10.000000000,100053,198,99976,198,100072,198,99970,198,100073,198,99963,298,100089,198,99962,198,100092,198,99961,198,100098,100,99944,100,100101,100,99925,100,100110,100,99924,200,100123,100,99914,100,100127,100,99913,300
2019-06-28 09:31:14.147720444,100053,198,99999,100,100072,198,99976,198,100073,198,99970,198,100089,198,99963,298,100092,198,99962,198,100098,100,99961,198,100101,100,99944,100,100110,100,99925,100,100123,100,99924,200,100127,100,99913,300
2019-06-28 09:31:20.000000000,100053,198,99999,198,100072,198,99976,198,100073,198,99970,198,100089,198,99963,298,100092,198,99962,198,100098,100,99961,100,100101,100,99944,100,100110,100,99925,100,100123,100,99924,200,100127,100,99913,300
2019-06-28 09:31:23.322844566,100053,198,99999,198,100072,198,99976,198,100073,198,99970,198,100089,198,99963,298,100092,198,99962,198,100098,100,99961,100,100101,100,99944,100,100110,100,99925,100,100123,100,99924,200,100127,100,99913,300
2019-06-28 09:31:30.000000000,100053,590,99999,590,100072,100,99976,100,100073,100,99970,100,100089,100,99963,200,100092,100,99962,100,100098,100,99961,100,100101,100,99944,100,100110,100,99925,100,100123,100,99924,200,100127,100,99913,300
2019-06-28 09:31:40.000000000,100053,345,99999,345,100072,345,99976,345,100073,100,99970,100,100089,100,99963,200,100092,100,99962,100,100098,100,99961,100,100101,100,99944,100,100110,100,99925,100,100123,100,99924,200,100127,100,99913,300
2019-06-28 09:31:42.523516159,100053,345,99999,345,100072,345,99978,100,100073,100,99976,245,100089,100,99970,100,100092,100,99963,200,100098,100,99962,100,100101,100,99961,100,100110,100,99944,100,100123,100,99925,100,100127,100,99924,200
2019-06-28 09:31:43.990181577,100053,345,99999,345,100072,345,99978,100,100073,100,99976,245,100089,100,99970,100,100092,100,99963,200,100098,100,99962,100,100101,100,99961,100,100110,100,99944,100,100123,100,99925,100,100127,100,99924,200
2019-06-28 09:31:50.000000000,100053,590,99999,590,100072,100,99978,100,100073,100,99970,100,100089,100,99963,200,100092,100,99962,100,100098,100,99961,100,100101,100,99944,100,100110,100,99925,100,100123,100,99924,200,100127,100,99913,300
2019-06-28 09:31:51.505066771,100053,590,99999,590,100072,100,99978,100,100073,100,99970,100,100089,100,99963,200,100092,100,99962,100,100098,100,99961,100,100101,100,99944,100,100110,100,99925,100,100123,100,99924,200,100127,100,99913,300
2019-06-28 09:31:55.192376976,100053,590,99999,590,100072,100,99978,200,100073,100,99970,100,100089,100,99963,200,100092,100,99962,100,100098,100,99961,100,100101,100,99944,100,100110,100,99925,100,100123,100,99924,200,100127,100,99913,300
2019-06-28 09:32:00.000000000,100053,222,99999,222,100072,222,99978,322,100073,222,99970,222,100089,222,99963,322,100092,100,99962,100,100098,100,99961,100,100101,100,99944,100,100110,100,99925,100,100123,100,99924,200,100127,100,99913,300
2019-06-28 09:32:10.000000000,100053,267,99999,267,100072,262,99978,362,100073,262,99970,262,100089,100,99963,200,100092,100,99962,100,100098,100,99961,100,100101,100,99944,100,100110,100,99925,100,100123,100,99924,200,100127,100,99913,300
2019-06-28 09:32:11.916927940,100053,167,99999,267,100072,262,99978,362,100073,262,99970,262,100089,100,99963,200,100092,100,99962,100,100098,100,99961,100,100101,100,99944,100,100110,100,99925,100,100123,100,99924,200,100127,100,99913,300
2019-06-28 09:32:20.000000000,100072,267,99999,267,100073,262,99978,362,100089,262,99970,262,100092,100,99963,200,100098,100,99962,100,100101,100,99961,100,100110,100,99944,100,100123,100,99925,100,100127,100,99924,200,100136,100,99913,300
2019-06-28 09:32:30.000000000,100072,267,99999,267,100073,262,99978,362,100089,262,99970,262,100092,100,99963,200,100098,100,99962,100,100101,100,99961,100,100110,100,99944,100,100123,100,99925,100,100127,100,99924,200,100136,100,99913,300
2019-06-28 09:32:40.000000000,100072,267,99999,267,100073,262,99978,362,100089,262,99970,262,100092,100,99963,200,100098,100,99962,100,100101,100,99961,100,100110,100,99944,100,100123,100,99925,100,100127,100,99924,200,100136,100,99913,300
2019-06-28 09:32:50.000000000,100072,345,99999,345,100073,345,99978,445,100089,100,99970,100,100092,100,99963,200,100098,100,99962,100,100101,100,99961,100,100110,100,99944,100,100123,100,99925,100,100127,100,99924,200,100136,100,99913,300
2019-06-28 09:33:00.000000000,100072,267,99999,267,100073,262,99978,362,100089,262,99970,262,100092,100,99963,200,100098,100,99962,100,100101,100,99961,100,100110,100,99944,100,100123,100,99925,100,100127,100,99924,200,100136,100,99913,300
2019-06-28 09:33:08.958338446,100072,167,99999,267,100073,262,99978,362,100089,262,99970,262,100092,100,99963,200,100098,100,99962,100,100101,100,99961,100,100110,100,99944,100,100123,100,99925,100,100127,100,99924,200,100136,100,99913,300
2019-06-28 09:33:10.000000000,100073,198,99999,198,100089,198,99978,298,100092,198,99970,198,100098,198,99963,298,100101,198,99962,198,100110,100,99961,100,100123,100,99944,100,100127,100,99925,100,100136,100,99924,200,100140,200,99913,300
2019-06-28 09:33:15.009651462,100073,198,100053,100,100089,198,99999,198,100092,198,99978,298,100098,198,99970,198,100101,198,99963,298,100110,100,99962,198,100123,100,99961,100,100127,100,99944,100,100136,100,99925,100,100140,200,99924,200
2019-06-28 09:33:19.242530929,100073,198,100053,200,100089,198,99999,198,100092,198,99978,298,100098,198,99970,198,100101,198,99963,298,100110,100,99962,198,100123,100,99961,100,100127,100,99944,100,100136,100,99925,100,100140,200,99924,200
2019-06-28 09:33:20.000000000,100073,267,100053,367,100089,262,99999,262,100092,262,99978,362,100098,100,99970,100,100101,100,99963,200,100110,100,99962,100,100123,100,99961,100,100127,100,99944,100,100136,100,99925,100,100140,200,99924,200
2019-06-28 09:33:30.000000000,100073,267,100053,367,100089,262,99999,262,100092,262,99978,362,100098,100,99970,100,100101,100,99963,200,100110,100,99962,100,100123,100,99961,100,100127,100,99944,100,100136,100,99925,100,100140,200,99924,200
2019-06-28 09:33:40.000000000,100073,345,100053,445,100089,345,99999,345,100092,100,99978,200,100098,100,99970,100,100101,100,99963,200,100110,100,99962,100,100123,100,99961,100,100127,100,99944,100,100136,100,99925,100,100140,200,99924,200
2019-06-28 09:33:50.000000000,100073,345,100053,445,100089,345,99999,345,100092,100,99978,200,100098,100,99970,100,100101,100,99963,200,100110,100,99962,100,100123,100,99961,100,100127,100,99944,100,100136,100,99925,100,100140,200,99924,200
2019-06-28 09:34:00.000000000,100073,198,100053,298,100089,198,99999,198,100092,198,99978,298,100098,198,99970,198,100101,198,99963,298,100110,100,99962,100,100123,100,99961,100,100127,100,99944,100,100136,100,99925,100,100140,200,99924,200
2019-06-28 09:34:04.299784972,100073,98,100053,298,100089,198,99999,198,100092,198,99978,298,100098,198,99970,198,100101,198,99963,298,100110,100,99962,100,100123,100,99961,100,100136,100,99944,100,100140,200,99925,100,100143,100,99924,200
2019-06-28 09:34:10.000000000,100089,222,100053,322,100092,222,99999,222,100098,222,99978,322,100101,222,99970,222,100110,100,99963,200,100123,100,99962,100,100136,100,99961,100,100140,200,99944,100,100143,100,99925,100,100153,100,99924,200
2019-06-28 09:34:20.000000000,100089,222,100053,322,100092,222,99999,222,100098,222,99978,322,100101,222,99970,222,100110,100,99963,200,100123,100,99962,100,100136,100,99961,100,100140,200,99944,100,100143,100,99925,100,100153,100,99924,200
2019-06-28 09:34:30.000000000,100089,590,100053,690,100092,100,99999,100,100098,100,99978,200,100101,100,99970,100,100110,100,99963,200,100123,100,99962,100,100136,100,99961,100,100140,200,99944,100,100143,100,99925,100,100153,100,99924,200
2019-06-28 09:34:32.306349627,100089,590,100053,690,100092,100,99999,100,100098,100,99978,200,100101,100,99970,100,100110,100,99963,200,100123,100,99962,100,100136,100,99961,100,100140,200,99944,100,100143,100,99925,100,100152,100,99924,200
2019-06-28 09:34:40.000000000,100089,590,100053,690,100092,100,99999,100,100098,100,99978,200,100101,100,99970,100,100110,100,99963,200,100123,100,99962,100,100136,100,99961,100,100140,200,99944,100,100143,100,99925,100,100152,100,99924,200
2019-06-28 09:34:44.703297741,100089,590,100072,100,100092,100,100053,690,100098,100,99999,100,100101,100,99978,200,100110,100,99970,100,100123,100,99963,200,100136,100,99962,100,100140,200,99961,100,100143,100,99944,100,100152,100,99925,100
2019-06-28 09:34:50.000000000,100089,198,100072,198,100092,198,100053,298,100098,198,99999,198,100101,198,99978,298,100110,198,99970,198,100123,100,99963,200,100136,100,99962,100,100140,200,99961,100,100143,100,99944,100,100152,100,99925,100
2019-06-28 09:35:00.000000000,100089,198,100072,198,100092,198,100053,298,100098,198,99999,198,100101,198,99978,298,100110,198,99970,198,100123,100,99963,200,100136,100,99962,100,100140,200,99961,100,100143,100,99944,100,100152,100,99925,100
2019-06-28 09:35:10.000000000,100089,345,100072,345,100092,345,100053,445,100098,100,99999,100,100101,100,99978,200,100110,100,99970,100,100123,100,99963,200,100136,100,99962,100,100140,200,99961,100,100143,100,99944,100,100152,100,99925,100
2019-06-28 09:35:19.687344104,100089,245,100072,345,100092,345,100053,445,100098,100,99999,100,100101,100,99978,200,100110,100,99970,100,100123,100,99963,200,100136,100,99962,100,100140,200,99961,100,100143,100,99944,100,100152,100,99925,100
2019-06-28 09:35:20.000000000,100092,590,100072,590,100098,100,100053,200,100101,100,99999,100,100110,100,99978,200,100123,100,99970,100,100136,100,99963,200,100140,200,99962,100,100143,100,99961,100,100152,100,99944,100,100173,100,99925,100
2019-06-28 09:35:21.784111104,100092,490,100072,590,100098,100,100053,200,100101,100,99999,100,100110,100,99978,200,100123,100,99970,100,100136,100,99963,200,100140,200,99962,100,100143,100,99961,100,100152,100,99944,100,100173,100,99925,100
2019-06-28 09:35:30.000000000,100098,222,100072,222,100101,222,100053,322,100110,222,99999,222,100123,222,99978,322,100136,100,99970,100,100140,200,99963,200,100143,100,99962,100,100152,100,99961,100,100173,100,99944,100,100216,100,99925,100
2019-06-28 09:35:30.930073602,100098,122,100072,222,100101,222,100053,322,100110,222,99999,222,100123,222,99978,322,100136,100,99970,100,100140,200,99963,200,100143,100,99962,100,100152,100,99961,100,100173,100,99944,100,100216,100,99925,100
2019-06-28 09:35:40.000000000,100101,222,100072,222,100110,222,100053,322,100123,222,99999,222,100136,222,99978,322,100140,200,99970,100,100143,100,99963,200,100152,100,99962,100,100173,100,99961,100,100216,100,99944,100,100308,100,99925,100
2019-06-28 09:35:50.000000000,100101,267,100072,267,100110,262,100053,362,100123,262,99999,262,100136,100,99978,200,100140,200,99970,100,100143,100,99963,200,100152,100,99962,100,100173,100,99961,100,100216,100,99944,100,100308,100,99925,100
2019-06-28 09:36:00.000000000,100101,590,100072,590,100110,100,100053,200,100123,100,99999,100,100136,100,99978,200,100140,200,99970,100,100143,100,99963,200,100152,100,99962,100,100173,100,99961,100,100216,100,99944,100,100308,100,99925,100
2019-06-28 09:36:10.000000000,100101,267,100072,267,100110,262,100053,362,100123,262,99999,262,100136,100,99978,200,100140,200,99970,100,100143,100,99963,200,100152,100,99962,100,100173,100,99961,100,100216,100,99944,100,100308,100,99925,100
2019-06-28 09:36:14.048510487,100101,267,100072,267,100110,262,100053,362,100123,262,99999,262,100136,100,99978,200,100140,200,99970,100,100143,100,99963,200,100152,100,99962,100,100173,100,99961,100,100216,100,99944,100,100308,100,99925,100
2019-06-28 09:36:20.000000000,100101,267,100072,267,100110,262,100053,362,100123,262,99999,262,100136,100,99978,200,100140,200,99970,100,100143,100,99963,200,100152,100,99962,100,100173,100,99961,100,100216,100,99944,100,100308,100,99925,100
2019-06-28 09:36:20.479633687,100101,167,100072,267,100110,262,100053,362,100123,262,99999,262,100136,100,99978,200,100140,200,99970,100,100152,100,99963,200,100173,100,99962,100,100216,100,99961,100,100308,100,99944,100,100521,100,99925,100
2019-06-28 09:36:30.000000000,100110,222,100072,222,100123,222,100053,322,100136,222,99999,222,100140,322,99978,322,100152,100,99970,100,100173,100,99963,200,100216,100,99962,100,100308,100,99961,100,100521,100,99944,100,100729,100,99925,100
2019-06-28 09:36:37.591769895,100110,222,100072,222,100123,222,100053,322,100136,222,99999,222,100140,322,99978,322,100152,100,99970,100,100173,100,99963,200,100216,100,99962,100,100308,100,99961,100,100521,100,99944,100,100729,100,99925,100
2019-06-28 09:36:40.000000000,100110,345,100072,345,100123,345,100053,445,100136,100,99999,100,100140,200,99978,200,100152,100,99970,100,100173,100,99963,200,100216,100,99962,100,100308,100,99961,100,100521,100,99944,100,100729,100,99925,100
2019-06-28 09:36:46.779565502,100110,245,100072,345,100123,345,100053,445,100136,100,99999,100,100140,200,99978,200,100152,100,99970,100,100173,100,99963,200,100216,100,99962,100,100308,100,99961,100,100521,100,99944,100,100729,100,99924,200
2019-06-28 09:36:50.000000000,100123,222,100072,222,100136,222,100053,322,100140,322,99999,222,100152,222,99978,322,100173,100,99970,100,100216,100,99963,200,100308,100,99962,100,100521,100,99961,100,100729,100,99944,100,100791,100,99924,200
2019-06-28 09:36:57.640600422,100123,222,100072,222,100136,222,100053,322,100140,322,99999,222,100152,222,99978,322,100173,100,99970,100,100216,100,99963,200,100308,100,99962,100,100521,100,99961,100,100729,100,99944,100,100791,100,99924,200
2019-06-28 09:37:00.000000000,100123,345,100072,345,100136,345,100053,445,100140,200,99999,100,100152,100,99978,200,100173,100,99970,100,100216,100,99963,200,100308,100,99962,100,100521,100,99961,100,100729,100,99944,100,100791,100,99924,200
2019-06-28 09:37:00.492091995,100123,345,100072,345,100136,345,100053,445,100140,200,99999,100,100152,100,99978,200,100173,100,99970,100,100216,100,99963,200,100308,100,99962,100,100521,100,99961,100,100655,100,99944,100,100729,100,99924,200
2019-06-28 09:37:04.317254015,100123,345,100101,100,100136,345,100072,345,100140,200,100053,445,100152,100,99999,100,100173,100,99978,200,100216,100,99970,100,100308,100,99963,200,100521,100,99962,100,100655,100,99961,100,100729,100,99944,100
2019-06-28 09:37:10.000000000,100123,198,100101,198,100136,198,100072,198,100140,298,100053,298,100152,198,99999,198,100173,198,99978,298,100216,100,99970,100,100308,100,99963,200,100521,100,99962,100,100655,100,99961,100,100729,100,99944,100
2019-06-28 09:37:20.000000000,100123,590,100101,590,100136,100,100072,100,100140,200,100053,200,100152,100,99999,100,100173,100,99978,200,100216,100,99970,100,100308,100,99963,200,100521,100,99962,100,100655,100,99961,100,100729,100,99944,100
2019-06-28 09:37:25.818420877,100123,590,100101,590,100136,100,100072,100,100140,200,100053,200,100152,100,99999,100,100173,100,99978,200,100216,100,99970,100,100308,100,99963,200,100521,100,99962,100,100655,100,99961,100,100729,100,99944,100
2019-06-28 09:37:30.000000000,100123,590,100101,590,100136,100,100072,100,100140,200,100053,200,100152,100,99999,100,100173,100,99978,200,100216,100,99970,100,100308,100,99963,200,100521,100,99962,100,100655,100,99961,100,100729,100,99944,100
2019-06-28 09:37:40.000000000,100123,198,100101,198,100136,198,100072,198,100140,298,100053,298,100152,198,99999,198,100173,198,99978,298,100216,100,99970,100,100308,100,99963,200,100521,100,99962,100,100655,100,99961,100,100729,100,99944,100
2019-06-28 09:37:50.000000000,100123,198,100101,198,100136,198,100072,198,100140,298,100053,298,100152,198,99999,198,100173,198,99978,298,100216,100,99970,100,100308,100,99963,200,100521,100,99962,100,100655,100,99961,100,100729,100,99944,100
2019-06-28 09:38:00.000000000,100123,590,100101,590,100136,100,100072,100,100140,200,100053,200,100152,100,99999,100,100173,100,99978,200,100216,100,99970,100,100308,100,99963,200,100521,100,99962,100,100655,100,99961,100,100729,100,99944,100
2019-06-28 09:38:07.056949423,100123,490,100101,590,100136,100,100072,100,100140,200,100053,200,100152,100,99999,100,100173,100,99978,200,100216,100,99970,100,100308,100,99963,200,100521,100,99962,100,100655,100,99961,100,100729,100,99924,200
2019-06-28 09:38:07.820048756,100123,490,100101,590,100136,100,100072,100,100140,200,100053,200,100152,100,99999,100,100173,100,99978,200,100216,100,99970,100,100308,100,99963,200,100521,100,99962,100,100655,100,99961,100,100729,100,99924,200
2019-06-28 09:38:10.000000000,100136,198,100101,198,100140,298,100072,198,100152,198,100053,298,100173,198,99999,198,100216,198,99978,298,100308,100,99970,100,100521,100,99963,200,100655,100,99962,100,100729,100,99961,100,100843,100,99924,200
2019-06-28 09:38:15.585790357,100136,98,100101,198,100140,298,100072,198,100152,198,100053,298,100173,198,99999,198,100216,198,99978,298,100308,100,99970,100,100521,100,99963,200,100655,100,99962,100,100729,100,99961,100,100843,100,99924,200
2019-06-28 09:38:20.000000000,100140,322,100101,222,100152,222,100072,222,100173,222,100053,322,100216,222,99999,222,100308,100,99978,200,100521,100,99970,100,100655,100,99963,200,100729,100,99962,100,100843,100,99961,100,100854,100,99924,200
2019-06-28 09:38:30.000000000,100140,298,100101,198,100152,198,100072,198,100173,198,100053,298,100216,198,99999,198,100308,198,99978,298,100521,100,99970,100,100655,100,99963,200,100729,100,99962,100,100843,100,99961,100,100854,100,99924,200
2019-06-28 09:38:39.217971481,100140,298,100123,100,100152,198,100101,198,100173,198,100072,198,100216,198,100053,298,100308,198,99999,198,100521,100,99978,198,100655,100,99970,100,100729,100,99963,200,100843,100,99962,100,100854,100,99961,100
2019-06-28 09:38:40.000000000,100140,690,100123,590,100152,100,100101,100,100173,100,100072,100,100216,100,100053,200,100308,100,99999,100,100521,100,99978,100,100655,100,99970,100,100729,100,99963,200,100843,100,99962,100,100854,100,99961,100
2019-06-28 09:38:50.000000000,100140,322,100123,222,100152,222,100101,222,100173,222,100072,222,100216,222,100053,322,100308,100,99999,100,100521,100,99978,100,100655,100,99970,100,100729,100,99963,200,100843,100,99962,100,100854,100,99961,100
2019-06-28 09:39:00.000000000,100140,445,100123,345,100152,345,100101,345,100173,100,100072,100,100216,100,100053,200,100308,100,99999,100,100521,100,99978,100,100655,100,99970,100,100729,100,99963,200,100843,100,99962,100,100854,100,99961,100
2019-06-28 09:39:01.072345974,100140,445,100123,445,100152,345,100101,345,100173,100,100072,100,100216,100,100053,100,100308,100,99999,100,100521,100,99978,100,100655,100,99970,100,100729,100,99963,200,100843,100,99962,100,100854,100,99961,100
2019-06-28 09:39:01.962740092,100140,445,100123,445,100152,345,100101,345,100173,100,100072,100,100216,100,100053,100,100306,100,99999,100,100308,100,99978,100,100521,100,99970,100,100655,100,99963,200,100729,100,99962,100,100843,100,99961,100
2019-06-28 09:39:10.000000000,100140,690,100123,690,100152,100,100101,100,100173,100,100072,100,100216,100,100053,100,100306,100,99999,100,100308,100,99978,100,100521,100,99970,100,100655,100,99963,200,100729,100,99962,100,100843,100,99961,100
2019-06-28 09:39:12.157392010,100140,590,100123,690,100152,100,100101,100,100173,100,100072,100,100216,100,100053,100,100306,100,99999,100,100308,100,99978,100,100521,100,99970,100,100655,100,99963,200,100729,100,99962,100,100843,100,99961,100
2019-06-28 09:39:20.000000000,100140,267,100123,367,100152,262,100101,262,100173,262,100072,262,100216,100,100053,100,100306,100,99999,100,100308,100,99978,100,100521,100,99970,100,100655,100,99963,200,100729,100,99962,100,100843,100,99961,100
2019-06-28 09:39:24.954133308,100140,267,100123,367,100152,262,100101,262,100173,262,100072,162,100216,100,100053,100,100306,100,99999,100,100308,100,99978,100,100521,100,99970,100,100655,100,99963,200,100729,100,99962,100,100843,100,99961,100
2019-06-28 09:39:24.974913233,100140,267,100136,100,100152,262,100123,367,100173,262,100101,262,100216,100,100072,162,100306,100,100053,100,100308,100,99999,100,100521,100,99978,100,100655,100,99970,100,100729,100,99963,200,100843,100,99962,100
2019-06-28 09:39:30.000000000,100140,590,100136,590,100152,100,100123,200,100173,100,100101,100,100216,100,100053,100,100306,100,99999,100,100308,100,99978,100,100521,100,99970,100,100655,100,99963,200,100729,100,99962,100,100843,100,99961,100
2019-06-28 09:39:40.000000000,100140,222,100136,222,100152,222,100123,322,100173,222,100101,222,100216,222,100053,222,100306,100,99999,100,100308,100,99978,100,100521,100,99970,100,100655,100,99963,200,100729,100,99962,100,100843,100,99961,100
2019-06-28 09:39:42.239524018,100140,222,100136,222,100152,222,100123,322,100173,222,100101,222,100216,222,100053,222,100306,100,99999,100,100308,100,99978,100,100521,100,99970,100,100655,100,99963,200,100843,100,99962,100,100854,100,99961,100
2019-06-28 09:39:50.000000000,100140,222,100136,222,100152,222,100123,322,100173,222,100101,222,100216,222,100053,222,100306,100,99999,100,100308,100,99978,100,100521,100,99970,100,100655,100,99963,200,100843,100,99962,100,100854,100,99961,100
2019-06-28 09:39:56.793337649,100140,222,100136,222,100152,222,100123,322,100173,222,100101,222,100216,222,100053,222,100306,100,99999,100,100308,100,99978,100,100521,100,99970,100,100655,100,99963,200,100854,100,99962,100,100871,100,99961,100
2019-06-28 09:40:00.000000000,100140,590,100136,590,100152,100,100123,200,100173,100,100101,100,100216,100,100053,100,100306,100,99999,100,100308,100,99978,100,100521,100,99970,100,100655,100,99963,200,100854,100,99962,100,100871,100,99961,100
2019-06-28 09:40:10.000000000,100140,590,100136,590,100152,100,100123,200,100173,100,100101,100,100216,100,100053,100,100306,100,99999,100,100308,100,99978,100,100521,100,99970,100,100655,100,99963,200,100854,100,99962,100,100871,100,99961,100
2019-06-28 09:40:11.537312627,100140,590,100136,690,100152,100,100123,200,100173,100,100101,100,100216,100,100053,100,100306,100,99999,100,100308,100,99978,100,100521,100,99970,100,100655,100,99963,100,100854,100,99962,100,100871,100,99961,100
2019-06-28 09:40:13.967830822,100140,590,100136,690,100152,100,100123,200,100173,100,100101,100,100216,100,100053,100,100306,100,99999,100,100308,100,99978,100,100521,100,99970,100,100655,100,99963,100,100854,100,99962,100,100865,100,99961,100
2019-06-28 09:40:20.000000000,100140,590,100136,690,100152,100,100123,200,100173,100,100101,100,100216,100,100053,100,100306,100,99999,100,100308,100,99978,100,100521,100,99970,100,100655,100,99963,100,100854,100,99962,100,100865,100,99961,100
2019-06-28 09:40:30.000000000,100140,267,100136,367,100152,262,100123,362,100173,262,100101,262,100216,100,100053,100,100306,100,99999,100,100308,100,99978,100,100521,100,99970,100,100655,100,99963,100,100854,100,99962,100,100865,100,99961,100
2019-06-28 09:40:31.473990406,100140,267,100136,367,100152,262,100123,362,100173,262,100101,162,100216,100,100053,100,100306,100,99999,100,100308,100,99978,100,100521,100,99970,100,100655,100,99963,100,100854,100,99962,100,100865,100,99961,100
2019-06-28 09:40:40.000000000,100140,222,100136,322,100152,222,100123,322,100173,222,100053,222,100216,222,99999,222,100306,100,99978,100,100308,100,99970,100,100521,100,99963,100,100655,100,99962,100,100854,100,99961,100,100865,100,99924,200
2019-06-28 09:40:44.231871703,100140,222,100136,422,100152,222,100123,322,100173,222,100053,222,100216,222,99999,222,100306,100,99978,100,100308,100,99970,100,100521,100,99963,100,100655,100,99962,100,100854,100,99961,100,100865,100,99924,200
2019-06-28 09:40:50.000000000,100140,198,100136,398,100152,198,100123,298,100173,198,100053,198,100216,198,99999,198,100306,198,99978,198,100308,100,99970,100,100521,100,99963,100,100655,100,99962,100,100854,100,99961,100,100865,100,99924,200
2019-06-28 09:41:00.000000000,100140,590,100136,790,100152,100,100123,200,100173,100,100053,100,100216,100,99999,100,100306,100,99978,100,100308,100,99970,100,100521,100,99963,100,100655,100,99962,100,100854,100,99961,100,100865,100,99924,200
2019-06-28 09:41:10.000000000,100140,267,100136,467,100152,262,100123,362,100173,262,100053,262,100216,100,99999,100,100306,100,99978,100,100308,100,99970,100,100521,100,99963,100,100655,100,99962,100,100854,100,99961,100,100865,100,99924,200
2019-06-28 09:41:14.853760146,100140,267,100136,467,100152,262,100123,362,100173,262,100053,262,100216,100,99999,100,100306,100,99978,100,100308,100,99970,100,100352,100,99963,100,100521,100,99962,100,100655,100,99961,100,100854,100,99924,200
2019-06-28 09:41:15.902074484,100140,167,100136,467,100152,262,100123,362,100173,262,100053,262,100216,100,99999,100,100306,100,99978,100,100308,100,99970,100,100352,100,99963,100,100521,100,99962,100,100655,100,99961,100,100854,100,99924,200
2019-06-28 09:41:16.310414519,100140,67,100136,467,100152,262,100123,362,100173,262,100053,262,100216,100,99999,100,100306,100,99978,100,100308,100,99970,100,100352,100,99963,100,100521,100,99962,100,100655,100,99961,100,100854,100,99924,200
2019-06-28 09:41:20.000000000,100152,198,100136,398,100173,198,100123,298,100216,198,100053,198,100306,198,99999,198,100308,198,99978,198,100352,100,99970,100,100521,100,99963,100,100655,100,99962,100,100854,100,99961,100,100865,100,99924,200
2019-06-28 09:41:28.929230094,100152,198,100140,100,100173,198,100136,398,100216,198,100123,298,100306,198,100053,198,100308,198,99999,198,100352,100,99978,198,100521,100,99970,100,100655,100,99963,100,100854,100,99962,100,100865,100,99961,100
2019-06-28 09:41:30.000000000,100152,267,100140,267,100173,262,100136,462,100216,262,100123,362,100306,100,100053,100,100308,100,99999,100,100352,100,99978,100,100521,100,99970,100,100655,100,99963,100,100854,100,99962,100,100865,100,99961,100
2019-06-28 09:41:40.000000000,100152,590,100140,590,100173,100,100136,300,100216,100,100123,200,100306,100,100053,100,100308,100,99999,100,100352,100,99978,100,100521,100,99970,100,100655,100,99963,100,100854,100,99962,100,100865,100,99961,100
2019-06-28 09:41:50.000000000,100152,267,100140,267,100173,262,100136,462,100216,262,100123,362,100306,100,100053,100,100308,100,99999,100,100352,100,99978,100,100521,100,99970,100,100655,100,99963,100,100854,100,99962,100,100865,100,99961,100
2019-06-28 09:42:00.000000000,100152,590,100140,590,100173,100,100136,300,100216,100,100123,200,100306,100,100053,100,100308,100,99999,100,100352,100,99978,100,100521,100,99970,100,100655,100,99963,100,100854,100,99962,100,100865,100,99961,100
2019-06-28 09:42:10.000000000,100152,345,100140,345,100173,345,100136,545,100216,100,100123,200,100306,100,100053,100,100308,100,99999,100,100352,100,99978,100,100521,100,99970,100,100655,100,99963,100,100854,100,99962,100,100865,100,99961,100
2019-06-28 09:42:20.000000000,100152,590,100140,590,100173,100,100136,300,100216,100,100123,200,100306,100,100053,100,100308,100,99999,100,100352,100,99978,100,100521,100,99970,100,100655,100,99963,100,100854,100,99962,100,100865,100,99961,100
2019-06-28 09:42:20.986379344,100152,590,100140,590,100173,100,100136,300,100216,100,100123,200,100306,100,100053,100,100308,100,99978,100,100352,100,99970,100,100521,100,99963,100,100539,100,99962,100,100655,100,99961,100,100854,100,99924,200
2019-06-28 09:42:30.000000000,100152,222,100140,222,100173,222,100136,422,100216,222,100123,322,100306,222,100053,222,100308,100,99978,100,100352,100,99970,100,100521,100,99963,100,100539,100,99962,100,100655,100,99961,100,100854,100,99924,200
2019-06-28 09:42:40.000000000,100152,222,100140,222,100173,222,100136,422,100216,222,100123,322,100306,222,100053,222,100308,100,99978,100,100352,100,99970,100,100521,100,99963,100,100539,100,99962,100,100655,100,99961,100,100854,100,99924,200
2019-06-28 09:42:50.000000000,100152,222,100140,222,100173,222,100136,422,100216,222,100123,322,100306,222,100053,222,100308,100,99978,100,100352,100,99970,100,100521,100,99963,100,100539,100,99962,100,100655,100,99961,100,100854,100,99924,200
2019-06-28 09:42:50.845701798,100152,222,100140,222,100173,222,100136,422,100216,222,100123,322,100306,222,100053,222,100308,100,99978,100,100352,100,99970,100,100521,100,99963,100,100539,100,99962,100,100655,100,99961,100,100673,100,99924,200
2019-06-28 09:43:00.000000000,100152,198,100140,198,100173,198,100136,398,100216,198,100123,298,100306,198,100053,198,100308,198,99978,198,100352,100,99970,100,100521,100,99963,100,100539,100,99962,100,100655,100,99961,100,100673,100,99924,200
2019-06-28 09:43:02.512417774,100152,198,100140,298,100173,198,100136,398,100216,198,100123,298,100306,198,100053,198,100308,198,99978,198,100352,100,99970,100,100521,100,99963,100,100539,100,99962,100,100655,100,99961,100,100673,100,99924,200
2019-06-28 09:43:02.871221164,100152,198,100140,298,100173,198,100136,398,100216,198,100123,298,100306,198,100053,198,100308,198,99978,198,100521,100,99970,100,100539,100,99963,100,100655,100,99962,100,100673,100,99961,100,100801,100,99924,200
2019-06-28 09:43:10.000000000,100152,267,100140,367,100173,262,100136,462,100216,262,100123,362,100306,100,100053,100,100308,100,99978,100,100521,100,99970,100,100539,100,99963,100,100655,100,99962,100,100673,100,99961,100,100801,100,99924,200
2019-06-28 09:43:11.541784650,100152,267,100140,467,100173,262,100136,362,100216,262,100123,362,100306,100,100053,100,100308,100,99978,100,100521,100,99970,100,100539,100,99963,100,100655,100,99962,100,100673,100,99961,100,100801,100,99924,200
2019-06-28 09:43:16.386554450,100152,167,100140,467,100173,262,100136,362,100216,262,100123,362,100306,100,100053,100,100308,100,99978,100,100521,100,99970,100,100539,100,99963,100,100655,100,99962,100,100673,100,99961,100,100801,100,99924,200
2019-06-28 09:43:20.000000000,100173,222,100140,422,100216,222,100136,322,100306,222,100123,322,100308,222,100053,222,100521,100,99978,100,100539,100,99970,100,100655,100,99963,100,100673,100,99962,100,100801,100,99961,100,100854,100,99924,200
2019-06-28 09:43:25.286441033,100173,122,100140,422,100216,222,100136,322,100306,222,100123,322,100308,222,100053,222,100521,100,99978,100,100539,100,99970,100,100655,100,99963,100,100673,100,99962,100,100801,100,99961,100,100854,100,99924,200
2019-06-28 09:43:27.288049841,100173,122,100140,422,100216,222,100136,322,100306,222,100123,322,100308,222,100053,222,100441,100,99978,100,100521,100,99970,100,100539,100,99963,100,100655,100,99962,100,100673,100,99961,100,100801,100,99924,200
2019-06-28 09:43:28.019834341,100173,22,100140,422,100216,222,100136,322,100306,222,100123,322,100308,222,100053,222,100441,100,99978,100,100521,100,99970,100,100539,100,99963,100,100655,100,99962,100,100673,100,99961,100,100801,100,99924,200
2019-06-28 09:43:30.000000000,100216,345,100140,545,100306,345,100136,445,100308,100,100123,200,100441,100,100053,100,100521,100,99978,100,100539,100,99970,100,100655,100,99963,100,100673,100,99962,100,100801,100,99961,100,100854,100,99924,200
2019-06-28 09:43:40.000000000,100216,590,100140,790,100306,100,100136,200,100308,100,100123,200,100441,100,100053,100,100521,100,99978,100,100539,100,99970,100,100655,100,99963,100,100673,100,99962,100,100801,100,99961,100,100854,100,99924,200
2019-06-28 09:43:42.761290047,100216,590,100140,790,100306,100,100136,200,100308,100,100123,200,100441,100,100053,100,100521,100,99978,100,100539,100,99970,100,100582,100,99963,100,100655,100,99962,100,100673,100,99961,100,100801,100,99924,200
2019-06-28 09:43:50.000000000,100216,267,100140,467,100306,262,100136,362,100308,262,100123,362,100441,100,100053,100,100521,100,99978,100,100539,100,99970,100,100582,100,99963,100,100655,100,99962,100,100673,100,99961,100,100801,100,99924,200
2019-06-28 09:44:00.000000000,100216,590,100140,790,100306,100,100136,200,100308,100,100123,200,100441,100,100053,100,100521,100,99978,100,100539,100,99970,100,100582,100,99963,100,100655,100,99962,100,100673,100,99961,100,100801,100,99924,200
2019-06-28 09:44:10.000000000,100216,345,100140,545,100306,345,100136,445,100308,100,100123,200,100441,100,100053,100,100521,100,99978,100,100539,100,99970,100,100582,100,99963,100,100655,100,99962,100,100673,100,99961,100,100801,100,99924,200
2019-06-28 09:44:11.308297932,100216,345,100140,545,100287,100,100136,445,100306,345,100123,200,100308,100,100053,100,100441,100,99978,100,100521,100,99970,100,100539,100,99963,100,100582,100,99962,100,100655,100,99961,100,100673,100,99924,200
2019-06-28 09:44:18.341016319,100216,345,100140,445,100287,100,100136,445,100306,345,100123,200,100308,100,100053,100,100441,100,99978,100,100521,100,99970,100,100539,100,99963,100,100582,100,99962,100,100655,100,99961,100,100673,100,99924,200
2019-06-28 09:44:20.000000000,100216,222,100140,322,100287,222,100136,322,100306,222,100123,322,100308,222,100053,222,100441,100,99978,100,100521,100,99970,100,100539,100,99963,100,100582,100,99962,100,100655,100,99961,100,100673,100,99924,200
2019-06-28 09:44:24.719758624,100216,222,100140,322,100246,100,100136,322,100287,222,100123,322,100306,222,100053,222,100308,222,99978,100,100441,100,99970,100,100521,100,99963,100,100539,100,99962,100,100582,100,99961,100,100655,100,99924,200
2019-06-28 09:44:30.000000000,100216,267,100140,367,100246,262,100136,362,100287,262,100123,362,100306,100,100053,100,100308,100,99978,100,100441,100,99970,100,100521,100,99963,100,100539,100,99962,100,100582,100,99961,100,100655,100,99924,200
2019-06-28 09:44:36.479586517,100216,267,100140,267,100246,262,100136,362,100287,262,100123,362,100306,100,100053,100,100308,100,99978,100,100441,100,99970,100,100521,100,99963,100,100539,100,99962,100,100582,100,99961,100,100655,100,99924,200
2019-06-28 09:44:40.000000000,100216,345,100140,345,100246,345,100136,445,100287,100,100123,200,100306,100,100053,100,100308,100,99978,100,100441,100,99970,100,100521,100,99963,100,100539,100,99962,100,100582,100,99961,100,100655,100,99924,200
2019-06-28 09:44:45.285000935,100216,345,100140,345,100246,345,100136,345,100287,100,100123,200,100306,100,100053,100,100308,100,99978,100,100441,100,99970,100,100521,100,99963,100,100539,100,99962,100,100582,100,99961,100,100655,100,99924,200
2019-06-28 09:44:50.000000000,100216,590,100140,590,100246,100,100136,100,100287,100,100123,200,100306,100,100053,100,100308,100,99978,100,100441,100,99970,100,100521,100,99963,100,100539,100,99962,100,100582,100,99961,100,100655,100,99924,200
2019-06-28 09:44:52.252880080,100216,590,100140,590,100246,100,100136,100,100287,100,100123,200,100306,100,100116,100,100441,100,100053,100,100521,100,99978,100,100539,100,99970,100,100582,100,99963,100,100655,100,99962,100,100673,100,99961,100
2019-06-28 09:45:00.000000000,100216,590,100140,590,100246,100,100136,100,100287,100,100123,200,100306,100,100116,100,100441,100,100053,100,100521,100,99978,100,100539,100,99970,100,100582,100,99963,100,100655,100,99962,100,100673,100,99961,100
2019-06-28 09:45:10.000000000,100216,222,100140,222,100246,222,100136,222,100287,222,100123,322,100306,222,100116,222,100441,100,100053,100,100521,100,99978,100,100539,100,99970,100,100582,100,99963,100,100655,100,99962,100,100673,100,99961,100
2019-06-28 09:45:20.000000000,100216,345,100140,345,100246,345,100136,345,100287,100,100123,200,100306,100,100116,100,100441,100,100053,100,100521,100,99978,100,100539,100,99970,100,100582,100,99963,100,100655,100,99962,100,100673,100,99961,100
2019-06-28 09:45:20.781696704,100216,345,100141,100,100246,345,100140,345,100287,100,100136,345,100306,100,100123,100,100441,100,100116,100,100521,100,100053,100,100539,100,99978,100,100582,100,99970,100,100655,100,99963,100,100673,100,99962,100
2019-06-28 09:45:30.000000000,100216,222,100141,222,100246,222,100140,222,100287,222,100136,222,100306,222,100123,222,100441,100,100116,100,100521,100,100053,100,100539,100,99978,100,100582,100,99970,100,100655,100,99963,100,100673,100,99962,100
2019-06-28 09:45:37.880105889,100216,222,100141,222,100246,222,100140,222,100287,222,100136,222,100306,222,100123,222,100441,100,100116,100,100521,100,100053,100,100539,100,99978,100,100582,100,99970,100,100655,100,99963,100,100673,100,99962,200
2019-06-28 09:45:40.000000000,100216,267,100141,267,100246,262,100140,262,100287,262,100136,262,100306,100,100123,100,100441,100,100116,100,100521,100,100053,100,100539,100,99978,100,100582,100,99970,100,100655,100,99963,100,100673,100,99962,200
2019-06-28 09:45:50.000000000,100216,345,100141,345,100246,345,100140,345,100287,100,100136,100,100306,100,100123,100,100441,100,100116,100,100521,100,100053,100,100539,100,99978,100,100582,100,99970,100,100655,100,99963,100,100673,100,99962,200
2019-06-28 09:45:58.963265335,100216,345,100141,245,100246,345,100140,345,100287,100,100136,100,100306,100,100123,100,100521,100,100116,100,100539,100,100053,100,100582,100,99978,100,100655,100,99970,100,100673,100,99963,100,100801,100,99962,200
2019-06-28 09:46:00.000000000,100216,222,100140,222,100246,222,100136,222,100287,222,100123,222,100306,222,100116,222,100521,100,100053,100,100539,100,99978,100,100582,100,99970,100,100655,100,99963,100,100673,100,99962,200,100801,100,99961,100
2019-06-28 09:46:10.000000000,100216,222,100140,222,100246,222,100136,222,100287,222,100123,222,100306,222,100116,222,100521,100,100053,100,100539,100,99978,100,100582,100,99970,100,100655,100,99963,100,100673,100,99962,200,100801,100,99961,100
2019-06-28 09:46:12.565960823,100216,222,100140,122,100246,222,100136,222,100287,222,100123,222,100306,222,100116,222,100521,100,100053,100,100539,100,99978,100,100582,100,99970,100,100655,100,99963,100,100673,100,99962,200,100801,100,99961,100
2019-06-28 09:46:20.000000000,100216,590,100136,590,100246,100,100123,100,100287,100,100116,100,100306,100,100053,100,100521,100,99978,100,100539,100,99970,100,100582,100,99963,100,100655,100,99962,200,100673,100,99961,100,100801,100,99924,200
2019-06-28 09:46:25.985707020,100216,590,100136,590,100246,100,100123,100,100287,100,100116,100,100306,100,100053,100,100521,100,99978,100,100539,100,99970,100,100582,100,99963,100,100673,100,99962,200,100801,100,99961,100,100854,100,99924,200
2019-06-28 09:46:30.000000000,100216,590,100136,590,100246,100,100123,100,100287,100,100116,100,100306,100,100053,100,100521,100,99978,100,100539,100,99970,100,100582,100,99963,100,100673,100,99962,200,100801,100,99961,100,100854,100,99924,200
2019-06-28 09:46:38.387536992,100216,590,100136,490,100246,100,100123,100,100287,100,100116,100,100306,100,100053,100,100521,100,99978,100,100539,100,99970,100,100582,100,99963,100,100673,100,99962,200,100801,100,99961,100,100854,100,99924,200
2019-06-28 09:46:38.680878884,100140,100,100136,490,100216,590,100123,100,100246,100,100116,100,100287,100,100053,100,100306,100,99978,100,100521,100,99970,100,100539,100,99963,100,100582,100,99962,200,100673,100,99961,100,100801,100,99924,200
2019-06-28 09:46:40.000000000,100140,590,100123,590,100216,100,100116,100,100246,100,100053,100,100287,100,99978,100,100306,100,99970,100,100521,100,99963,100,100539,100,99962,200,100582,100,99961,100,100673,100,99924,200,100801,100,99900,100
2019-06-28 09:46:50.000000000,100140,345,100123,345,100216,345,100116,345,100246,100,100053,100,100287,100,99978,100,100306,100,99970,100,100521,100,99963,100,100539,100,99962,200,100582,100,99961,100,100673,100,99924,200,100801,100,99900,100
2019-06-28 09:47:00.000000000,100140,198,100123,198,100216,198,100116,198,100246,198,100053,198,100287,198,99978,198,100306,198,99970,198,100521,100,99963,100,100539,100,99962,200,100582,100,99961,100,100673,100,99924,200,100801,100,99900,100
2019-06-28 09:47:02.539064780,100140,198,100123,98,100216,198,100116,198,100246,198,100053,198,100287,198,99978,198,100306,198,99970,198,100521,100,99963,100,100539,100,99962,200,100582,100,99961,100,100673,100,99924,200,100801,100,99900,100
2019-06-28 09:47:02.633641027,100140,198,100123,98,100216,198,100116,198,100246,198,100053,198,100287,198,99978,198,100306,198,99970,198,100521,100,99963,100,100539,100,99962,200,100582,100,99961,100,100673,100,99924,200,100801,100,99900,100
2019-06-28 09:47:08.461641266,100123,2,100116,198,100140,198,100053,198,100216,198,99978,198,100246,198,99970,198,100287,198,99963,100,100306,198,99962,100,100521,100,99961,100,100539,100,99924,200,100582,100,99900,100,100673,100,99877,100
2019-06-28 09:47:10.000000000,100123,247,100116,345,100140,345,100053,345,100216,100,99978,100,100246,100,99970,100,100287,100,99963,100,100306,100,99962,100,100521,100,99961,100,100539,100,99924,200,100582,100,99900,100,100673,100,99877,100
2019-06-28 09:47:17.326109498,100123,247,100116,245,100140,345,100053,345,100216,100,99978,100,100246,100,99970,100,100287,100,99963,100,100306,100,99962,100,100521,100,99961,100,100539,100,99924,200,100582,100,99900,100,100673,100,99877,100
2019-06-28 09:47:20.000000000,100123,169,100053,267,100140,262,99978,262,100216,262,99970,262,100246,100,99963,100,100287,100,99962,100,100306,100,99961,100,100521,100,99924,200,100539,100,99900,100,100582,100,99877,100,100673,100,99845,100
2019-06-28 09:47:30.000000000,100123,100,100053,198,100140,198,99978,198,100216,198,99970,198,100246,198,99963,198,100287,198,99962,198,100306,100,99961,100,100521,100,99924,200,100539,100,99900,100,100582,100,99877,100,100673,100,99845,100
2019-06-28 09:47:34.028000030,100123,100,100053,98,100140,198,99978,198,100216,198,99970,198,100246,198,99963,198,100287,198,99962,198,100306,100,99924,200,100521,100,99900,100,100539,100,99877,100,100582,100,99845,100,100673,100,99812,100
2019-06-28 09:47:39.957747005,100116,100,100053,98,100123,100,99978,98,100140,198,99970,198,100216,198,99963,198,100246,198,99962,198,100287,198,99924,200,100306,100,99900,100,100521,100,99877,100,100539,100,99845,100,100582,100,99812,100
2019-06-28 09:47:40.000000000,100116,345,99970,345,100123,247,99963,345,100140,100,99962,100,100216,100,99924,200,100246,100,99900,100,100287,100,99877,100,100306,100,99845,100,100521,100,99812,100,100539,100,99786,100,100582,100,99784,100
2019-06-28 09:47:50.000000000,100116,590,99970,590,100123,2,99963,100,100140,100,99962,100,100216,100,99924,200,100246,100,99900,100,100287,100,99877,100,100306,100,99845,100,100521,100,99812,100,100539,100,99786,100,100582,100,99784,100
2019-06-28 09:47:53.904612599,100116,590,100054,100,100123,2,99970,590,100140,100,99963,100,100216,100,99962,100,100246,100,99924,200,100287,100,99900,100,100306,100,99877,100,100521,100,99845,100,100539,100,99812,100,100582,100,99786,100
2019-06-28 09:48:00.000000000,100116,222,100054,222,100123,124,99970,222,100140,222,99963,222,100216,222,99962,222,100246,100,99924,200,100287,100,99900,100,100306,100,99877,100,100521,100,99845,100,100539,100,99812,100,100582,100,99786,100
2019-06-28 09:48:02.717830130,100116,122,100054,222,100123,124,99970,222,100140,222,99963,222,100216,222,99962,222,100246,100,99924,200,100287,100,99900,100,100306,100,99877,100,100521,100,99845,100,100539,100,99812,100,100582,100,99786,100
2019-06-28 09:48:10.000000000,100123,247,100054,345,100140,345,99970,345,100216,100,99963,100,100246,100,99962,100,100287,100,99924,200,100306,100,99900,100,100521,100,99877,100,100539,100,99845,100,100582,100,99812,100,100673,100,99786,100
2019-06-28 09:48:10.477319825,100123,247,100054,445,100140,345,99970,345,100216,100,99963,100,100246,100,99962,100,100287,100,99924,200,100306,100,99900,100,100521,100,99877,100,100539,100,99845,100,100582,100,99812,100,100673,100,99786,100
2019-06-28 09:48:13.761706810,100123,247,100054,445,100140,345,99970,345,100166,100,99963,100,100216,100,99962,100,100246,100,99924,200,100287,100,99900,100,100306,100,99877,100,100521,100,99845,100,100539,100,99812,100,100582,100,99786,100
2019-06-28 09:48:20.000000000,100123,124,100054,322,100140,222,99970,222,100166,222,99963,222,100216,222,99962,222,100246,100,99924,200,100287,100,99900,100,100306,100,99877,100,100521,100,99845,100,100539,100,99812,100,100582,100,99786,100
2019-06-28 09:48:25.549242434,100123,124,100054,222,100140,222,99970,222,100166,222,99963,222,100216,222,99962,222,100246,100,99924,200,100287,100,99900,100,100306,100,99877,100,100521,100,99845,100,100539,100,99812,100,100582,100,99786,100
2019-06-28 09:48:26.647828877,100123,124,100054,122,100140,222,99970,222,100166,222,99963,222,100216,222,99962,222,100246,100,99924,200,100287,100,99900,100,100306,100,99877,100,100521,100,99845,100,100539,100,99812,100,100582,100,99784,100
2019-06-28 09:48:30.000000000,100123,492,99970,590,100140,100,99963,100,100166,100,99962,100,100216,100,99924,200,100246,100,99900,100,100287,100,99877,100,100306,100,99845,100,100521,100,99812,100,100539,100,99784,100,100582,100,99735,100
2019-06-28 09:48:40.000000000,100123,169,99970,267,100140,262,99963,262,100166,262,99962,262,100216,100,99924,200,100246,100,99900,100,100287,100,99877,100,100306,100,99845,100,100521,100,99812,100,100539,100,99784,100,100582,100,99735,100
2019-06-28 09:48:44.679462392,100123,169,99970,167,100140,262,99963,262,100166,262,99962,262,100216,100,99924,200,100246,100,99900,100,100287,100,99877,100,100306,100,99845,100,100521,100,99812,100,100539,100,99784,100,100582,100,99735,100
2019-06-28 09:48:50.000000000,100123,247,99963,345,100140,345,99962,345,100166,100,99924,200,100216,100,99900,100,100246,100,99877,100,100287,100,99845,100,100306,100,99812,100,100521,100,99784,100,100539,100,99735,100,100582,100,,
2019-06-28 09:48:52.625169879,100123,247,99963,245,100140,345,99962,345,100166,100,99924,200,100216,100,99900,100,100246,100,99877,100,100287,100,99845,100,100306,100,99812,100,100521,100,99784,100,100539,100,99735,100,100582,100,,
2019-06-28 09:49:00.000000000,100123,124,99962,222,100140,222,99924,322,100166,222,99900,222,100216,222,99877,222,100246,100,99845,100,100287,100,99812,100,100306,100,99784,100,100521,100,99735,100,100539,100,,,100582,100,,
2019-06-28 09:49:01.219931877,100123,124,99962,122,100140,222,99924,322,100166,222,99900,222,100216,222,99877,222,100246,100,99845,100,100287,100,99812,100,100306,100,99784,100,100521,100,99735,100,100539,100,99599,100,100582,100,,
2019-06-28 09:49:10.000000000,100123,492,99924,690,100140,100,99900,100,100166,100,99877,100,100216,100,99845,100,100246,100,99812,100,100287,100,99784,100,100306,100,99735,100,100521,100,99599,100,100539,100,,,100582,100,,
2019-06-28 09:49:12.251502472,100123,492,99924,590,100140,100,99900,100,100166,100,99877,100,100216,100,99845,100,100246,100,99812,100,100287,100,99784,100,100306,100,99735,100,100521,100,99599,100,100539,100,,,100582,100,,
2019-06-28 09:49:20.000000000,100123,492,99924,590,100140,100,99900,100,100166,100,99877,100,100216,100,99845,100,100246,100,99812,100,100287,100,99784,100,100306,100,99735,100,100521,100,99599,100,100539,100,,,100582,100,,
2019-06-28 09:49:22.867164367,100123,492,99924,490,100140,100,99900,100,100166,100,99877,100,100216,100,99845,100,100246,100,99812,100,100287,100,99784,100,100306,100,99735,100,100521,100,99599,100,100539,100,,,100582,100,,
2019-06-28 09:49:27.368593180,100123,492,99924,490,100140,100,99900,100,100166,100,99877,100,100216,100,99845,100,100246,100,99812,100,100287,100,99784,100,100521,100,99735,100,100539,100,99650,100,100582,100,99599,100,100673,100,,
2019-06-28 09:49:30.000000000,100123,169,99900,267,100140,262,99877,262,100166,262,99845,262,100216,100,99812,100,100246,100,99784,100,100287,100,99735,100,100521,100,99650,100,100539,100,99599,100,100582,100,,,100673,100,,
2019-06-28 09:49:40.000000000,100123,492,99900,590,100140,100,99877,100,100166,100,99845,100,100216,100,99812,100,100246,100,99784,100,100287,100,99735,100,100521,100,99650,100,100539,100,99599,100,100582,100,,,100673,100,,
2019-06-28 09:49:47.043373496,100079,100,99900,590,100123,492,99877,100,100140,100,99845,100,100166,100,99812,100,100216,100,99784,100,100246,100,99735,100,100287,100,99650,100,100521,100,99599,100,100539,100,,,100582,100,,
2019-06-28 09:49:50.000000000,100079,590,99900,590,100123,2,99877,100,100140,100,99845,100,100166,100,99812,100,100216,100,99784,100,100246,100,99735,100,100287,100,99650,100,100521,100,99599,100,100539,100,,,100582,100,,
2019-06-28 09:50:00.000000000,100079,198,99900,198,100123,100,99877,198,100140,198,99845,198,100166,198,99812,198,100216,198,99784,198,100246,100,99735,100,100287,100,99650,100,100521,100,99599,100,100539,100,,,100582,100,,
2019-06-28 09:50:09.286406348,100079,198,99900,198,100123,100,99877,198,100140,198,99845,198,100166,198,99812,198,100216,198,99793,100,100246,100,99784,198,100287,100,99735,100,100521,100,99650,100,100539,100,99599,100,100582,100,,
2019-06-28 09:50:10.000000000,100079,590,99900,590,100123,2,99877,100,100140,100,99845,100,100166,100,99812,100,100216,100,99793,100,100246,100,99784,100,100287,100,99735,100,100521,100,99650,100,100539,100,99599,100,100582,100,,
2019-06-28 09:50:20.000000000,100079,590,99900,590,100123,2,99877,100,100140,100,99845,100,100166,100,99812,100,100216,100,99793,100,100246,100,99784,100,100287,100,99735,100,100521,100,99650,100,100539,100,99599,100,100582,100,,
2019-06-28 09:50:30.000000000,100079,198,99900,198,100123,100,99877,198,100140,198,99845,198,100166,198,99812,198,100216,198,99793,198,100246,100,99784,100,100287,100,99735,100,100521,100,99650,100,100539,100,99599,100,100582,100,,
2019-06-28 09:50:40.000000000,100079,345,99900,345,100123,247,99877,345,100140,100,99845,100,100166,100,99812,100,100216,100,99793,100,100246,100,99784,100,100287,100,99735,100,100521,100,99650,100,100539,100,99599,100,100582,100,,
2019-06-28 09:50:45.809819920,100079,345,99900,345,100123,247,99877,345,100140,100,99845,100,100166,100,99812,100,100216,100,99793,100,100246,100,99784,100,100287,100,99735,100,100539,100,99697,100,100582,100,99650,100,100673,100,99599,100
2019-06-28 09:50:50.000000000,100079,222,99900,222,100123,124,99877,222,100140,222,99845,222,100166,222,99812,222,100216,100,99793,100,100246,100,99784,100,100287,100,99735,100,100539,100,99697,100,100582,100,99650,100,100673,100,99599,100
2019-06-28 09:50:51.123081280,99962,100,99900,222,100079,222,99877,222,100123,124,99845,222,100140,222,99812,222,100166,222,99793,100,100216,100,99784,100,100246,100,99735,100,100287,100,99697,100,100539,100,99650,100,100582,100,99599,100
2019-06-28 09:51:00.000000000,99962,345,99900,345,100079,345,99877,345,100123,2,99845,100,100140,100,99812,100,100166,100,99793,100,100216,100,99784,100,100246,100,99735,100,100287,100,99697,100,100539,100,99650,100,100582,100,99599,100
2019-06-28 09:51:04.082053587,99962,345,99900,345,100079,345,99888,100,100123,2,99877,345,100140,100,99845,100,100166,100,99812,100,100216,100,99793,100,100246,100,99784,100,100287,100,99735,100,100539,100,99697,100,100582,100,99650,100
2019-06-28 09:51:08.080511508,99962,345,99900,245,100079,345,99888,100,100123,2,99877,345,100140,100,99845,100,100166,100,99812,100,100216,100,99793,100,100246,100,99784,100,100287,100,99735,100,100539,100,99697,100,100582,100,99650,100
2019-06-28 09:51:10.000000000,99962,198,99888,198,100079,198,99877,198,100123,100,99845,198,100140,198,99812,198,100166,198,99793,198,100216,100,99784,100,100246,100,99735,100,100287,100,99697,100,100539,100,99650,100,100582,100,99599,100
2019-06-28 09:51:20.000000000,99962,198,99888,198,100079,198,99877,198,100123,100,99845,198,100140,198,99812,198,100166,198,99793,198,100216,100,99784,100,100246,100,99735,100,100287,100,99697,100,100539,100,99650,100,100582,100,99599,100
2019-06-28 09:51:25.366323045,99962,98,99888,198,100079,198,99877,198,100123,100,99845,198,100140,198,99812,198,100166,198,99793,198,100216,100,99784,100,100246,100,99735,100,100287,100,99697,100,100539,100,99650,100,100582,100,99599,100
2019-06-28 09:51:30.000000000,100079,198,99888,198,100123,100,99877,198,100140,198,99845,198,100166,198,99812,198,100216,198,99793,198,100246,100,99784,100,100287,100,99735,100,100539,100,99697,100,100582,100,99650,100,100673,100,99599,100
2019-06-28 09:51:40.000000000,100079,198,99888,198,100123,100,99877,198,100140,198,99845,198,100166,198,99812,198,100216,198,99793,198,100246,100,99784,100,100287,100,99735,100,100539,100,99697,100,100582,100,99650,100,100673,100,99599,100
2019-06-28 09:51:50.000000000,100079,590,99888,590,100123,2,99877,100,100140,100,99845,100,100166,100,99812,100,100216,100,99793,100,100246,100,99784,100,100287,100,99735,100,100539,100,99697,100,100582,100,99650,100,100673,100,99599,100
2019-06-28 09:52:00.000000000,100079,590,99888,590,100123,2,99877,100,100140,100,99845,100,100166,100,99812,100,100216,100,99793,100,100246,100,99784,100,100287,100,99735,100,100539,100,99697,100,100582,100,99650,100,100673,100,99599,100
2019-06-28 09:52:10.000000000,100079,590,99888,590,100123,2,99877,100,100140,100,99845,100,100166,100,99812,100,100216,100,99793,100,100246,100,99784,100,100287,100,99735,100,100539,100,99697,100,100582,100,99650,100,100673,100,99599,100
2019-06-28 09:52:14.787222518,100079,590,99888,490,100123,2,99877,100,100140,100,99845,100,100166,100,99812,100,100216,100,99793,100,100287,100,99784,100,100539,100,99735,100,100582,100,99697,100,100673,100,99650,100,100801,100,99599,100
2019-06-28 09:52:20.000000000,100079,345,99877,345,100123,247,99845,345,100140,100,99812,100,100166,100,99793,100,100216,100,99784,100,100287,100,99735,100,100539,100,99697,100,100582,100,99650,100,100673,100,99599,100,100801,100,,
2019-06-28 09:52:22.666069429,99970,100,99877,345,100079,345,99845,345,100123,247,99812,100,100140,100,99793,100,100166,100,99784,100,100216,100,99735,100,100287,100,99697,100,100539,100,99650,100,100582,100,99599,100,100673,100,,
2019-06-28 09:52:30.000000000,99970,198,99877,198,100079,198,99845,198,100123,100,99812,198,100140,198,99793,198,100166,198,99784,198,100216,100,99735,100,100287,100,99697,100,100539,100,99650,100,100582,100,99599,100,100673,100,,
2019-06-28 09:52:30.879793977,99970,198,99877,198,100079,198,99846,100,100123,100,99845,198,100140,198,99812,198,100166,198,99793,198,100216,100,99784,198,100287,100,99735,100,100539,100,99697,100,100582,100,99650,100,100673,100,99599,100
2019-06-28 09:52:32.982909276,99970,198,99889,100,100079,198,99877,198,100123,100,99846,100,100140,198,99845,198,100166,198,99812,198,100216,100,99793,198,100287,100,99784,198,100539,100,99735,100,100582,100,99697,100,100673,100,99650,100
2019-06-28 09:52:40.000000000,99970,267,99889,267,100079,262,99877,262,100123,164,99846,262,100140,100,99845,100,100166,100,99812,100,100216,100,99793,100,100287,100,99784,100,100539,100,99735,100,100582,100,99697,100,100673,100,99650,100
2019-06-28 09:52:48.626257799,99970,267,99889,267,100079,262,99877,262,100123,164,99846,262,100140,100,99845,100,100166,100,99812,100,100216,100,99793,100,100287,100,99786,100,100539,100,99784,100,100582,100,99735,100,100673,100,99697,100
2019-06-28 09:52:50.000000000,99970,222,99889,222,100079,222,99877,222,100123,124,99846,222,100140,222,99845,222,100166,100,99812,100,100216,100,99793,100,100287,100,99786,100,100539,100,99784,100,100582,100,99735,100,100673,100,99697,100
2019-06-28 09:53:00.000000000,99970,198,99889,198,100079,198,99877,198,100123,100,99846,198,100140,198,99845,198,100166,198,99812,198,100216,100,99793,100,100287,100,99786,100,100539,100,99784,100,100582,100,99735,100,100673,100,99697,100
2019-06-28 09:53:10.000000000,99970,222,99889,222,100079,222,99877,222,100123,124,99846,222,100140,222,99845,222,100166,100,99812,100,100216,100,99793,100,100287,100,99786,100,100539,100,99784,100,100582,100,99735,100,100673,100,99697,100
2019-06-28 09:53:20.000000000,99970,590,99889,590,100079,100,99877,100,100123,2,99846,100,100140,100,99845,100,100166,100,99812,100,100216,100,99793,100,100287,100,99786,100,100539,100,99784,100,100582,100,99735,100,100673,100,99697,100
2019-06-28 09:53:30.000000000,99970,198,99889,198,100079,198,99877,198,100123,100,99846,198,100140,198,99845,198,100166,198,99812,198,100216,100,99793,100,100287,100,99786,100,100539,100,99784,100,100582,100,99735,100,100673,100,99697,100
2019-06-28 09:53:30.854129167,99970,198,99889,198,100079,198,99877,198,100123,100,99846,198,100140,198,99845,198,100166,198,99812,198,100216,100,99793,100,100287,100,99784,100,100539,100,99735,100,100582,100,99697,100,100673,100,99650,100
2019-06-28 09:53:31.551491046,99970,198,99889,198,100079,198,99877,198,100123,100,99846,198,100140,198,99845,198,100166,198,99812,198,100216,100,99793,100,100539,100,99784,100,100582,100,99735,100,100673,100,99697,100,100854,100,99650,100
2019-06-28 09:53:40.000000000,99970,590,99889,590,100079,100,99877,100,100123,2,99846,100,100140,100,99845,100,100166,100,99812,100,100216,100,99793,100,100539,100,99784,100,100582,100,99735,100,100673,100,99697,100,100854,100,99650,100
2019-06-28 09:53:48.635692587,99970,590,99889,590,100079,100,99877,100,100123,2,99846,100,100140,100,99845,100,100166,100,99812,100,100216,100,99793,100,100539,100,99784,100,100582,100,99735,100,100673,100,99697,100,100854,100,99650,100
2019-06-28 09:53:50.000000000,99970,267,99889,267,100079,262,99877,262,100123,164,99846,262,100140,100,99845,100,100166,100,99812,100,100216,100,99793,100,100539,100,99784,100,100582,100,99735,100,100673,100,99697,100,100854,100,99650,100
2019-06-28 09:54:00.000000000,99970,590,99889,590,100079,100,99877,100,100123,2,99846,100,100140,100,99845,100,100166,100,99812,100,100216,100,99793,100,100539,100,99784,100,100582,100,99735,100,100673,100,99697,100,100854,100,99650,100
2019-06-28 09:54:10.000000000,99970,222,99889,222,100079,222,99877,222,100123,124,99846,222,100140,222,99845,222,100166,100,99812,100,100216,100,99793,100,100539,100,99784,100,100582,100,99735,100,100673,100,99697,100,100854,100,99650,100
2019-06-28 09:54:20.000000000,99970,198,99889,198,100079,198,99877,198,100123,100,99846,198,100140,198,99845,198,100166,198,99812,198,100216,100,99793,100,100539,100,99784,100,100582,100,99735,100,100673,100,99697,100,100854,100,99650,100
2019-06-28 09:54:30.000000000,99970,198,99889,198,100079,198,99877,198,100123,100,99846,198,100140,198,99845,198,100166,198,99812,198,100216,100,99793,100,100539,100,99784,100,100582,100,99735,100,100673,100,99697,100,100854,100,99650,100
2019-06-28 09:54:33.940377388,99970,198,99889,198,100079,198,99877,198,100123,100,99846,198,100140,198,99845,198,100166,198,99812,198,100216,100,99793,100,100539,100,99784,100,100582,100,99735,100,100673,100,99697,100,100854,100,99650,100
2019-06-28 09:54:40.000000000,99970,222,99889,222,100079,222,99877,222,100123,124,99846,222,100140,222,99845,222,100166,100,99812,100,100216,100,99793,100,100539,100,99784,100,100582,100,99735,100,100673,100,99697,100,100854,100,99650,100
2019-06-28 09:54:50.000000000,99970,590,99889,590,100079,100,99877,100,100123,2,99846,100,100140,100,99845,100,100166,100,99812,100,100216,100,99793,100,100539,100,99784,100,100582,100,99735,100,100673,100,99697,100,100854,100,99650,100
2019-06-28 09:55:00.000000000,99970,198,99889,198,100079,198,99877,198,100123,100,99846,198,100140,198,99845,198,100166,198,99812,198,100216,100,99793,100,100539,100,99784,100,100582,100,99735,100,100673,100,99697,100,100854,100,99650,100
2019-06-28 09:55:00.413148644,99961,100,99889,198,99970,198,99877,198,100079,198,99846,198,100123,100,99845,198,100140,198,99812,198,100166,198,99793,100,100216,100,99784,100,100539,100,99735,100,100582,100,99697,100,100673,100,99650,100
2019-06-28 09:55:04.234663551,99961,100,99889,198,99970,198,99877,198,99987,100,99846,198,100079,198,99845,198,100123,100,99812,198,100140,198,99793,100,100166,198,99784,100,100216,100,99735,100,100539,100,99697,100,100582,100,99650,100
2019-06-28 09:55:10.000000000,99961,198,99889,198,99970,198,99877,198,99987,198,99846,198,100079,198,99845,198,100123,100,99812,198,100140,100,99793,100,100166,100,99784,100,100216,100,99735,100,100539,100,99697,100,100582,100,99650,100
2019-06-28 09:55:18.576590884,99961,198,99891,100,99970,198,99889,198,99987,198,99877,198,100079,198,99846,198,100123,100,99845,198,100140,100,99812,198,100166,100,99793,100,100216,100,99784,100,100539,100,99735,100,100582,100,99697,100
2019-06-28 09:55:20.000000000,99961,222,99891,222,99970,222,99889,222,99987,222,99877,222,100079,222,99846,222,100123,2,99845,100,100140,100,99812,100,100166,100,99793,100,100216,100,99784,100,100539,100,99735,100,100582,100,99697,100
2019-06-28 09:55:23.230966463,99961,322,99891,222,99970,222,99889,222,99987,222,99877,222,100079,222,99846,222,100123,2,99845,100,100140,100,99812,100,100166,100,99793,100,100216,100,99784,100,100539,100,99735,100,100582,100,99697,100
2019-06-28 09:55:30.000000000,99961,367,99891,267,99970,262,99889,262,99987,262,99877,262,100079,100,99846,100,100123,2,99845,100,100140,100,99812,100,100166,100,99793,100,100216,100,99784,100,100539,100,99735,100,100582,100,99697,100
2019-06-28 09:55:37.660275665,99961,367,99891,267,99970,262,99889,262,99987,262,99877,262,100079,100,99846,100,100123,2,99845,100,100140,100,99812,100,100166,100,99793,100,100216,100,99784,100,100539,100,99697,100,100582,100,99650,100
2019-06-28 09:55:40.000000000,99961,322,99891,222,99970,222,99889,222,99987,222,99877,222,100079,222,99846,222,100123,2,99845,100,100140,100,99812,100,100166,100,99793,100,100216,100,99784,100,100539,100,99697,100,100582,100,99650,100
2019-06-28 09:55:50.000000000,99961,445,99891,345,99970,345,99889,345,99987,100,99877,100,100079,100,99846,100,100123,2,99845,100,100140,100,99812,100,100166,100,99793,100,100216,100,99784,100,100539,100,99697,100,100582,100,99650,100
2019-06-28 09:56:00.000000000,99961,445,99891,345,99970,345,99889,345,99987,100,99877,100,100079,100,99846,100,100123,2,99845,100,100140,100,99812,100,100166,100,99793,100,100216,100,99784,100,100539,100,99697,100,100582,100,99650,100
2019-06-28 09:56:10.000000000,99961,322,99891,222,99970,222,99889,222,99987,222,99877,222,100079,222,99846,222,100123,2,99845,100,100140,100,99812,100,100166,100,99793,100,100216,100,99784,100,100539,100,99697,100,100582,100,99650,100
2019-06-28 09:56:20.000000000,99961,322,99891,222,99970,222,99889,222,99987,222,99877,222,100079,222,99846,222,100123,2,99845,100,100140,100,99812,100,100166,100,99793,100,100216,100,99784,100,100539,100,99697,100,100582,100,99650,100
2019-06-28 09:56:22.354260868,99961,422,99891,222,99970,222,99889,122,99987,222,99877,222,100079,222,99846,222,100123,2,99845,100,100140,100,99812,100,100166,100,99793,100,100216,100,99784,100,100539,100,99697,100,100582,100,99650,100
2019-06-28 09:56:30.000000000,99961,467,99891,267,99970,262,99877,262,99987,262,99846,262,100079,100,99845,100,100123,2,99812,100,100140,100,99793,100,100166,100,99784,100,100216,100,99697,100,100539,100,99650,100,100582,100,99628,100
2019-06-28 09:56:32.247704450,99961,467,99891,167,99970,262,99877,262,99987,262,99846,262,100079,100,99845,100,100123,2,99812,100,100140,100,99793,100,100166,100,99784,100,100216,100,99697,100,100539,100,99650,100,100582,100,99628,100
2019-06-28 09:56:36.528790702,99961,467,99891,167,99970,262,99877,262,99987,262,99846,262,100079,100,99845,100,100123,2,99812,100,100140,100,99793,100,100166,100,99784,100,100216,100,99729,100,100539,100,99697,100,100582,100,99650,100
2019-06-28 09:56:40.000000000,99961,422,99877,222,99970,222,99846,222,99987,222,99845,222,100079,222,99812,222,100123,2,99793,100,100140,100,99784,100,100166,100,99729,100,100216,100,99697,100,100539,100,99650,100,100582,100,99628,100
2019-06-28 09:56:44.739950806,99961,422,99877,222,99970,222,99846,222,99987,222,99845,222,100079,222,99836,100,100123,2,99812,222,100140,100,99793,100,100166,100,99784,100,100216,100,99729,100,100539,100,99697,100,100582,100,99650,100
2019-06-28 09:56:50.000000000,99961,790,99877,590,99970,100,99846,100,99987,100,99845,100,100079,100,99836,100,100123,2,99812,100,100140,100,99793,100,100166,100,99784,100,100216,100,99729,100,100539,100,99697,100,100582,100,99650,100
2019-06-28 09:56:51.628179218,99961,790,99877,590,99970,100,99846,100,99987,100,99845,100,100079,100,99836,100,100123,2,99812,100,100140,100,99793,100,100166,100,99784,100,100216,100,99729,100,100539,100,99697,100,100582,100,99650,100
2019-06-28 09:57:00.000000000,99961,790,99877,590,99970,100,99846,100,99987,100,99845,100,100079,100,99836,100,100123,2,99812,100,100140,100,99793,100,100166,100,99784,100,100216,100,99729,100,100539,100,99697,100,100582,100,99650,100
2019-06-28 09:57:00.708783582,99891,100,99877,590,99961,790,99846,100,99970,100,99845,100,99987,100,99836,100,100079,100,99812,100,100123,2,99793,100,100140,100,99784,100,100166,100,99729,100,100216,100,99697,100,100539,100,99650,100
2019-06-28 09:57:10.000000000,99891,222,99877,222,99961,422,99846,222,99970,222,99845,222,99987,222,99836,222,100079,100,99812,100,100123,2,99793,100,100140,100,99784,100,100166,100,99729,100,100216,100,99697,100,100539,100,99650,100
2019-06-28 09:57:15.626706539,99891,222,99877,222,99961,422,99846,222,99970,222,99845,222,99987,222,99836,222,100079,100,99812,100,100123,2,99784,100,100140,100,99729,100,100166,100,99697,100,100216,100,99650,100,100539,100,99628,100
2019-06-28 09:57:18.465301709,99891,222,99877,122,99961,422,99846,222,99970,222,99845,122,99987,222,99836,222,100079,100,99812,100,100123,2,99784,100,100140,100,99729,100,100166,100,99697,100,100216,100,99650,100,100539,100,99628,100
2019-06-28 09:57:20.000000000,99891,345,99846,345,99961,545,99836,345,99970,100,99812,100,99987,100,99784,100,100079,100,99729,100,100123,2,99697,100,100140,100,99650,100,100166,100,99628,100,100216,100,99599,100,100539,100,99574,100
2019-06-28 09:57:29.497515614,99891,345,99846,345,99961,545,99836,345,99970,100,99812,100,99987,100,99784,100,100079,100,99729,100,100123,2,99697,100,100140,100,99650,100,100166,100,99628,100,100216,100,99599,100,100539,100,99574,100
2019-06-28 09:57:30.000000000,99891,345,99846,345,99961,545,99836,345,99970,100,99812,100,99987,100,99784,100,100079,100,99729,100,100123,2,99697,100,100140,100,99650,100,100166,100,99628,100,100216,100,99599,100,100539,100,99574,100
2019-06-28 09:57:40.000000000,99891,222,99846,222,99961,422,99836,222,99970,222,99812,222,99987,222,99784,222,100079,100,99729,100,100123,2,99697,100,100140,100,99650,100,100166,100,99628,100,100216,100,99599,100,100539,100,99574,100
2019-06-28 09:57:50.000000000,99891,267,99846,267,99961,462,99836,262,99970,262,99812,262,99987,100,99784,100,100079,100,99729,100,100123,2,99697,100,100140,100,99650,100,100166,100,99628,100,100216,100,99599,100,100539,100,99574,100
2019-06-28 09:57:59.059889473,99891,267,99846,267,99961,462,99836,262,99970,262,99812,262,99987,100,99784,100,100079,100,99729,100,100123,2,99697,100,100140,100,99650,100,100166,100,99628,100,100216,100,99599,100,100539,100,99574,100
2019-06-28 09:58:00.000000000,99891,198,99846,198,99961,398,99836,198,99970,198,99812,198,99987,198,99784,198,100079,198,99729,198,100123,2,99697,100,100140,100,99650,100,100166,100,99628,100,100216,100,99599,100,100539,100,99574,100
2019-06-28 09:58:00.385092627,99891,198,99846,198,99961,398,99836,198,99970,198,99812,198,99987,198,99784,198,100079,98,99729,198,100123,2,99697,100,100140,100,99650,100,100166,100,99628,100,100216,100,99599,100,100539,100,99574,100
2019-06-28 09:58:10.000000000,99891,345,99846,345,99961,545,99836,345,99970,100,99812,100,99987,100,99784,100,100123,2,99729,100,100140,100,99697,100,100166,100,99650,100,100216,100,99628,100,100539,100,99599,100,100582,100,99574,100
2019-06-28 09:58:15.673135535,99890,100,99846,345,99891,345,99836,345,99961,545,99812,100,99970,100,99784,100,99987,100,99729,100,100123,2,99697,100,100140,100,99650,100,100166,100,99628,100,100216,100,99599,100,100539,100,99574,100
2019-06-28 09:58:20.000000000,99890,590,99846,590,99891,100,99836,100,99961,300,99812,100,99970,100,99784,100,99987,100,99729,100,100123,2,99697,100,100140,100,99650,100,100166,100,99628,100,100216,100,99599,100,100539,100,99574,100
2019-06-28 09:58:27.144988764,99890,690,99846,590,99891,100,99836,100,99961,300,99812,100,99970,100,99784,100,99987,100,99729,100,100123,2,99697,100,100140,100,99650,100,100166,100,99628,100,100216,100,99599,100,100539,100,99574,100
2019-06-28 09:58:30.000000000,99890,298,99846,198,99891,198,99836,198,99961,398,99812,198,99970,198,99784,198,99987,198,99729,198,100123,2,99697,100,100140,100,99650,100,100166,100,99628,100,100216,100,99599,100,100539,100,99574,100
2019-06-28 09:58:40.000000000,99890,445,99846,345,99891,345,99836,345,99961,300,99812,100,99970,100,99784,100,99987,100,99729,100,100123,2,99697,100,100140,100,99650,100,100166,100,99628,100,100216,100,99599,100,100539,100,99574,100
2019-06-28 09:58:44.793557289,99890,445,99846,245,99891,345,99836,345,99961,300,99812,100,99970,100,99784,100,99987,100,99729,100,100123,2,99697,100,100140,100,99650,100,100166,100,99628,100,100216,100,99599,100,100539,100,99574,100
2019-06-28 09:58:50.000000000,99890,367,99836,267,99891,262,99812,262,99961,462,99784,262,99970,100,99729,100,99987,100,99697,100,100123,2,99650,100,100140,100,99628,100,100166,100,99599,100,100216,100,99574,100,100539,100,99564,100
2019-06-28 09:59:00.000000000,99890,445,99836,345,99891,345,99812,345,99961,300,99784,100,99970,100,99729,100,99987,100,99697,100,100123,2,99650,100,100140,100,99628,100,100166,100,99599,100,100216,100,99574,100,100539,100,99564,100
2019-06-28 09:59:00.528893544,99890,445,99836,345,99891,345,99812,345,99961,300,99784,100,99987,100,99729,100,100123,2,99697,100,100140,100,99650,100,100166,100,99628,100,100216,100,99599,100,100539,100,99574,100,100582,100,99564,100
2019-06-28 09:59:10.000000000,99890,690,99836,590,99891,100,99812,100,99961,300,99784,100,99987,100,99729,100,100123,2,99697,100,100140,100,99650,100,100166,100,99628,100,100216,100,99599,100,100539,100,99574,100,100582,100,99564,100
2019-06-28 09:59:15.986282274,99890,690,99836,590,99891,100,99812,100,99961,300,99784,100,99987,100,99729,100,100123,2,99697,100,100140,100,99650,100,100166,100,99628,100,100216,100,99599,100,100539,100,99574,100,100582,100,99564,100
2019-06-28 09:59:16.030411989,99890,690,99836,590,99891,100,99812,100,99961,300,99784,100,99987,100,99729,100,100123,2,99697,100,100140,100,99650,100,100166,100,99628,100,100216,100,99599,100,100539,100,99574,100,100582,100,99564,100
2019-06-28 09:59:20.000000000,99890,322,99836,222,99891,222,99812,222,99961,422,99784,222,99987,222,99729,222,100123,2,99697,100,100140,100,99650,100,100166,100,99628,100,100216,100,99599,100,100539,100,99574,100,100582,100,99564,100
2019-06-28 09:59:26.705386222,99890,322,99836,222,99891,222,99812,222,99961,422,99784,222,99987,222,99729,222,100123,2,99697,100,100140,100,99650,100,100166,100,99628,100,100216,100,99605,100,100539,100,99599,100,100582,100,99574,100
2019-06-28 09:59:30.000000000,99890,690,99836,590,99891,100,99812,100,99961,300,99784,100,99987,100,99729,100,100123,2,99697,100,100140,100,99650,100,100166,100,99628,100,100216,100,99605,100,100539,100,99599,100,100582,100,99574,100
2019-06-28 09:59:40.000000000,99890,322,99836,222,99891,222,99812,222,99961,422,99784,222,99987,222,99729,222,100123,2,99697,100,100140,100,99650,100,100166,100,99628,100,100216,100,99605,100,100539,100,99599,100,100582,100,99574,100
2019-06-28 09:59:50.000000000,99890,445,99836,345,99891,345,99812,345,99961,300,99784,100,99987,100,99729,100,100123,2,99697,100,100140,100,99650,100,100166,100,99628,100,100216,100,99605,100,100539,100,99599,100,100582,100,99574,100
2019-06-28 09:59:56.578968513,99877,100,99836,345,99890,345,99812,345,99891,345,99784,100,99961,300,99729,100,99987,100,99697,100,100123,2,99650,100,100140,100,99628,100,100166,100,99605,100,100216,100,99599,100,100539,100,99574,100
2019-06-28 09:59:56.826953465,99877,100,99836,245,99890,345,99812,345,99891,345,99784,100,99961,300,99729,100,99987,100,99697,100,100123,2,99650,100,100140,100,99628,100,100166,100,99605,100,100216,100,99599,100,100539,100,99574,100
2019-06-28 10:00:00.000000000,99877,222,99812,222,99890,222,99784,222,99891,222,99729,222,99961,422,99697,222,99987,100,99650,100,100123,2,99628,100,100140,100,99605,100,100166,100,99599,100,100216,100,99574,100,100539,100,99564,100
2019-06-28 10:00:06.452532699,99877,222,99812,122,99890,222,99784,222,99891,222,99729,222,99961,422,99697,222,99987,100,99650,100,100123,2,99628,100,100140,100,99605,100,100166,100,99599,100,100216,100,99574,100,100539,100,99564,100
2019-06-28 10:00:07.942158049,99846,100,99812,122,99877,222,99784,222,99890,222,99729,222,99891,222,99697,222,99961,422,99650,100,99987,100,99628,100,100123,2,99605,100,100140,100,99599,100,100166,100,99574,100,100216,100,99564,100
2019-06-28 10:00:08.391881116,99846,100,99812,122,99877,222,99784,222,99890,222,99729,222,99891,222,99697,222,99961,422,99650,100,99987,100,99628,100,100123,2,99605,100,100140,100,99574,100,100166,100,99564,100,100216,100,99326,100
2019-06-28 10:00:10.000000000,99846,222,99784,222,99877,222,99729,222,99890,222,99697,222,99891,222,99650,222,99961,300,99628,100,99987,100,99605,100,100123,2,99574,100,100140,100,99564,100,100166,100,99326,100,100216,100,99296,100
2019-06-28 10:00:20.000000000,99846,267,99784,267,99877,262,99729,262,99890,262,99697,262,99891,100,99650,100,99961,300,99628,100,99987,100,99605,100,100123,2,99574,100,100140,100,99564,100,100166,100,99326,100,100216,100,99296,100
2019-06-28 10:00:30.000000000,99846,590,99784,590,99877,100,99729,100,99890,100,99697,100,99891,100,99650,100,99961,300,99628,100,99987,100,99605,100,100123,2,99574,100,100140,100,99564,100,100166,100,99326,100,100216,100,99296,100
2019-06-28 10:00:33.723133532,99846,590,99784,590,99859,100,99729,100,99877,100,99697,100,99890,100,99650,100,99891,100,99628,100,99961,300,99605,100,99987,100,99574,100,100123,2,99564,100,100140,100,99326,100,100166,100,99296,100
2019-06-28 10:00:39.015826685,99846,590,99784,590,99859,100,99729,100,99890,100,99697,100,99891,100,99650,100,99961,300,99628,100,99987,100,99605,100,100123,2,99574,100,100140,100,99564,100,100166,100,99326,100,100216,100,99296,100
2019-06-28 10:00:40.000000000,99846,198,99784,198,99859,198,99729,198,99890,198,99697,198,99891,198,99650,198,99961,398,99628,198,99987,100,99605,100,100123,2,99574,100,100140,100,99564,100,100166,100,99326,100,100216,100,99296,100
2019-06-28 10:00:50.000000000,99846,267,99784,267,99859,262,99729,262,99890,262,99697,262,99891,100,99650,100,99961,300,99628,100,99987,100,99605,100,100123,2,99574,100,100140,100,99564,100,100166,100,99326,100,100216,100,99296,100
2019-06-28 10:01:00.000000000,99846,345,99784,345,99859,345,99729,345,99890,100,99697,100,99891,100,99650,100,99961,300,99628,100,99987,100,99605,100,100123,2,99574,100,100140,100,99564,100,100166,100,99326,100,100216,100,99296,100
2019-06-28 10:01:09.468913734,99846,345,99784,245,99859,345,99729,345,99890,100,99697,100,99891,100,99650,100,99961,300,99628,100,99987,100,99605,100,100123,2,99574,100,100140,100,99564,100,100166,100,99326,100,100216,100,99296,100
2019-06-28 10:01:10.000000000,99846,345,99729,345,99859,345,99697,345,99890,100,99650,100,99891,100,99628,100,99961,300,99605,100,99987,100,99574,100,100123,2,99564,100,100140,100,99326,100,100166,100,99296,100,100216,100,99268,100
2019-06-28 10:01:13.466416318,99846,345,99813,100,99859,345,99729,345,99890,100,99697,345,99891,100,99650,100,99961,300,99628,100,99987,100,99605,100,100123,2,99574,100,100140,100,99564,100,100166,100,99326,100,100216,100,99296,100
2019-06-28 10:01:18.218761981,99838,100,99813,100,99846,345,99729,345,99859,345,99697,345,99890,100,99650,100,99891,100,99628,100,99961,300,99605,100,99987,100,99574,100,100123,2,99564,100,100140,100,99326,100,100166,100,99296,100
2019-06-28 10:01:20.000000000,99838,222,99813,222,99846,222,99729,222,99859,222,99697,222,99890,222,99650,222,99891,100,99628,100,99961,300,99605,100,99987,100,99574,100,100123,2,99564,100,100140,100,99326,100,100166,100,99296,100
2019-06-28 10:01:28.097043011,99838,222,99813,222,99846,222,99729,222,99859,222,99697,222,99890,222,99650,122,99891,100,99628,100,99961,300,99605,100,99987,100,99574,100,100123,2,99564,100,100140,100,99452,100,100166,100,99326,100
2019-06-28 10:01:30.000000000,99838,590,99813,590,99846,100,99729,100,99859,100,99697,100,99890,100,99628,100,99891,100,99605,100,99961,300,99574,100,99987,100,99564,100,100123,2,99452,100,100140,100,99326,100,100166,100,99296,100
2019-06-28 10:01:36.042886967,99838,590,99813,490,99846,100,99729,100,99859,100,99697,100,99890,100,99628,100,99891,100,99605,100,99961,300,99574,100,99987,100,99564,100,100123,2,99452,100,100140,100,99326,100,100166,100,99296,100
2019-06-28 10:01:40.000000000,99838,198,99729,198,99846,198,99697,198,99859,198,99628,198,99890,198,99605,198,99891,198,99574,198,99961,300,99564,100,99987,100,99452,100,100123,2,99326,100,100140,100,99296,100,100166,100,99268,100
2019-06-28 10:01:50.000000000,99838,198,99729,198,99846,198,99697,198,99859,198,99628,198,99890,198,99605,198,99891,198,99574,198,99961,300,99564,100,99987,100,99452,100,100123,2,99326,100,100140,100,99296,100,100166,100,99268,100
2019-06-28 10:01:55.843946011,99838,198,99729,198,99846,198,99697,198,99859,198,99628,198,99890,198,99605,198,99891,198,99574,198,99961,300,99564,100,99987,100,99452,100,100123,2,99442,100,100140,100,99326,100,100166,100,99296,100
2019-06-28 10:02:00.000000000,99838,590,99729,590,99846,100,99697,100,99859,100,99628,100,99890,100,99605,100,99891,100,99574,100,99961,300,99564,100,99987,100,99452,100,100123,2,99442,100,100140,100,99326,100,100166,100,99296,100
2019-06-28 10:02:10.000000000,99838,590,99729,590,99846,100,99697,100,99859,100,99628,100,99890,100,99605,100,99891,100,99574,100,99961,300,99564,100,99987,100,99452,100,100123,2,99442,100,100140,100,99326,100,100166,100,99296,100
2019-06-28 10:02:16.205027939,99838,590,99729,490,99846,100,99697,100,99859,100,99628,100,99890,100,99605,100,99891,100,99574,100,99961,300,99564,100,99987,100,99452,100,100123,2,99442,100,100140,100,99326,100,100166,100,99296,100
2019-06-28 10:02:20.000000000,99838,198,99697,198,99846,198,99628,198,99859,198,99605,198,99890,198,99574,198,99891,198,99564,198,99961,300,99452,100,99987,100,99442,100,100123,2,99326,100,100140,100,99296,100,100166,100,99268,100
2019-06-28 10:02:30.000000000,99838,345,99697,345,99846,345,99628,345,99859,100,99605,100,99890,100,99574,100,99891,100,99564,100,99961,300,99452,100,99987,100,99442,100,100123,2,99326,100,100140,100,99296,100,100166,100,99268,100
2019-06-28 10:02:40.000000000,99838,222,99697,222,99846,222,99628,222,99859,222,99605,222,99890,222,99574,222,99891,100,99564,100,99961,300,99452,100,99987,100,99442,100,100123,2,99326,100,100140,100,99296,100,100166,100,99268,100
2019-06-28 10:02:40.057614615,99813,100,99697,222,99838,222,99628,222,99846,222,99605,222,99859,222,99574,222,99890,222,99564,100,99891,100,99452,100,99961,300,99442,100,99987,100,99326,100,100123,2,99296,100,100140,100,99268,100
2019-06-28 10:02:41.141426064,99838,222,99697,222,99846,222,99628,222,99859,222,99605,222,99890,222,99574,222,99891,100,99564,100,99961,300,99452,100,99987,100,99442,100,100123,2,99326,100,100140,100,99296,100,100166,100,99268,100
2019-06-28 10:02:50.000000000,99838,590,99697,590,99846,100,99628,100,99859,100,99605,100,99890,100,99574,100,99891,100,99564,100,99961,300,99452,100,99987,100,99442,100,100123,2,99326,100,100140,100,99296,100,100166,100,99268,100
2019-06-28 10:02:53.951963548,99838,590,99697,590,99846,100,99684,100,99859,100,99628,100,99890,100,99605,100,99891,100,99574,100,99961,300,99564,100,99987,100,99452,100,100123,2,99442,100,100140,100,99326,100,100166,100,99296,100
2019-06-28 10:03:00.000000000,99838,267,99697,267,99846,262,99684,262,99859,262,99628,262,99890,100,99605,100,99891,100,99574,100,99961,300,99564,100,99987,100,99452,100,100123,2,99442,100,100140,100,99326,100,100166,100,99296,100
2019-06-28 10:03:01.828815890,99838,267,99697,167,99846,262,99684,262,99859,262,99628,262,99890,100,99605,100,99891,100,99574,100,99961,300,99564,100,99987,100,99452,100,100123,2,99442,100,100140,100,99326,100,100166,100,99296,100
2019-06-28 10:03:04.197544297,99838,267,99713,100,99846,262,99697,167,99859,262,99684,262,99890,100,99628,262,99891,100,99605,100,99961,300,99574,100,99987,100,99564,100,100123,2,99452,100,100140,100,99442,100,100166,100,99326,100
2019-06-28 10:03:10.000000000,99838,345,99713,345,99846,345,99684,345,99859,100,99628,100,99890,100,99605,100,99891,100,99574,100,99961,300,99564,100,99987,100,99452,100,100123,2,99442,100,100140,100,99326,100,100166,100,99296,100
2019-06-28 10:03:12.495859523,99838,345,99713,345,99846,345,99684,345,99859,100,99628,100,99890,100,99605,100,99891,100,99574,100,99961,300,99564,100,99987,100,99452,100,100123,2,99442,100,100140,100,99355,100,100166,100,99326,100
2019-06-28 10:03:20.000000000,99838,590,99713,590,99846,100,99684,100,99859,100,99628,100,99890,100,99605,100,99891,100,99574,100,99961,300,99564,100,99987,100,99452,100,100123,2,99442,100,100140,100,99355,100,100166,100,99326,100
2019-06-28 10:03:21.277069769,99838,590,99713,490,99846,100,99684,100,99859,100,99605,100,99890,100,99574,100,99891,100,99564,100,99961,300,99452,100,99987,100,99442,100,100123,2,99355,100,100140,100,99326,100,100166,100,99296,100
2019-06-28 10:03:30.000000000,99838,345,99684,345,99846,345,99605,345,99859,100,99574,100,99890,100,99564,100,99891,100,99452,100,99961,300,99442,100,99987,100,99355,100,100123,2,99326,100,100140,100,99296,100,100166,100,99268,100
2019-06-28 10:03:30.961224009,99838,345,99684,245,99846,345,99605,345,99859,100,99574,100,99890,100,99564,100,99891,100,99452,100,99961,300,99442,100,99987,100,99355,100,100123,2,99326,100,100140,100,99296,100,100166,100,99268,100
2019-06-28 10:03:40.000000000,99838,590,99605,590,99846,100,99574,100,99859,100,99564,100,99890,100,99452,100,99891,100,99442,100,99961,300,99355,100,99987,100,99326,100,100123,2,99296,100,100140,100,99268,100,100166,100,99257,100
2019-06-28 10:03:50.000000000,99838,590,99605,590,99846,100,99574,100,99859,100,99564,100,99890,100,99452,100,99891,100,99442,100,99961,300,99355,100,99987,100,99326,100,100123,2,99296,100,100140,100,99268,100,100166,100,99257,100
2019-06-28 10:03:56.586021394,99838,590,99605,590,99846,100,99591,100,99859,100,99574,100,99890,100,99564,100,99891,100,99452,100,99961,300,99442,100,99987,100,99355,100,100123,2,99326,100,100140,100,99296,100,100166,100,99268,100
2019-06-28 10:04:00.000000000,99838,345,99605,345,99846,345,99591,345,99859,100,99574,100,99890,100,99564,100,99891,100,99452,100,99961,300,99442,100,99987,100,99355,100,100123,2,99326,100,100140,100,99296,100,100166,100,99268,100
2019-06-28 10:04:09.927234261,99838,345,99792,100,99846,345,99605,345,99859,100,99591,345,99890,100,99574,100,99891,100,99564,100,99961,300,99452,100,99987,100,99442,100,100123,2,99355,100,100140,100,99326,100,100166,100,99268,100
2019-06-28 10:04:10.000000000,99838,590,99792,590,99846,100,99605,100,99859,100,99591,100,99890,100,99574,100,99891,100,99564,100,99961,300,99452,100,99987,100,99442,100,100123,2,99355,100,100140,100,99326,100,100166,100,99268,100
2019-06-28 10:04:17.325152451,99838,590,99792,590,99846,100,99714,100,99859,100,99605,100,99890,100,99591,100,99891,100,99574,100,99961,300,99564,100,99987,100,99452,100,100123,2,99442,100,100140,100,99355,100,100166,100,99326,100
2019-06-28 10:04:20.000000000,99838,222,99792,222,99846,222,99714,222,99859,222,99605,222,99890,222,99591,222,99891,100,99574,100,99961,300,99564,100,99987,100,99452,100,100123,2,99442,100,100140,100,99355,100,100166,100,99326,100
2019-06-28 10:04:30.000000000,99838,590,99792,590,99846,100,99714,100,99859,100,99605,100,99890,100,99591,100,99891,100,99574,100,99961,300,99564,100,99987,100,99452,100,100123,2,99442,100,100140,100,99355,100,100166,100,99326,100
2019-06-28 10:04:33.039129595,99838,590,99792,590,99846,100,99714,200,99859,100,99605,100,99890,100,99591,100,99891,100,99574,100,99961,200,99564,100,99987,100,99452,100,100123,2,99442,100,100140,100,99355,100,100166,100,99326,100
2019-06-28 10:04:40.000000000,99838,345,99792,345,99846,345,99714,445,99859,100,99605,100,99890,100,99591,100,99891,100,99574,100,99961,200,99564,100,99987,100,99452,100,100123,2,99442,100,100140,100,99355,100,100166,100,99326,100
2019-06-28 10:04:50.000000000,99838,345,99792,345,99846,345,99714,445,99859,100,99605,100,99890,100,99591,100,99891,100,99574,100,99961,200,99564,100,99987,100,99452,100,100123,2,99442,100,100140,100,99355,100,100166,100,99326,100
2019-06-28 10:05:00.000000000,99838,222,99792,222,99846,222,99714,322,99859,222,99605,222,99890,222,99591,222,99891,100,99574,100,99961,200,99564,100,99987,100,99452,100,100123,2,99442,100,100140,100,99355,100,100166,100,99326,100
2019-06-28 10:05:10.000000000,99838,222,99792,222,99846,222,99714,322,99859,222,99605,222,99890,222,99591,222,99891,100,99574,100,99961,200,99564,100,99987,100,99452,100,100123,2,99442,100,100140,100,99355,100,100166,100,99326,100
2019-06-28 10:05:12.843264702,99838,222,99792,122,99846,222,99714,322,99859,222,99605,222,99890,222,99591,222,99891,100,99574,100,99961,200,99564,100,99987,100,99452,100,100123,2,99442,100,100140,100,99355,100,100166,100,99326,100
2019-06-28 10:05:20.000000000,99838,345,99714,445,99846,345,99605,345,99859,100,99591,100,99890,100,99574,100,99891,100,99564,100,99961,200,99452,100,99987,100,99442,100,100123,2,99355,100,100140,100,99326,100,100166,100,99268,100
2019-06-28 10:05:21.321393964,99838,345,99714,345,99846,345,99605,345,99859,100,99591,100,99890,100,99574,100,99891,100,99564,100,99961,200,99452,100,99987,100,99442,100,100123,2,99355,100,100140,100,99326,100,100166,100,99268,100
2019-06-28 10:05:30.000000000,99838,222,99714,222,99846,222,99605,222,99859,222,99591,222,99890,222,99574,222,99891,100,99564,100,99961,200,99452,100,99987,100,99442,100,100123,2,99355,100,100140,100,99326,100,100166,100,99268,100
2019-06-28 10:05:40.000000000,99838,345,99714,345,99846,345,99605,345,99859,100,99591,100,99890,100,99574,100,99891,100,99564,100,99961,200,99452,100,99987,100,99442,100,100123,2,99355,100,100140,100,99326,100,100166,100,99268,100
2019-06-28 10:05:48.028895490,99792,100,99714,345,99838,345,99605,345,99846,345,99591,100,99859,100,99574,100,99890,100,99564,100,99891,100,99452,100,99961,200,99442,100,99987,100,99355,100,100123,2,99326,100,100140,100,99268,100
2019-06-28 10:05:50.000000000,99792,198,99714,198,99838,198,99605,198,99846,198,99591,198,99859,198,99574,198,99890,198,99564,198,99891,100,99452,100,99961,200,99442,100,99987,100,99355,100,100123,2,99326,100,100140,100,99268,100
2019-06-28 10:06:00.000000000,99792,345,99714,345,99838,345,99605,345,99846,100,99591,100,99859,100,99574,100,99890,100,99564,100,99891,100,99452,100,99961,200,99442,100,99987,100,99355,100,100123,2,99326,100,100140,100,99268,100
2019-06-28 10:06:10.000000000,99792,222,99714,222,99838,222,99605,222,99846,222,99591,222,99859,222,99574,222,99890,100,99564,100,99891,100,99452,100,99961,200,99442,100,99987,100,99355,100,100123,2,99326,100,100140,100,99268,100
2019-06-28 10:06:17.613369459,99792,222,99714,122,99838,222,99605,222,99846,222,99591,222,99859,222,99574,222,99890,100,99564,100,99891,100,99452,100,99961,200,99442,100,99987,100,99355,100,100123,2,99326,100,100140,100,99268,100
2019-06-28 10:06:20.000000000,99792,222,99605,222,99838,222,99591,222,99846,222,99574,222,99859,222,99564,222,99890,100,99452,100,99891,100,99442,100,99961,200,99355,100,99987,100,99326,100,100123,2,99268,100,100140,100,99217,100
2019-06-28 10:06:29.194241737,99792,222,99605,222,99838,222,99591,222,99846,222,99574,222,99859,222,99564,222,99890,100,99452,100,99891,100,99442,100,99961,200,99355,100,99987,100,99268,100,100123,2,99249,100,100140,100,99217,100
2019-06-28 10:06:30.000000000,99792,267,99605,267,99838,262,99591,262,99846,262,99574,262,99859,100,99564,100,99890,100,99452,100,99891,100,99442,100,99961,200,99355,100,99987,100,99268,100,100123,2,99249,100,100140,100,99217,100
