,ask_price_1,ask_size_1,bid_price_1,bid_size_1,ask_price_2,ask_size_2,bid_price_2,bid_size_2,ask_price_3,ask_size_3,bid_price_3,bid_size_3,ask_price_4,ask_size_4,bid_price_4,bid_size_4,ask_price_5,ask_size_5,bid_price_5,bid_size_5,ask_price_6,ask_size_6,bid_price_6,bid_size_6,ask_price_7,ask_size_7,bid_price_7,bid_size_7,ask_price_8,ask_size_8,bid_price_8,bid_size_8,ask_price_9,ask_size_9,bid_price_9,bid_size_9,ask_price_10,ask_size_10,bid_price_10,bid_size_10
2019-06-28 09:30:00.000000001,99994,100,,,,,,,,,,,,,,,,,,,,,,,,,,,,,,,,,,,,,,
2019-06-28 09:30:00.000000002,99994,100,,,100094,100,,,,,,,,,,,,,,,,,,,,,,,,,,,,,,,,,,
2019-06-28 09:30:00.000000003,99994,100,,,100076,100,,,100082,100,,,100094,100,,,,,,,,,,,,,,,,,,,,,,,,,,
2019-06-28 09:30:00.000000006,99994,100,99962,100,100036,100,,,100076,100,,,100082,100,,,100094,100,,,,,,,,,,,,,,,,,,,,,,
2019-06-28 09:30:00.000000007,99994,100,99962,100,100036,100,99934,100,100076,100,,,100082,100,,,100094,100,,,,,,,,,,,,,,,,,,,,,,
2019-06-28 09:30:00.000000011,99994,100,99962,100,100036,100,99934,100,100076,100,99873,100,100082,100,,,100094,100,,,,,,,,,,,,,,,,,,,,,,
2019-06-28 09:30:00.000000013,99994,100,99962,100,100036,100,99934,100,100076,100,99873,100,100082,100,99764,100,100094,100,,,,,,,,,,,,,,,,,,,,,,
2019-06-28 09:30:00.000000014,99994,100,99962,100,100036,100,99934,100,100044,100,99873,100,100076,100,99764,100,100082,100,,,100094,100,,,,,,,,,,,,,,,,,,
2019-06-28 09:30:00.000000015,99963,100,99962,100,99994,100,99934,100,100036,100,99873,100,100044,100,99823,100,100076,100,99764,100,100082,100,,,100094,100,,,,,,,,,,,,,,
2019-06-28 09:30:00.000000017,99994,100,99962,100,100001,100,99934,100,100036,100,99873,100,100044,100,99823,100,100076,100,99764,100,100082,100,,,100093,100,,,100094,100,,,,,,,,,,
2019-06-28 09:30:00.000000018,99994,100,99962,100,100001,100,99934,100,100027,100,99873,100,100036,100,99823,100,100044,100,99764,100,100076,100,,,100082,100,,,100093,100,,,100094,100,,,,,,
2019-06-28 09:30:00.000000020,100001,100,99962,100,100027,100,99934,100,100036,100,99873,100,100044,100,99823,100,100076,100,99764,100,100082,100,,,100092,100,,,100093,100,,,100094,100,,,,,,
2019-06-28 09:30:00.000000021,100001,100,99962,100,100027,100,99934,100,100036,100,99901,100,100044,100,99873,100,100057,100,99823,100,100076,100,99764,100,100082,100,,,100092,100,,,100093,100,,,100094,100,,
2019-06-28 09:30:00.000000023,99995,100,99962,100,100001,100,99934,100,100027,100,99901,100,100036,100,99873,100,100044,100,99862,100,100057,100,99823,100,100076,100,99764,100,100082,100,,,100092,100,,,100093,100,,
2019-06-28 09:30:00.000000024,99995,100,99962,100,100001,100,99934,100,100027,100,99901,100,100036,100,99873,100,100044,100,99862,100,100057,100,99823,100,100060,100,99764,100,100076,100,,,100082,100,,,100092,100,,
2019-06-28 09:30:00.000000025,99995,100,99934,100,100001,100,99901,100,100027,100,99873,100,100036,100,99862,100,100044,100,99823,100,100057,100,99764,100,100060,100,,,100076,100,,,100082,100,,,100092,100,,
2019-06-28 09:30:00.000000028,99995,100,99962,100,100001,100,99934,100,100027,100,99901,100,100036,100,99873,100,100044,100,99862,100,100057,100,99823,100,100060,100,99764,100,100076,100,,,100082,100,,,100092,100,,
2019-06-28 09:30:00.000000029,99995,100,99962,100,100001,100,99934,100,100027,100,99901,100,100036,100,99873,100,100044,100,99862,100,100057,100,99823,100,100060,100,99817,100,100076,100,99764,100,100082,100,,,100092,100,,
2019-06-28 09:30:00.000000030,100001,100,99962,100,100027,100,99934,100,100036,100,99901,100,100044,100,99873,100,100057,100,99862,100,100060,100,99823,100,100076,100,99817,100,100082,100,99764,100,100092,100,,,100093,100,,
2019-06-28 09:30:00.000000036,100001,100,99963,100,100027,100,99962,100,100036,100,99934,100,100044,100,99901,100,100057,100,99873,100,100060,100,99862,100,100076,100,99823,100,100082,100,99817,100,100092,100,99764,100,100093,100,,
2019-06-28 09:30:00.000000037,99982,100,99963,100,100027,100,99962,100,100036,100,99934,100,100044,100,99924,100,100057,100,99901,100,100060,100,99873,100,100076,100,99862,100,100082,100,99823,100,100092,100,99817,100,100093,100,99764,100
2019-06-28 09:30:00.000000040,99982,100,99963,100,100001,100,99962,100,100027,100,99934,100,100036,100,99924,100,100044,100,99901,100,100057,100,99873,100,100060,100,99862,100,100076,100,99823,100,100082,100,99817,100,100092,100,99764,100
2019-06-28 09:30:00.000000041,99982,100,99963,100,100001,200,99962,100,100027,100,99934,100,100036,100,99924,100,100044,100,99901,100,100057,100,99873,100,100060,100,99862,100,100076,100,99823,100,100082,100,99817,100,100092,100,99764,100
2019-06-28 09:30:00.000000046,100001,200,99963,100,100027,100,99962,100,100036,100,99934,100,100044,100,99924,100,100057,100,99901,100,100060,100,99873,100,100076,100,99862,100,100082,100,99823,100,100092,100,99817,100,100093,100,99764,100
2019-06-28 09:30:00.000000047,100001,200,99972,100,100027,100,99963,100,100036,100,99962,100,100044,100,99934,100,100057,100,99924,100,100060,100,99901,100,100076,100,99873,100,100082,100,99862,100,100092,100,99823,100,100093,100,99817,100
2019-06-28 09:30:00.000000049,100001,200,99963,100,100027,100,99962,100,100036,100,99934,100,100044,100,99924,100,100057,100,99901,100,100060,100,99873,100,100076,100,99862,100,100082,100,99823,100,100092,100,99817,100,100093,100,99764,100
2019-06-28 09:30:00.000000050,100001,200,99963,100,100027,100,99962,100,100036,100,99948,100,100044,100,99934,100,100057,100,99924,100,100060,100,99901,100,100076,100,99873,100,100082,100,99862,100,100092,100,99823,100,100093,100,99817,100
2019-06-28 09:30:00.000000051,100001,200,99963,100,100027,100,99962,100,100036,100,99948,100,100044,100,99934,100,100057,100,99924,100,100060,100,99901,100,100076,100,99900,100,100082,100,99873,100,100092,100,99862,100,100093,100,99823,100
2019-06-28 09:30:00.000000052,100001,200,99976,100,100027,100,99963,100,100036,100,99962,100,100044,100,99948,100,100057,100,99934,100,100060,100,99924,100,100076,100,99901,100,100082,100,99900,100,100092,100,99873,100,100093,100,99862,100
2019-06-28 09:30:00.000000060,100001,100,99976,100,100027,100,99963,100,100036,100,99962,100,100044,100,99948,100,100057,100,99934,100,100060,100,99924,100,100076,100,99901,100,100082,100,99900,100,100092,100,99873,100,100093,100,99862,100
2019-06-28 09:30:00.000000062,100001,200,99976,100,100027,100,99963,100,100036,100,99962,100,100044,100,99948,100,100057,100,99934,100,100060,100,99924,100,100076,100,99901,100,100082,100,99900,100,100092,100,99873,100,100093,100,99862,100
2019-06-28 09:30:00.000000063,100001,200,99977,100,100027,100,99976,100,100036,100,99963,100,100044,100,99962,100,100057,100,99948,100,100060,100,99934,100,100076,100,99924,100,100082,100,99901,100,100092,100,99900,100,100093,100,99873,100
2019-06-28 09:30:00.000000066,99994,100,99977,100,100001,200,99976,100,100027,100,99963,100,100036,100,99962,100,100044,100,99948,100,100057,100,99934,100,100060,100,99924,100,100065,100,99901,100,100076,100,99900,100,100082,100,99873,100
2019-06-28 09:30:00.000000067,99994,100,99977,100,100001,200,99976,100,100027,100,99963,100,100036,100,99962,100,100044,100,99948,100,100057,100,99934,100,100060,100,99924,100,100065,100,99901,100,100076,100,99900,100,100082,100,99873,100
2019-06-28 09:30:00.000000068,99994,100,99977,100,100001,200,99976,100,100027,100,99963,100,100036,100,99962,100,100044,100,99948,100,100057,100,99934,100,100060,100,99924,100,100065,100,99901,100,100076,100,99900,100,100082,100,99873,100
2019-06-28 09:30:00.000000070,99994,100,99977,100,100001,200,99976,100,100027,100,99963,100,100036,100,99962,100,100044,100,99948,100,100056,100,99934,100,100057,100,99924,100,100060,100,99901,100,100065,100,99900,100,100075,100,99873,100
2019-06-28 09:30:00.000000074,99994,100,99977,100,100001,200,99976,100,100027,100,99963,100,100036,100,99962,100,100044,100,99948,100,100056,100,99934,100,100057,100,99924,100,100060,100,99901,100,100065,100,99900,100,100075,100,99873,100
2019-06-28 09:30:00.000000077,99994,100,99977,100,100001,200,99976,100,100027,100,99963,100,100036,100,99962,100,100044,100,99948,100,100056,100,99934,100,100057,200,99924,100,100060,100,99901,100,100065,100,99900,100,100075,100,99873,100
2019-06-28 09:30:00.000000078,99994,100,99977,200,100001,200,99976,100,100027,100,99963,100,100036,100,99962,100,100044,100,99948,100,100056,100,99934,100,100057,200,99924,100,100060,100,99901,100,100065,100,99900,100,100075,100,99873,100
2019-06-28 09:30:00.000000081,99994,100,99977,300,100001,200,99976,100,100027,100,99963,100,100036,100,99962,100,100044,100,99948,100,100056,100,99934,100,100057,200,99924,100,100060,100,99901,100,100065,100,99900,100,100075,100,99873,100
2019-06-28 09:30:00.000000083,99994,100,99977,300,100001,200,99976,100,100027,100,99969,100,100036,100,99963,100,100044,100,99962,100,100056,100,99948,100,100057,200,99934,100,100060,100,99924,100,100065,100,99901,100,100075,100,99900,100
2019-06-28 09:30:00.000000089,99994,100,99978,100,100001,200,99977,200,100027,100,99976,100,100036,100,99969,100,100044,100,99963,100,100056,100,99962,100,100057,200,99948,100,100060,100,99934,100,100065,100,99924,100,100075,100,99901,100
2019-06-28 09:30:00.000000091,100001,200,99978,100,100027,100,99977,200,100036,100,99976,100,100044,100,99969,100,100056,100,99963,100,100057,200,99962,100,100060,100,99948,100,100065,100,99934,100,100075,100,99924,100,100076,100,99901,100
2019-06-28 09:30:00.000000093,100001,100,99978,100,100027,100,99977,200,100036,100,99976,100,100044,100,99969,100,100056,100,99963,100,100057,200,99962,100,100060,100,99948,100,100065,100,99934,100,100075,100,99924,100,100076,100,99901,100
2019-06-28 09:30:00.000000094,100001,100,99978,100,100027,100,99977,200,100036,100,99976,100,100040,100,99969,100,100044,100,99963,100,100056,100,99962,100,100057,200,99948,100,100060,100,99941,100,100065,100,99934,100,100075,100,99924,100
2019-06-28 09:30:00.000000097,100027,100,99978,100,100036,100,99977,200,100040,100,99976,100,100044,100,99969,100,100056,100,99963,100,100057,200,99962,100,100060,100,99948,100,100065,100,99941,100,100075,100,99934,100,100076,100,99924,100
2019-06-28 09:30:00.000000099,100027,100,100001,100,100036,100,99978,100,100040,100,99977,200,100044,100,99976,100,100056,100,99969,100,100057,200,99963,100,100060,100,99962,100,100065,100,99948,100,100075,100,99941,100,100076,100,99934,100
2019-06-28 09:30:00.332590555,100027,100,100001,100,100036,100,99978,100,100040,100,99977,200,100044,100,99976,100,100056,100,99969,100,100057,200,99963,100,100060,100,99962,100,100065,100,99948,100,100075,100,99941,100,100076,100,99934,100
2019-06-28 09:30:10.000000000,100027,186,100001,186,100036,186,99978,186,100040,186,99977,286,100044,186,99976,186,100056,100,99969,100,100057,200,99963,100,100060,100,99962,100,100065,100,99948,100,100075,100,99941,100,100076,100,99934,100
2019-06-28 09:30:20.000000000,100027,442,100001,442,100036,100,99978,100,100040,100,99977,200,100044,100,99976,100,100056,100,99969,100,100057,200,99963,100,100060,100,99962,100,100065,100,99948,100,100075,100,99941,100,100076,100,99934,100
2019-06-28 09:30:28.548884372,100027,342,100001,442,100036,100,99978,100,100040,100,99977,200,100044,100,99976,100,100056,100,99969,100,100057,200,99963,100,100060,100,99962,100,100065,100,99948,100,100075,100,99941,100,100076,100,99934,100
2019-06-28 09:30:30.000000000,100036,271,100001,271,100040,271,99978,271,100044,100,99977,200,100056,100,99976,100,100057,200,99969,100,100060,100,99963,100,100065,100,99962,100,100075,100,99948,100,100076,100,99941,100,100082,100,99934,100
2019-06-28 09:30:39.504394727,100036,171,100001,271,100040,271,99978,271,100044,100,99977,200,100056,100,99976,100,100057,200,99969,100,100060,100,99963,100,100065,100,99962,100,100075,100,99948,100,100076,100,99941,100,100082,100,99934,100
2019-06-28 09:30:40.000000000,100040,442,100001,442,100044,100,99978,100,100056,100,99977,200,100057,200,99976,100,100060,100,99969,100,100065,100,99963,100,100075,100,99962,100,100076,100,99948,100,100082,100,99941,100,100092,100,99934,100
2019-06-28 09:30:50.000000000,100040,186,100001,186,100044,186,99978,186,100056,186,99977,286,100057,286,99976,186,100060,100,99969,100,100065,100,99963,100,100075,100,99962,100,100076,100,99948,100,100082,100,99941,100,100092,100,99934,100
2019-06-28 09:31:00.000000000,100040,168,100001,168,100044,168,99978,168,100056,168,99977,268,100057,268,99976,168,100060,168,99969,168,100065,100,99963,100,100075,100,99962,100,100076,100,99948,100,100082,100,99941,100,100092,100,99934,100
2019-06-28 09:31:10.000000000,100040,271,100001,271,100044,271,99978,271,100056,100,99977,200,100057,200,99976,100,100060,100,99969,100,100065,100,99963,100,100075,100,99962,100,100076,100,99948,100,100082,100,99941,100,100092,100,99934,100
2019-06-28 09:31:11.521118879,100040,171,100001,271,100044,271,99978,271,100056,100,99977,200,100057,200,99976,100,100060,100,99969,100,100065,100,99963,100,100075,100,99962,100,100076,100,99948,100,100092,100,99941,100,100093,100,99934,100
2019-06-28 09:31:13.848391562,100040,71,100001,271,100044,271,99978,271,100056,100,99977,200,100057,200,99976,100,100060,100,99969,100,100065,100,99963,100,100075,100,99962,100,100076,100,99948,100,100092,100,99941,100,100093,100,99934,100
2019-06-28 09:31:19.340117553,100044,271,100040,29,100056,100,100001,271,100057,200,99978,271,100060,100,99977,200,100065,100,99976,100,100075,100,99969,100,100076,100,99963,100,100092,100,99962,100,100093,100,99948,100,100094,100,99941,100
2019-06-28 09:31:19.382267914,100044,171,100040,29,100056,100,100001,271,100057,200,99978,271,100060,100,99977,200,100065,100,99976,100,100075,100,99969,100,100076,100,99963,100,100092,100,99962,100,100093,100,99948,100,100094,100,99941,100
2019-06-28 09:31:20.000000000,100056,186,100040,115,100057,286,100001,186,100060,186,99978,186,100065,186,99977,286,100075,100,99976,100,100076,100,99969,100,100092,100,99963,100,100093,100,99962,100,100094,100,99948,100,100099,100,99941,100
2019-06-28 09:31:30.000000000,100056,168,100040,97,100057,268,100001,168,100060,168,99978,168,100065,168,99977,268,100075,168,99976,168,100076,100,99969,100,100092,100,99963,100,100093,100,99962,100,100094,100,99948,100,100099,100,99941,100
2019-06-28 09:31:30.606671380,100056,68,100040,97,100057,268,100001,168,100060,68,99978,168,100065,168,99977,268,100075,168,99976,168,100076,100,99969,100,100092,100,99963,100,100093,100,99962,100,100094,100,99948,100,100099,100,99941,100
2019-06-28 09:31:33.982239645,100057,268,100056,32,100060,68,100040,97,100065,168,100001,168,100075,168,99978,168,100076,100,99977,268,100092,100,99976,168,100093,100,99969,100,100094,100,99963,100,100099,100,99962,100,100122,100,99948,100
2019-06-28 09:31:40.000000000,100057,542,100056,374,100065,100,100040,29,100075,100,100001,100,100076,100,99978,100,100092,100,99977,200,100093,100,99976,100,100094,100,99969,100,100099,100,99963,100,100122,100,99962,100,100125,100,99948,100
2019-06-28 09:31:40.598262808,100057,542,100056,374,100065,100,100040,29,100075,100,100001,100,100076,100,99978,100,100092,100,99977,200,100093,100,99976,100,100094,100,99969,100,100099,100,99963,100,100122,100,99962,100,100125,100,99948,100
2019-06-28 09:31:47.599744088,100057,442,100056,374,100065,100,100040,29,100075,100,100001,100,100076,100,99978,100,100092,100,99977,200,100093,100,99976,100,100094,100,99969,100,100099,100,99963,100,100122,100,99962,100,100125,100,99948,100
2019-06-28 09:31:50.000000000,100057,216,100056,148,100065,213,100040,142,100075,213,100001,213,100076,100,99978,100,100092,100,99977,200,100093,100,99976,100,100094,100,99969,100,100099,100,99963,100,100122,100,99962,100,100125,100,99948,100
2019-06-28 09:32:00.000000000,100057,271,100056,203,100065,271,100040,200,100075,100,100001,100,100076,100,99978,100,100092,100,99977,200,100093,100,99976,100,100094,100,99969,100,100099,100,99963,100,100122,100,99962,100,100125,100,99948,100
2019-06-28 09:32:10.000000000,100057,168,100056,100,100065,168,100040,97,100075,168,100001,168,100076,168,99978,168,100092,168,99977,268,100093,100,99976,100,100094,100,99969,100,100099,100,99963,100,100122,100,99962,100,100125,100,99948,100
2019-06-28 09:32:11.361761637,100057,168,100056,100,100065,168,100040,97,100073,100,100001,168,100075,168,99978,168,100076,168,99977,268,100092,168,99976,100,100093,100,99969,100,100094,100,99963,100,100099,100,99962,100,100122,100,99948,100
2019-06-28 09:32:11.990909218,100057,168,100056,100,100065,168,100040,97,100073,100,100001,168,100075,168,99978,168,100076,168,99977,268,100092,168,99976,100,100093,100,99969,100,100099,100,99963,100,100122,100,99962,100,100125,100,99948,100
2019-06-28 09:32:16.150415987,100057,68,100056,100,100065,168,100040,97,100073,100,100001,168,100075,168,99978,168,100076,168,99977,268,100092,168,99976,100,100093,100,99969,100,100099,100,99963,100,100122,100,99948,100,100125,100,99941,100
2019-06-28 09:32:20.000000000,100065,216,100056,148,100073,213,100040,142,100075,213,100001,213,100076,100,99978,100,100092,100,99977,200,100093,100,99976,100,100099,100,99969,100,100122,100,99963,100,100125,100,99948,100,100189,100,99941,100
2019-06-28 09:32:26.708874990,100065,216,100057,100,100073,213,100056,148,100075,213,100040,142,100076,100,100001,213,100092,100,99978,100,100093,100,99977,200,100099,100,99976,100,100122,100,99969,100,100125,100,99963,100,100189,100,99948,100
2019-06-28 09:32:26.818706248,100065,216,100057,200,100073,213,100056,148,100075,213,100040,142,100076,100,100001,213,100092,100,99978,100,100093,100,99977,200,100099,100,99976,100,100122,100,99969,100,100125,100,99963,100,100189,100,99948,100
2019-06-28 09:32:30.000000000,100065,442,100057,542,100073,100,100056,32,100075,100,100040,29,100076,100,100001,100,100092,100,99978,100,100093,100,99977,200,100099,100,99976,100,100122,100,99969,100,100125,100,99963,100,100189,100,99948,100
2019-06-28 09:32:40.000000000,100065,168,100057,268,100073,168,100056,100,100075,168,100040,97,100076,168,100001,168,100092,168,99978,168,100093,100,99977,200,100099,100,99976,100,100122,100,99969,100,100125,100,99963,100,100189,100,99948,100
2019-06-28 09:32:45.695899424,100065,168,100057,268,100073,168,100056,100,100075,168,100040,97,100076,168,100001,68,100092,168,99978,168,100093,100,99977,200,100099,100,99976,100,100122,100,99969,100,100125,100,99963,100,100189,100,99948,100
2019-06-28 09:32:46.723728500,100065,168,100057,368,100073,168,100056,100,100075,168,100040,97,100076,168,100001,68,100092,168,99978,168,100093,100,99977,200,100099,100,99976,100,100122,100,99969,100,100125,100,99963,100,100189,100,99948,100
2019-06-28 09:32:50.000000000,100065,168,100057,368,100073,168,100056,100,100075,168,100040,97,100076,168,99978,168,100092,168,99977,268,100093,100,99976,100,100099,100,99969,100,100122,100,99963,100,100125,100,99948,100,100189,100,99941,100
2019-06-28 09:33:00.000000000,100065,186,100057,386,100073,186,100056,118,100075,186,100040,115,100076,186,99978,186,100092,100,99977,200,100093,100,99976,100,100099,100,99969,100,100122,100,99963,100,100125,100,99948,100,100189,100,99941,100
2019-06-28 09:33:10.000000000,100065,186,100057,386,100073,186,100056,118,100075,186,100040,115,100076,186,99978,186,100092,100,99977,200,100093,100,99976,100,100099,100,99969,100,100122,100,99963,100,100125,100,99948,100,100189,100,99941,100
2019-06-28 09:33:20.000000000,100065,442,100057,642,100073,100,100056,32,100075,100,100040,29,100076,100,99978,100,100092,100,99977,200,100093,100,99976,100,100099,100,99969,100,100122,100,99963,100,100125,100,99948,100,100189,100,99941,100
2019-06-28 09:33:29.050065822,100065,442,100057,542,100073,100,100056,32,100075,100,100040,29,100076,100,99978,100,100092,100,99977,200,100093,100,99976,100,100099,100,99969,100,100122,100,99963,100,100125,100,99948,100,100189,100,99941,100
2019-06-28 09:33:30.000000000,100065,168,100057,268,100073,168,100056,100,100075,168,100040,97,100076,168,99978,168,100092,168,99977,268,100093,100,99976,100,100099,100,99969,100,100122,100,99963,100,100125,100,99948,100,100189,100,99941,100
2019-06-28 09:33:32.378513609,100065,168,100057,168,100073,168,100056,100,100075,168,100040,97,100076,168,99978,168,100092,168,99977,268,100093,100,99976,100,100099,100,99969,100,100122,100,99963,100,100125,100,99948,100,100189,100,99941,100
2019-06-28 09:33:39.445898128,100065,168,100057,68,100073,168,100056,100,100075,168,100040,97,100076,168,99978,168,100092,168,99977,268,100093,100,99976,100,100099,100,99969,100,100122,100,99963,100,100125,100,99948,100,100189,100,99941,100
2019-06-28 09:33:40.000000000,100065,186,100056,118,100073,186,100040,115,100075,186,99978,186,100076,186,99977,286,100092,100,99976,100,100093,100,99969,100,100099,100,99963,100,100122,100,99948,100,100125,100,99941,100,100189,100,99934,100
2019-06-28 09:33:45.413751373,100065,186,100056,18,100073,186,100040,115,100075,186,99978,186,100076,186,99977,286,100092,100,99976,100,100093,100,99969,100,100099,100,99963,100,100122,100,99948,100,100125,100,99941,100,100189,100,99934,100
2019-06-28 09:33:50.000000000,100065,271,100040,200,100073,271,99978,271,100075,100,99977,200,100076,100,99976,100,100092,100,99969,100,100093,100,99963,100,100099,100,99948,100,100122,100,99941,100,100125,100,99934,100,100189,100,99901,100
2019-06-28 09:34:00.000000000,100065,168,100040,97,100073,168,99978,168,100075,168,99977,268,100076,168,99976,168,100092,168,99969,168,100093,100,99963,100,100099,100,99948,100,100122,100,99941,100,100125,100,99934,100,100189,100,99901,100
2019-06-28 09:34:08.738587619,100040,3,99978,168,100065,168,99977,268,100073,168,99976,168,100075,68,99969,168,100076,168,99963,100,100092,168,99948,100,100093,100,99941,100,100099,100,99934,100,100122,100,99901,100,100125,100,99900,100
2019-06-28 09:34:10.000000000,100040,119,99978,216,100065,213,99977,313,100073,213,99976,213,100076,100,99969,100,100092,100,99963,100,100093,100,99948,100,100099,100,99941,100,100122,100,99934,100,100125,100,99901,100,100189,100,99900,100
2019-06-28 09:34:13.173440764,100040,119,99978,216,100056,100,99977,313,100065,213,99976,213,100073,213,99969,100,100076,100,99963,100,100092,100,99948,100,100093,100,99941,100,100099,100,99934,100,100122,100,99901,100,100125,100,99900,100
2019-06-28 09:34:20.000000000,100040,345,99978,442,100056,100,99977,200,100065,100,99976,100,100073,100,99969,100,100076,100,99963,100,100092,100,99948,100,100093,100,99941,100,100099,100,99934,100,100122,100,99901,100,100125,100,99900,100
2019-06-28 09:34:30.000000000,100040,345,99978,442,100056,100,99977,200,100065,100,99976,100,100073,100,99969,100,100076,100,99963,100,100092,100,99948,100,100093,100,99941,100,100099,100,99934,100,100122,100,99901,100,100125,100,99900,100
2019-06-28 09:34:31.554358139,100040,345,99978,442,100056,100,99977,200,100065,100,99976,100,100073,100,99969,100,100076,100,99963,100,100092,100,99948,100,100093,100,99945,100,100099,100,99941,100,100122,100,99901,100,100125,100,99900,100
2019-06-28 09:34:40.000000000,100040,119,99978,216,100056,213,99977,313,100065,213,99976,213,100073,100,99969,100,100076,100,99963,100,100092,100,99948,100,100093,100,99945,100,100099,100,99941,100,100122,100,99901,100,100125,100,99900,100
2019-06-28 09:34:50.000000000,100040,89,99978,186,100056,186,99977,286,100065,186,99976,186,100073,186,99969,186,100076,100,99963,100,100092,100,99948,100,100093,100,99945,100,100099,100,99941,100,100122,100,99901,100,100125,100,99900,100
2019-06-28 09:35:00.000000000,100040,345,99978,442,100056,100,99977,200,100065,100,99976,100,100073,100,99969,100,100076,100,99963,100,100092,100,99948,100,100093,100,99945,100,100099,100,99941,100,100122,100,99901,100,100125,100,99900,100
2019-06-28 09:35:10.000000000,100040,71,99978,168,100056,168,99977,268,100065,168,99976,168,100073,168,99969,168,100076,168,99963,168,100092,100,99948,100,100093,100,99945,100,100099,100,99941,100,100122,100,99901,100,100125,100,99900,100
2019-06-28 09:35:13.238967587,100040,71,99978,168,100056,168,99977,268,100065,168,99976,168,100073,168,99969,168,100076,168,99963,168,100092,100,99948,100,100093,100,99945,100,100099,100,99941,100,100122,100,99901,100,100125,100,99900,100
2019-06-28 09:35:20.000000000,100040,345,99978,442,100056,100,99977,200,100065,100,99976,100,100073,100,99969,100,100076,100,99963,100,100092,100,99948,100,100093,100,99945,100,100099,100,99941,100,100122,100,99901,100,100125,100,99900,100
2019-06-28 09:35:30.000000000,100040,71,99978,168,100056,168,99977,268,100065,168,99976,168,100073,168,99969,168,100076,168,99963,168,100092,100,99948,100,100093,100,99945,100,100099,100,99941,100,100122,100,99901,100,100125,100,99900,100
2019-06-28 09:35:30.092363098,100056,168,100040,29,100065,168,99978,168,100073,168,99977,268,100076,68,99976,168,100092,100,99969,168,100093,100,99963,168,100099,100,99948,100,100122,100,99945,100,100125,100,99941,100,100189,100,99901,100
2019-06-28 09:35:40.000000000,100056,168,100040,97,100065,168,99978,168,100073,168,99977,268,100092,168,99976,168,100093,168,99969,168,100099,100,99963,100,100122,100,99948,100,100125,100,99945,100,100189,100,99941,100,100487,100,99901,100
2019-06-28 09:35:50.000000000,100056,186,100040,115,100065,186,99978,186,100073,186,99977,286,100092,186,99976,186,100093,100,99969,100,100099,100,99963,100,100122,100,99948,100,100125,100,99945,100,100189,100,99941,100,100487,100,99901,100
2019-06-28 09:35:54.878363602,100056,186,100040,15,100065,186,99978,186,100073,186,99977,286,100092,186,99976,186,100093,100,99969,100,100099,100,99963,100,100122,100,99948,100,100125,100,99945,100,100189,100,99941,100,100487,100,99901,100
2019-06-28 09:36:00.000000000,100056,271,99978,271,100065,271,99977,371,100073,100,99976,100,100092,100,99969,100,100093,100,99963,100,100099,100,99948,100,100122,100,99945,100,100125,100,99941,100,100189,100,99901,100,100487,100,99900,100
2019-06-28 09:36:10.000000000,100056,442,99978,442,100065,100,99977,200,100073,100,99976,100,100092,100,99969,100,100093,100,99963,100,100099,100,99948,100,100122,100,99945,100,100125,100,99941,100,100189,100,99901,100,100487,100,99900,100
2019-06-28 09:36:20.000000000,100056,216,99978,216,100065,213,99977,313,100073,213,99976,213,100092,100,99969,100,100093,100,99963,100,100099,100,99948,100,100122,100,99945,100,100125,100,99941,100,100189,100,99901,100,100487,100,99900,100
2019-06-28 09:36:27.281900046,100039,100,99978,216,100056,216,99977,313,100065,213,99976,213,100073,213,99969,100,100092,100,99963,100,100093,100,99948,100,100099,100,99945,100,100122,100,99941,100,100125,100,99901,100,100189,100,99900,100
2019-06-28 09:36:29.011306294,100039,100,99978,216,100056,216,99977,313,100065,213,99976,213,100073,213,99969,100,100092,100,99963,100,100093,100,99948,100,100099,100,99945,100,100122,100,99941,100,100125,100,99901,100,100189,100,99900,100
2019-06-28 09:36:30.000000000,100039,168,99978,168,100056,168,99977,268,100065,168,99976,168,100073,168,99969,168,100092,168,99963,168,100093,100,99948,100,100099,100,99945,100,100122,100,99941,100,100125,100,99901,100,100189,100,99900,100
2019-06-28 09:36:40.000000000,100039,442,99978,442,100056,100,99977,200,100065,100,99976,100,100073,100,99969,100,100092,100,99963,100,100093,100,99948,100,100099,100,99945,100,100122,100,99941,100,100125,100,99901,100,100189,100,99900,100
2019-06-28 09:36:44.929290942,100006,100,99978,442,100039,442,99977,200,100056,100,99976,100,100065,100,99969,100,100073,100,99963,100,100092,100,99948,100,100093,100,99945,100,100099,100,99941,100,100122,100,99901,100,100125,100,99900,100
2019-06-28 09:36:50.000000000,100006,186,99978,186,100039,186,99977,286,100056,186,99976,186,100065,186,99969,186,100073,100,99963,100,100092,100,99948,100,100093,100,99945,100,100099,100,99941,100,100122,100,99901,100,100125,100,99900,100
2019-06-28 09:37:00.000000000,100006,168,99978,168,100039,168,99977,268,100056,168,99976,168,100065,168,99969,168,100073,168,99963,168,100092,100,99948,100,100093,100,99945,100,100099,100,99941,100,100122,100,99901,100,100125,100,99900,100
2019-06-28 09:37:05.621146209,100006,168,99978,168,100039,168,99977,268,100056,168,99976,168,100065,168,99969,168,100073,168,99963,168,100092,100,99948,100,100093,100,99945,100,100099,100,99941,100,100122,100,99901,100,100125,100,99900,100
2019-06-28 09:37:10.000000000,100006,216,99978,216,100039,213,99977,313,100056,213,99976,213,100065,100,99969,100,100073,100,99963,100,100092,100,99948,100,100093,100,99945,100,100099,100,99941,100,100122,100,99901,100,100125,100,99900,100
2019-06-28 09:37:13.322288871,100006,216,99978,116,100039,313,99977,313,100056,213,99976,213,100065,100,99969,100,100073,100,99963,100,100092,100,99948,100,100093,100,99945,100,100099,100,99941,100,100122,100,99901,100,100125,100,99900,100
2019-06-28 09:37:20.000000000,100006,216,99977,316,100039,313,99976,213,100056,213,99969,213,100065,100,99963,100,100073,100,99948,100,100092,100,99945,100,100093,100,99941,100,100099,100,99901,100,100122,100,99900,100,100125,100,99873,100
2019-06-28 09:37:30.000000000,100006,168,99977,268,100039,268,99976,168,100056,168,99969,168,100065,168,99963,168,100073,168,99948,168,100092,100,99945,100,100093,100,99941,100,100099,100,99901,100,100122,100,99900,100,100125,100,99873,100
2019-06-28 09:37:30.421705948,100006,168,99977,268,100039,268,99976,168,100056,168,99969,168,100065,168,99963,168,100073,168,99948,168,100092,100,99945,100,100093,100,99941,100,100099,100,99901,100,100122,100,99900,100,100125,100,99873,100
2019-06-28 09:37:40.000000000,100006,216,99977,316,100039,313,99976,213,100056,213,99969,213,100065,100,99963,100,100073,100,99948,100,100092,100,99945,100,100093,100,99941,100,100099,100,99901,100,100122,100,99900,100,100125,100,99873,100
2019-06-28 09:37:50.000000000,100006,168,99977,268,100039,268,99976,168,100056,168,99969,168,100065,168,99963,168,100073,168,99948,168,100092,100,99945,100,100093,100,99941,100,100099,100,99901,100,100122,100,99900,100,100125,100,99873,100
2019-06-28 09:38:00.000000000,100006,216,99977,316,100039,313,99976,213,100056,213,99969,213,100065,100,99963,100,100073,100,99948,100,100092,100,99945,100,100093,100,99941,100,100099,100,99901,100,100122,100,99900,100,100125,100,99873,100
2019-06-28 09:38:10.000000000,100006,442,99977,542,100039,200,99976,100,100056,100,99969,100,100065,100,99963,100,100073,100,99948,100,100092,100,99945,100,100093,100,99941,100,100099,100,99901,100,100122,100,99900,100,100125,100,99873,100
2019-06-28 09:38:13.350851997,100006,442,99977,542,100039,200,99976,100,100056,100,99969,100,100065,100,99963,100,100073,100,99948,100,100092,100,99945,100,100093,100,99941,100,100099,100,99937,100,100122,100,99901,100,100125,100,99900,100
2019-06-28 09:38:20.000000000,100006,271,99977,371,100039,371,99976,271,100056,100,99969,100,100065,100,99963,100,100073,100,99948,100,100092,100,99945,100,100093,100,99941,100,100099,100,99937,100,100122,100,99901,100,100125,100,99900,100
2019-06-28 09:38:30.000000000,100006,168,99977,268,100039,268,99976,168,100056,168,99969,168,100065,168,99963,168,100073,168,99948,168,100092,100,99945,100,100093,100,99941,100,100099,100,99937,100,100122,100,99901,100,100125,100,99900,100
2019-06-28 09:38:40.000000000,100006,168,99977,268,100039,268,99976,168,100056,168,99969,168,100065,168,99963,168,100073,168,99948,168,100092,100,99945,100,100093,100,99941,100,100099,100,99937,100,100122,100,99901,100,100125,100,99900,100
2019-06-28 09:38:50.000000000,100006,168,99977,268,100039,268,99976,168,100056,168,99969,168,100065,168,99963,168,100073,168,99948,168,100092,100,99945,100,100093,100,99941,100,100099,100,99937,100,100122,100,99901,100,100125,100,99900,100
2019-06-28 09:38:52.720297867,100006,168,99977,268,100039,368,99976,168,100056,68,99969,168,100065,168,99963,168,100073,168,99948,168,100092,100,99945,100,100093,100,99941,100,100099,100,99937,100,100122,100,99901,100,100125,100,99900,100
2019-06-28 09:38:53.223856957,100006,168,99977,168,100039,368,99976,168,100056,68,99969,168,100065,168,99963,168,100073,168,99948,168,100092,100,99945,100,100093,100,99941,100,100099,100,99937,100,100122,100,99901,100,100125,100,99900,100
2019-06-28 09:39:00.000000000,100006,442,99977,442,100039,300,99976,100,100065,100,99969,100,100073,100,99963,100,100092,100,99948,100,100093,100,99945,100,100099,100,99941,100,100122,100,99937,100,100125,100,99901,100,100189,100,99900,100
2019-06-28 09:39:06.175664218,100006,442,99977,442,100039,300,99976,100,100065,100,99969,100,100073,100,99963,100,100092,100,99948,100,100093,100,99945,100,100099,100,99941,100,100122,100,99937,100,100125,100,99901,100,100189,100,99900,100
2019-06-28 09:39:06.950673841,100006,442,99977,442,100039,300,99976,100,100065,100,99969,100,100073,100,99963,100,100092,100,99948,100,100093,100,99945,100,100099,100,99941,100,100122,100,99937,100,100125,100,99901,100,100189,100,99900,100
2019-06-28 09:39:09.174235876,100006,442,99977,342,100039,300,99976,100,100065,100,99969,100,100092,100,99963,100,100093,100,99948,100,100099,100,99945,100,100122,100,99941,100,100125,100,99937,100,100189,100,99901,100,,,99900,100
2019-06-28 09:39:10.000000000,100006,271,99976,271,100039,471,99969,271,100065,100,99963,100,100092,100,99948,100,100093,100,99945,100,100099,100,99941,100,100122,100,99937,100,100125,100,99901,100,100189,100,99900,100,,,99860,100
2019-06-28 09:39:20.000000000,100006,216,99976,216,100039,413,99969,213,100065,213,99963,213,100092,100,99948,100,100093,100,99945,100,100099,100,99941,100,100122,100,99937,100,100125,100,99901,100,100189,100,99900,100,,,99860,100
2019-06-28 09:39:28.870526805,100006,216,99976,116,100039,413,99969,213,100065,213,99963,213,100092,100,99948,100,100093,100,99945,100,100122,100,99941,100,100125,100,99937,100,100189,100,99901,100,,,99900,100,,,99860,100
2019-06-28 09:39:30.000000000,100006,442,99969,442,100039,300,99963,100,100065,100,99948,100,100092,100,99945,100,100093,100,99941,100,100122,100,99937,100,100125,100,99901,100,100189,100,99900,100,,,99860,100,,,99845,100
2019-06-28 09:39:40.000000000,100006,271,99969,271,100039,471,99963,271,100065,100,99948,100,100092,100,99945,100,100093,100,99941,100,100122,100,99937,100,100125,100,99901,100,100189,100,99900,100,,,99860,100,,,99845,100
2019-06-28 09:39:49.631216764,100006,271,99969,271,100039,471,99963,271,100065,100,99948,100,100092,100,99945,100,100093,100,99941,100,100122,100,99937,100,100125,100,99901,100,100189,100,99900,100,,,99860,100,,,99845,100
2019-06-28 09:39:50.000000000,100006,168,99969,168,100039,368,99963,168,100065,168,99948,168,100092,168,99945,168,100093,168,99941,168,100122,100,99937,100,100125,100,99901,100,100189,100,99900,100,,,99860,100,,,99845,100
2019-06-28 09:39:56.674776617,100006,168,99969,168,100039,368,99963,68,100065,168,99948,168,100092,168,99945,168,100093,168,99941,168,100122,100,99937,100,100125,100,99901,100,100189,100,99900,100,,,99860,100,,,99845,100
2019-06-28 09:39:57.800567762,100006,168,99969,68,100012,100,99963,68,100039,368,99948,168,100065,168,99945,168,100092,168,99941,168,100093,168,99937,100,100122,100,99901,100,100125,100,99900,100,100189,100,99860,100,,,99845,100
2019-06-28 09:40:00.000000000,100006,271,99948,271,100012,271,99945,271,100039,300,99941,100,100065,100,99937,100,100092,100,99901,100,100093,100,99900,100,100122,100,99860,100,100125,100,99845,100,100189,100,99844,100,,,99828,100
2019-06-28 09:40:10.000000000,100006,186,99948,186,100012,186,99945,186,100039,386,99941,186,100065,186,99937,186,100092,100,99901,100,100093,100,99900,100,100122,100,99860,100,100125,100,99845,100,100189,100,99844,100,,,99828,100
2019-06-28 09:40:15.035205725,100006,186,99948,186,100012,186,99945,186,100039,386,99941,186,100065,186,99937,186,100092,100,99901,100,100093,100,99900,100,100122,100,99860,100,100125,100,99845,100,100189,100,99844,100,100416,100,99828,100
2019-06-28 09:40:20.000000000,100006,442,99948,442,100012,100,99945,100,100039,300,99941,100,100065,100,99937,100,100092,100,99901,100,100093,100,99900,100,100122,100,99860,100,100125,100,99845,100,100189,100,99844,100,100416,100,99828,100
2019-06-28 09:40:20.617731947,100006,342,99948,442,100012,100,99945,100,100039,300,99941,100,100065,100,99937,100,100092,100,99901,100,100093,100,99900,100,100122,100,99860,100,100125,100,99845,100,100189,100,99844,100,100416,100,99828,100
2019-06-28 09:40:30.000000000,100012,216,99948,216,100039,413,99945,213,100065,213,99941,213,100092,100,99937,100,100093,100,99901,100,100122,100,99900,100,100125,100,99860,100,100189,100,99845,100,100416,100,99844,100,,,99828,100
2019-06-28 09:40:40.000000000,100012,442,99948,442,100039,300,99945,100,100065,100,99941,100,100092,100,99937,100,100093,100,99901,100,100122,100,99900,100,100125,100,99860,100,100189,100,99845,100,100416,100,99844,100,,,99828,100
2019-06-28 09:40:41.074762834,100012,442,99977,100,100039,300,99948,442,100065,100,99945,100,100092,100,99941,100,100093,100,99937,100,100122,100,99901,100,100125,100,99900,100,100189,100,99860,100,100416,100,99845,100,,,99844,100
2019-06-28 09:40:50.000000000,100012,216,99977,216,100039,413,99948,213,100065,213,99945,213,100092,100,99941,100,100093,100,99937,100,100122,100,99901,100,100125,100,99900,100,100189,100,99860,100,100416,100,99845,100,,,99844,100
2019-06-28 09:40:57.398586284,100012,116,99977,216,100039,413,99948,213,100065,213,99945,213,100093,100,99941,100,100122,100,99937,100,100125,100,99901,100,100189,100,99900,100,100416,100,99860,100,,,99845,100,,,99844,100
2019-06-28 09:41:00.000000000,100039,386,99977,186,100065,186,99948,186,100093,186,99945,186,100122,186,99941,186,100125,100,99937,100,100189,100,99901,100,100416,100,99900,100,,,99860,100,,,99845,100,,,99844,100
2019-06-28 09:41:08.224311217,100039,386,99977,186,100065,186,99948,186,100093,186,99945,186,100122,186,99941,186,100125,100,99937,100,100189,100,99901,100,100416,100,99900,100,100476,100,99860,100,,,99845,100,,,99844,100
2019-06-28 09:41:10.000000000,100039,471,99977,271,100065,271,99948,271,100093,100,99945,100,100122,100,99941,100,100125,100,99937,100,100189,100,99901,100,100416,100,99900,100,100476,100,99860,100,,,99845,100,,,99844,100
2019-06-28 09:41:20.000000000,100039,368,99977,168,100065,168,99948,168,100093,168,99945,168,100122,168,99941,168,100125,168,99937,168,100189,100,99901,100,100416,100,99900,100,100476,100,99860,100,,,99845,100,,,99844,100
2019-06-28 09:41:30.000000000,100039,386,99977,186,100065,186,99948,186,100093,186,99945,186,100122,186,99941,186,100125,100,99937,100,100189,100,99901,100,100416,100,99900,100,100476,100,99860,100,,,99845,100,,,99844,100
2019-06-28 09:41:36.142228700,100039,286,99977,186,100065,186,99948,186,100093,186,99945,186,100122,186,99941,186,100125,100,99937,100,100189,100,99901,100,100416,100,99900,100,100476,100,99860,100,,,99845,100,,,99844,100
2019-06-28 09:41:40.000000000,100039,268,99977,168,100065,168,99948,168,100093,168,99945,168,100122,168,99941,168,100125,168,99937,168,100189,100,99901,100,100416,100,99900,100,100476,100,99860,100,,,99845,100,,,99844,100
2019-06-28 09:41:44.520657385,100039,268,100012,100,100065,168,99977,168,100093,168,99948,168,100122,168,99945,168,100125,168,99941,168,100189,100,99937,168,100416,100,99901,100,100476,100,99900,100,,,99860,100,,,99845,100
2019-06-28 09:41:50.000000000,100039,542,100012,442,100065,100,99977,100,100093,100,99948,100,100122,100,99945,100,100125,100,99941,100,100189,100,99937,100,100416,100,99901,100,100476,100,99900,100,,,99860,100,,,99845,100
2019-06-28 09:42:00.000000000,100039,542,100012,442,100065,100,99977,100,100093,100,99948,100,100122,100,99945,100,100125,100,99941,100,100189,100,99937,100,100416,100,99901,100,100476,100,99900,100,,,99860,100,,,99845,100
2019-06-28 09:42:10.000000000,100039,542,100012,442,100065,100,99977,100,100093,100,99948,100,100122,100,99945,100,100125,100,99941,100,100189,100,99937,100,100416,100,99901,100,100476,100,99900,100,,,99860,100,,,99845,100
2019-06-28 09:42:20.000000000,100039,542,100012,442,100065,100,99977,100,100093,100,99948,100,100122,100,99945,100,100125,100,99941,100,100189,100,99937,100,100416,100,99901,100,100476,100,99900,100,,,99860,100,,,99845,100
2019-06-28 09:42:22.132329177,100039,442,100012,442,100065,100,99977,100,100093,100,99948,100,100122,100,99945,100,100125,100,99941,100,100189,100,99937,100,100416,100,99901,100,100476,100,99900,100,,,99860,100,,,99845,100
2019-06-28 09:42:24.743176686,100039,342,100012,442,100065,100,99948,100,100093,100,99945,100,100122,100,99941,100,100125,100,99937,100,100189,100,99901,100,100416,100,99900,100,100476,100,99860,100,,,99845,100,,,99844,100
2019-06-28 09:42:30.000000000,100065,216,100012,216,100093,213,99948,213,100122,213,99945,213,100125,100,99941,100,100189,100,99937,100,100416,100,99901,100,100476,100,99900,100,,,99860,100,,,99845,100,,,99844,100
2019-06-28 09:42:40.000000000,100065,442,100012,442,100093,100,99948,100,100122,100,99945,100,100125,100,99941,100,100189,100,99937,100,100416,100,99901,100,100476,100,99900,100,,,99860,100,,,99845,100,,,99844,100
2019-06-28 09:42:47.548058614,100065,342,100012,442,100093,100,99948,100,100122,100,99945,100,100125,100,99941,100,100189,100,99937,100,100416,100,99901,100,100476,100,99900,100,,,99860,100,,,99845,100,,,99844,100
2019-06-28 09:42:50.000000000,100093,271,100012,271,100122,271,99948,271,100125,100,99945,100,100189,100,99941,100,100416,100,99937,100,100476,100,99901,100,,,99900,100,,,99860,100,,,99845,100,,,99844,100
2019-06-28 09:43:00.000000000,100093,442,100012,442,100122,100,99948,100,100125,100,99945,100,100189,100,99941,100,100416,100,99937,100,100476,100,99901,100,,,99900,100,,,99860,100,,,99845,100,,,99844,100
2019-06-28 09:43:03.465757680,100093,342,100012,442,100122,100,99948,100,100125,100,99941,100,100189,100,99937,100,100416,100,99901,100,100476,100,99900,100,,,99860,100,,,99845,100,,,99844,100,,,99828,100
2019-06-28 09:43:08.164716287,100093,342,100012,442,100125,100,99948,100,100189,100,99941,100,100416,100,99937,100,100476,100,99901,100,100990,100,99900,100,,,99860,100,,,99845,100,,,99844,100,,,99828,100
2019-06-28 09:43:08.502311002,100093,342,100012,442,100125,100,99948,100,100189,100,99941,100,100416,100,99937,100,100476,100,99901,100,100822,100,99900,100,100990,100,99860,100,,,99845,100,,,99844,100,,,99828,100
2019-06-28 09:43:09.184033193,100093,342,100065,100,100125,100,100012,442,100189,100,99948,100,100416,100,99941,100,100476,100,99937,100,100822,100,99901,100,100990,100,99900,100,,,99860,100,,,99845,100,,,99844,100
2019-06-28 09:43:10.000000000,100125,442,100065,442,100189,100,100012,100,100416,100,99948,100,100476,100,99941,100,100822,100,99937,100,100990,100,99901,100,,,99900,100,,,99860,100,,,99845,100,,,99844,100
2019-06-28 09:43:20.000000000,100125,168,100065,168,100189,168,100012,168,100416,168,99948,168,100476,168,99941,168,100822,168,99937,168,100990,100,99901,100,,,99900,100,,,99860,100,,,99845,100,,,99844,100
2019-06-28 09:43:21.457164899,100125,168,100065,168,100189,168,100012,168,100416,168,99948,168,100476,168,99941,168,100735,100,99937,168,100822,168,99901,100,100990,100,99900,100,,,99860,100,,,99845,100,,,99844,100
2019-06-28 09:43:30.000000000,100125,168,100065,168,100189,168,100012,168,100416,168,99948,168,100476,168,99941,168,100735,168,99937,168,100822,100,99901,100,100990,100,99900,100,,,99860,100,,,99845,100,,,99844,100
2019-06-28 09:43:30.441982382,100125,168,100065,168,100189,168,100012,168,100416,168,99948,168,100476,168,99941,168,100566,100,99937,168,100735,168,99901,100,100822,100,99900,100,100990,100,99860,100,,,99845,100,,,99844,100
2019-06-28 09:43:31.163130525,100125,168,100065,168,100189,168,100012,168,100416,168,99948,168,100476,168,99941,168,100566,100,99937,68,100710,100,99901,100,100735,168,99900,100,100822,100,99860,100,100990,100,99845,100,,,99844,100
2019-06-28 09:43:34.321970121,100125,168,100065,268,100189,168,100012,168,100416,168,99948,168,100476,168,99941,168,100566,100,99937,68,100710,100,99901,100,100735,168,99900,100,100822,100,99860,100,100990,100,99845,100,,,99844,100
2019-06-28 09:43:36.653503891,100125,68,100065,268,100189,168,100012,168,100416,168,99948,168,100476,168,99941,168,100566,100,99937,68,100735,168,99901,100,100822,100,99900,100,100990,100,99860,100,,,99845,100,,,99844,100
2019-06-28 09:43:36.878956599,100125,68,100065,268,100189,168,100012,168,100416,168,99948,168,100476,168,99941,168,100566,100,99937,68,100635,100,99901,100,100735,168,99900,100,100822,100,99860,100,100990,100,99845,100,,,99844,100
2019-06-28 09:43:40.000000000,100189,168,100065,268,100416,168,100012,168,100476,168,99948,168,100566,168,99941,168,100635,168,99901,168,100735,100,99900,100,100822,100,99860,100,100990,100,99845,100,,,99844,100,,,99828,100
2019-06-28 09:43:50.000000000,100189,442,100065,542,100416,100,100012,100,100476,100,99948,100,100566,100,99941,100,100635,100,99901,100,100735,100,99900,100,100822,100,99860,100,100990,100,99845,100,,,99844,100,,,99828,100
2019-06-28 09:44:00.000000000,100189,186,100065,286,100416,186,100012,186,100476,186,99948,186,100566,186,99941,186,100635,100,99901,100,100735,100,99900,100,100822,100,99860,100,100990,100,99845,100,,,99844,100,,,99828,100
2019-06-28 09:44:10.000000000,100189,168,100065,268,100416,168,100012,168,100476,168,99948,168,100566,168,99941,168,100635,168,99901,168,100735,100,99900,100,100822,100,99860,100,100990,100,99845,100,,,99844,100,,,99828,100
2019-06-28 09:44:20.000000000,100189,216,100065,316,100416,213,100012,213,100476,213,99948,213,100566,100,99941,100,100635,100,99901,100,100735,100,99900,100,100822,100,99860,100,100990,100,99845,100,,,99844,100,,,99828,100
2019-06-28 09:44:28.243626632,100189,216,100065,316,100416,213,100012,213,100476,213,99977,100,100566,100,99948,213,100635,100,99941,100,100735,100,99901,100,100822,100,99900,100,100990,100,99860,100,,,99845,100,,,99844,100
2019-06-28 09:44:30.000000000,100189,442,100065,542,100416,100,100012,100,100476,100,99977,100,100566,100,99948,100,100635,100,99941,100,100735,100,99901,100,100822,100,99900,100,100990,100,99860,100,,,99845,100,,,99844,100
2019-06-28 09:44:36.664840598,100189,442,100065,542,100416,100,100012,100,100476,100,99977,100,100566,100,99963,100,100635,100,99948,100,100735,100,99941,100,100822,100,99901,100,100990,100,99900,100,,,99860,100,,,99845,100
2019-06-28 09:44:37.477433144,100189,442,100142,100,100416,100,100065,542,100476,100,100012,100,100566,100,99977,100,100635,100,99963,100,100735,100,99948,100,100822,100,99941,100,100990,100,99901,100,,,99900,100,,,99860,100
2019-06-28 09:44:40.000000000,100189,186,100142,186,100416,186,100065,286,100476,186,100012,186,100566,186,99977,186,100635,100,99963,100,100735,100,99948,100,100822,100,99941,100,100990,100,99901,100,,,99900,100,,,99860,100
2019-06-28 09:44:50.000000000,100189,186,100142,186,100416,186,100065,286,100476,186,100012,186,100566,186,99977,186,100635,100,99963,100,100735,100,99948,100,100822,100,99941,100,100990,100,99901,100,,,99900,100,,,99860,100
2019-06-28 09:45:00.000000000,100189,442,100142,442,100416,100,100065,200,100476,100,100012,100,100566,100,99977,100,100635,100,99963,100,100735,100,99948,100,100822,100,99941,100,100990,100,99901,100,,,99900,100,,,99860,100
2019-06-28 09:45:01.457917408,100189,442,100142,342,100416,100,100065,200,100476,100,100012,100,100566,100,99977,100,100635,100,99963,100,100735,100,99948,100,100822,100,99941,100,100990,100,99901,100,,,99900,100,,,99860,100
2019-06-28 09:45:10.000000000,100189,271,100065,371,100416,271,100012,271,100476,100,99977,100,100566,100,99963,100,100635,100,99948,100,100735,100,99941,100,100822,100,99901,100,100990,100,99900,100,,,99860,100,,,99845,100
2019-06-28 09:45:16.853977389,100124,100,100065,371,100189,271,100012,271,100416,271,99977,100,100476,100,99963,100,100566,100,99948,100,100635,100,99941,100,100735,100,99901,100,100822,100,99900,100,100990,100,99860,100,,,99845,100
2019-06-28 09:45:17.635590336,100124,100,100065,271,100189,271,100012,271,100416,271,99977,100,100476,100,99963,100,100566,100,99948,100,100635,100,99941,100,100735,100,99901,100,100822,100,99900,100,100990,100,99860,100,,,99845,100
2019-06-28 09:45:20.000000000,100124,216,100065,216,100189,213,100012,213,100416,213,99977,213,100476,100,99963,100,100566,100,99948,100,100635,100,99941,100,100735,100,99901,100,100822,100,99900,100,100990,100,99860,100,,,99845,100
2019-06-28 09:45:25.917078120,100124,216,100065,116,100189,213,100012,213,100416,213,99977,213,100476,100,99963,100,100566,100,99948,100,100635,100,99941,100,100735,100,99901,100,100822,100,99900,100,,,99860,100,,,99845,100
2019-06-28 09:45:30.000000000,100124,442,100012,442,100189,100,99977,100,100416,100,99963,100,100476,100,99948,100,100566,100,99941,100,100635,100,99901,100,100735,100,99900,100,100822,100,99860,100,,,99845,100,,,99828,100
2019-06-28 09:45:30.651834847,100124,442,100012,442,100189,100,99963,100,100416,100,99948,100,100476,100,99941,100,100566,100,99901,100,100635,100,99900,100,100735,100,99860,100,100822,100,99845,100,,,99828,100,,,99665,100
2019-06-28 09:45:40.000000000,100124,216,100012,216,100189,213,99963,213,100416,213,99948,213,100476,100,99941,100,100566,100,99901,100,100635,100,99900,100,100735,100,99860,100,100822,100,99845,100,,,99828,100,,,99665,100
2019-06-28 09:45:50.000000000,100124,442,100012,442,100189,100,99963,100,100416,100,99948,100,100476,100,99941,100,100566,100,99901,100,100635,100,99900,100,100735,100,99860,100,100822,100,99845,100,,,99828,100,,,99665,100
2019-06-28 09:46:00.000000000,100124,186,100012,186,100189,186,99963,186,100416,186,99948,186,100476,186,99941,186,100566,100,99901,100,100635,100,99900,100,100735,100,99860,100,100822,100,99845,100,,,99828,100,,,99665,100
2019-06-28 09:46:03.374412201,100124,186,100012,186,100189,186,99963,86,100416,186,99948,186,100476,186,99941,186,100566,100,99901,100,100635,100,99900,100,100735,100,99860,100,100822,100,99845,100,,,99828,100,,,99665,100
2019-06-28 09:46:10.000000000,100124,442,100012,442,100189,100,99948,100,100416,100,99941,100,100476,100,99901,100,100566,100,99900,100,100635,100,99860,100,100735,100,99845,100,100822,100,99828,100,,,99665,100,,,99654,100
2019-06-28 09:46:11.272271537,100124,442,100012,442,100189,100,99948,100,100416,100,99941,100,100476,100,99901,100,100566,100,99900,100,100635,100,99860,100,100735,100,99845,100,100822,100,99828,100,,,99665,100,,,99654,100
2019-06-28 09:46:20.000000000,100124,186,100012,186,100189,186,99948,186,100416,186,99941,186,100476,186,99901,186,100566,100,99900,100,100635,100,99860,100,100735,100,99845,100,100822,100,99828,100,,,99665,100,,,99654,100
2019-06-28 09:46:22.518834430,100124,186,100012,186,100189,186,99948,186,100416,186,99941,186,100476,186,99901,186,100566,100,99900,100,100635,100,99860,100,100735,100,99845,100,100822,100,99828,100,,,99665,100,,,99654,100
2019-06-28 09:46:30.000000000,100124,271,100012,271,100189,271,99948,271,100416,100,99941,100,100476,100,99901,100,100566,100,99900,100,100635,100,99860,100,100735,100,99845,100,100822,100,99828,100,,,99665,100,,,99654,100
2019-06-28 09:46:35.173612718,100065,100,100012,271,100124,271,99948,271,100189,271,99941,100,100416,100,99901,100,100476,100,99900,100,100566,100,99860,100,100635,100,99845,100,100735,100,99828,100,100822,100,99665,100,,,99654,100
2019-06-28 09:46:40.000000000,100065,216,100012,216,100124,213,99948,213,100189,213,99941,213,100416,100,99901,100,100476,100,99900,100,100566,100,99860,100,100635,100,99845,100,100735,100,99828,100,100822,100,99665,100,,,99654,100
2019-06-28 09:46:40.646515889,100065,216,100012,216,100124,213,99948,213,100189,213,99941,213,100416,100,99901,100,100476,100,99900,100,100566,100,99860,100,100635,100,99845,100,100735,100,99828,100,100822,100,99665,100,,,99654,100
2019-06-28 09:46:43.767830955,100065,216,100012,116,100124,213,99948,213,100189,213,99941,213,100416,100,99901,100,100476,100,99900,100,100566,100,99860,100,100635,100,99845,100,100735,100,99665,100,100822,100,99654,100,,,99602,100
2019-06-28 09:46:45.050039394,100065,216,100012,16,100124,213,99948,213,100189,213,99941,213,100416,100,99901,100,100476,100,99900,100,100566,100,99860,100,100635,100,99845,100,100735,100,99665,100,100822,100,99654,100,,,99602,100
2019-06-28 09:46:50.000000000,100065,186,99948,186,100124,186,99941,186,100189,186,99901,186,100416,186,99900,186,100476,100,99860,100,100566,100,99845,100,100635,100,99665,100,100735,100,99654,100,100822,100,99602,100,,,99479,100
2019-06-28 09:46:52.370616084,100065,186,99948,186,100124,186,99941,186,100189,186,99901,186,100416,186,99900,186,100476,100,99860,100,100566,100,99845,100,100635,100,99665,100,100735,100,99654,100,100822,100,99602,100,,,99479,100
2019-06-28 09:47:00.000000000,100065,271,99948,271,100124,271,99941,271,100189,100,99901,100,100416,100,99900,100,100476,100,99860,100,100566,100,99845,100,100635,100,99665,100,100735,100,99654,100,100822,100,99602,100,,,99479,100
2019-06-28 09:47:04.275286418,100065,271,99948,171,100124,271,99941,271,100189,100,99900,100,100416,100,99860,100,100476,100,99845,100,100566,100,99665,100,100635,100,99654,100,100735,100,99602,100,100822,100,99479,100,,,99440,100
2019-06-28 09:47:10.000000000,100065,271,99941,271,100124,271,99900,271,100189,100,99860,100,100416,100,99845,100,100476,100,99665,100,100566,100,99654,100,100635,100,99602,100,100735,100,99479,100,100822,100,99440,100,,,99385,100
2019-06-28 09:47:20.000000000,100065,216,99941,216,100124,213,99900,213,100189,213,99860,213,100416,100,99845,100,100476,100,99665,100,100566,100,99654,100,100635,100,99602,100,100735,100,99479,100,100822,100,99440,100,,,99385,100
2019-06-28 09:47:30.000000000,100065,168,99941,168,100124,168,99900,168,100189,168,99860,168,100416,168,99845,168,100476,168,99665,168,100566,100,99654,100,100635,100,99602,100,100735,100,99479,100,100822,100,99440,100,,,99385,100
2019-06-28 09:47:31.754802503,100065,168,99941,168,100124,168,99900,168,100189,168,99860,168,100416,168,99845,168,100476,168,99665,168,100566,100,99654,100,100635,100,99602,100,100735,100,99537,100,100822,100,99479,100,,,99440,100
2019-06-28 09:47:40.000000000,100065,186,99941,186,100124,186,99900,186,100189,186,99860,186,100416,186,99845,186,100476,100,99665,100,100566,100,99654,100,100635,100,99602,100,100735,100,99537,100,100822,100,99479,100,,,99440,100
2019-06-28 09:47:50.000000000,100065,186,99941,186,100124,186,99900,186,100189,186,99860,186,100416,186,99845,186,100476,100,99665,100,100566,100,99654,100,100635,100,99602,100,100735,100,99537,100,100822,100,99479,100,,,99440,100
2019-06-28 09:48:00.000000000,100065,271,99941,271,100124,271,99900,271,100189,100,99860,100,100416,100,99845,100,100476,100,99665,100,100566,100,99654,100,100635,100,99602,100,100735,100,99537,100,100822,100,99479,100,,,99440,100
2019-06-28 09:48:03.078475232,100065,271,99941,271,100124,271,99900,271,100189,100,99860,100,100416,100,99845,100,100476,100,99665,100,100566,100,99654,100,100635,100,99602,100,100735,100,99537,100,100822,100,99479,100,,,99440,100
2019-06-28 09:48:10.000000000,100065,271,99941,271,100124,271,99900,271,100189,100,99860,100,100416,100,99845,100,100476,100,99665,100,100566,100,99654,100,100635,100,99602,100,100735,100,99537,100,100822,100,99479,100,,,99440,100
2019-06-28 09:48:13.485452088,100065,271,99941,271,100124,271,99900,271,100189,100,99860,100,100416,100,99845,100,100476,100,99665,100,100566,100,99654,100,100635,100,99537,100,100735,100,99479,100,100822,100,99440,100,,,99385,100
2019-06-28 09:48:20.000000000,100065,186,99941,186,100124,186,99900,186,100189,186,99860,186,100416,186,99845,186,100476,100,99665,100,100566,100,99654,100,100635,100,99537,100,100735,100,99479,100,100822,100,99440,100,,,99385,100
2019-06-28 09:48:22.340201423,100065,186,99941,186,100124,186,99900,186,100189,186,99860,186,100416,186,99845,186,100476,100,99665,100,100566,100,99654,100,100635,100,99537,100,100735,100,99479,100,100822,100,99440,100,,,99385,100
2019-06-28 09:48:26.282110755,100065,186,99941,86,100124,186,99900,186,100189,186,99860,186,100416,186,99845,186,100476,100,99665,100,100566,100,99654,100,100635,100,99537,100,100735,100,99479,100,100822,100,99440,100,,,99385,100
2019-06-28 09:48:30.000000000,100065,168,99900,168,100124,168,99860,168,100189,168,99845,168,100416,168,99665,168,100476,168,99654,168,100566,100,99537,100,100635,100,99479,100,100735,100,99440,100,100822,100,99385,100,,,99250,100
2019-06-28 09:48:40.000000000,100065,442,99900,442,100124,100,99860,100,100189,100,99845,100,100416,100,99665,100,100476,100,99654,100,100566,100,99537,100,100635,100,99479,100,100735,100,99440,100,100822,100,99385,100,,,99250,100
2019-06-28 09:48:49.862018973,100065,442,99900,342,100124,100,99860,100,100189,100,99845,100,100416,100,99665,100,100476,100,99654,100,100635,100,99537,100,100735,100,99479,100,100822,100,99440,100,,,99385,100,,,99250,100
2019-06-28 09:48:50.000000000,100065,186,99860,186,100124,186,99845,186,100189,186,99665,186,100416,186,99654,186,100476,100,99537,100,100635,100,99479,100,100735,100,99440,100,100822,100,99385,100,,,99250,100,,,99193,100
2019-06-28 09:49:00.000000000,100065,168,99860,168,100124,168,99845,168,100189,168,99665,168,100416,168,99654,168,100476,168,99537,168,100635,100,99479,100,100735,100,99440,100,100822,100,99385,100,,,99250,100,,,99193,100
2019-06-28 09:49:00.974950188,100065,168,99860,168,100124,168,99845,168,100189,168,99665,168,100416,168,99654,168,100476,168,99537,168,100635,100,99516,100,100735,100,99479,100,100822,100,99440,100,,,99385,100,,,99250,100
2019-06-28 09:49:10.000000000,100065,168,99860,168,100124,168,99845,168,100189,168,99665,168,100416,168,99654,168,100476,168,99537,168,100635,100,99516,100,100735,100,99479,100,100822,100,99440,100,,,99385,100,,,99250,100
2019-06-28 09:49:20.000000000,100065,168,99860,168,100124,168,99845,168,100189,168,99665,168,100416,168,99654,168,100476,168,99537,168,100635,100,99516,100,100735,100,99479,100,100822,100,99440,100,,,99385,100,,,99250,100
2019-06-28 09:49:30.000000000,100065,168,99860,168,100124,168,99845,168,100189,168,99665,168,100416,168,99654,168,100476,168,99537,168,100635,100,99516,100,100735,100,99479,100,100822,100,99440,100,,,99385,100,,,99250,100
2019-06-28 09:49:32.615540163,100065,168,99860,168,100124,168,99845,168,100189,168,99665,168,100416,168,99654,168,100476,168,99582,100,100635,100,99537,68,100735,100,99516,100,100822,100,99479,100,,,99440,100,,,99385,100
2019-06-28 09:49:38.187926322,100065,168,99860,68,100124,168,99845,168,100189,168,99665,168,100416,168,99654,168,100476,168,99582,100,100635,100,99537,68,100735,100,99516,100,100822,100,99479,100,,,99440,100,,,99385,100
2019-06-28 09:49:40.000000000,100065,168,99845,168,100124,168,99665,168,100189,168,99654,168,100416,168,99582,168,100476,168,99516,168,100635,100,99479,100,100735,100,99440,100,100822,100,99385,100,,,99250,100,,,99193,100
2019-06-28 09:49:40.263616173,100065,168,99845,68,100124,168,99665,168,100189,168,99654,168,100416,168,99582,168,100476,168,99516,168,100635,100,99479,100,100735,100,99440,100,100822,100,99385,100,,,99250,100,,,99193,100
2019-06-28 09:49:50.000000000,100065,271,99665,271,100124,271,99654,271,100189,100,99582,100,100416,100,99516,100,100476,100,99479,100,100635,100,99440,100,100735,100,99385,100,100822,100,99250,100,,,99193,100,,,99191,100
2019-06-28 09:49:56.359341210,100065,271,99688,100,100124,271,99665,271,100189,100,99654,271,100416,100,99582,100,100476,100,99516,100,100635,100,99479,100,100735,100,99440,100,100822,100,99385,100,,,99250,100,,,99193,100
2019-06-28 09:50:00.000000000,100065,186,99688,186,100124,186,99665,186,100189,186,99654,186,100416,186,99582,186,100476,100,99516,100,100635,100,99479,100,100735,100,99440,100,100822,100,99385,100,,,99250,100,,,99193,100
2019-06-28 09:50:10.000000000,100065,442,99688,442,100124,100,99665,100,100189,100,99654,100,100416,100,99582,100,100476,100,99516,100,100635,100,99479,100,100735,100,99440,100,100822,100,99385,100,,,99250,100,,,99193,100
2019-06-28 09:50:20.000000000,100065,168,99688,168,100124,168,99665,168,100189,168,99654,168,100416,168,99582,168,100476,168,99516,168,100635,100,99479,100,100735,100,99440,100,100822,100,99385,100,,,99250,100,,,99193,100
2019-06-28 09:50:30.000000000,100065,216,99688,216,100124,213,99665,213,100189,213,99654,213,100416,100,99582,100,100476,100,99516,100,100635,100,99479,100,100735,100,99440,100,100822,100,99385,100,,,99250,100,,,99193,100
2019-06-28 09:50:30.886436942,100065,116,99688,216,100124,213,99665,213,100189,213,99654,213,100416,100,99582,100,100476,100,99516,100,100635,100,99479,100,100735,100,99440,100,100822,100,99385,100,,,99250,100,,,99193,100
2019-06-28 09:50:31.708490207,100065,116,99688,216,100124,213,99665,213,100181,100,99654,213,100189,213,99582,100,100416,100,99516,100,100476,100,99479,100,100635,100,99440,100,100735,100,99385,100,100822,100,99250,100,,,99193,100
2019-06-28 09:50:40.000000000,100124,271,99688,271,100181,271,99665,271,100189,100,99654,100,100416,100,99582,100,100476,100,99516,100,100635,100,99479,100,100735,100,99440,100,100822,100,99385,100,,,99250,100,,,99193,100
2019-06-28 09:50:50.000000000,100124,168,99688,168,100181,168,99665,168,100189,168,99654,168,100416,168,99582,168,100476,168,99516,168,100635,100,99479,100,100735,100,99440,100,100822,100,99385,100,,,99250,100,,,99193,100
2019-06-28 09:50:54.666516920,100124,168,99688,168,100165,100,99665,168,100181,168,99654,168,100189,168,99582,168,100416,68,99516,168,100476,168,99479,100,100635,100,99440,100,100735,100,99385,100,100822,100,99250,100,,,99193,100
2019-06-28 09:51:00.000000000,100124,271,99688,271,100165,271,99665,271,100181,100,99654,100,100189,100,99582,100,100476,100,99516,100,100635,100,99479,100,100735,100,99440,100,100822,100,99385,100,,,99250,100,,,99193,100
2019-06-28 09:51:07.861380254,100124,271,100088,100,100165,271,99688,271,100181,100,99665,271,100189,100,99654,100,100476,100,99582,100,100635,100,99516,100,100735,100,99479,100,100822,100,99440,100,,,99385,100,,,99250,100
2019-06-28 09:51:09.010790378,100124,271,100088,100,100165,271,100033,100,100181,100,99688,271,100189,100,99665,271,100476,100,99654,100,100635,100,99582,100,100735,100,99516,100,100822,100,99479,100,,,99440,100,,,99385,100
2019-06-28 09:51:10.000000000,100124,168,100088,168,100165,168,100033,168,100181,168,99688,168,100189,168,99665,168,100476,168,99654,168,100635,100,99582,100,100735,100,99516,100,100822,100,99479,100,,,99440,100,,,99385,100
2019-06-28 09:51:20.000000000,100124,216,100088,216,100165,213,100033,213,100181,213,99688,213,100189,100,99665,100,100476,100,99654,100,100635,100,99582,100,100735,100,99516,100,100822,100,99479,100,,,99440,100,,,99385,100
2019-06-28 09:51:25.412068896,100124,216,100088,216,100165,213,100033,313,100181,213,99688,213,100189,100,99665,100,100476,100,99654,100,100735,100,99582,100,100822,100,99516,100,,,99479,100,,,99440,100,,,99385,100
2019-06-28 09:51:30.000000000,100124,216,100088,216,100165,213,100033,313,100181,213,99688,213,100189,100,99665,100,100476,100,99654,100,100735,100,99582,100,100822,100,99516,100,,,99479,100,,,99440,100,,,99385,100
2019-06-28 09:51:36.376119766,100124,216,100088,116,100165,213,100033,313,100181,213,99688,213,100189,100,99665,100,100476,100,99654,100,100735,100,99582,100,100822,100,99516,100,,,99479,100,,,99440,100,,,99385,100
2019-06-28 09:51:40.000000000,100124,442,100033,542,100165,100,99688,100,100181,100,99665,100,100189,100,99654,100,100476,100,99582,100,100735,100,99516,100,100822,100,99479,100,,,99440,100,,,99385,100,,,99250,100
2019-06-28 09:51:50.000000000,100124,442,100033,542,100165,100,99688,100,100181,100,99665,100,100189,100,99654,100,100476,100,99582,100,100735,100,99516,100,100822,100,99479,100,,,99440,100,,,99385,100,,,99250,100
2019-06-28 09:51:51.294917258,100124,442,100073,100,100165,100,100033,542,100181,100,99688,100,100189,100,99665,100,100476,100,99654,100,100735,100,99582,100,100822,100,99516,100,,,99479,100,,,99440,100,,,99385,100
2019-06-28 09:52:00.000000000,100124,186,100073,186,100165,186,100033,286,100181,186,99688,186,100189,186,99665,186,100476,100,99654,100,100735,100,99582,100,100822,100,99516,100,,,99479,100,,,99440,100,,,99385,100
2019-06-28 09:52:00.316782499,100124,186,100073,186,100165,186,100033,286,100181,186,99688,186,100189,186,99683,100,100476,100,99665,186,100735,100,99654,100,100822,100,99582,100,,,99516,100,,,99479,100,,,99440,100
2019-06-28 09:52:06.565211851,100124,186,100073,86,100165,186,100033,286,100181,186,99688,186,100189,186,99683,100,100476,100,99665,186,100735,100,99654,100,100822,100,99582,100,,,99516,100,,,99479,100,,,99440,100
2019-06-28 09:52:10.000000000,100124,216,100033,316,100165,213,99688,213,100181,213,99683,213,100189,100,99665,100,100476,100,99654,100,100735,100,99582,100,100822,100,99516,100,,,99479,100,,,99440,100,,,99385,100
2019-06-28 09:52:20.000000000,100124,216,100033,316,100165,213,99688,213,100181,213,99683,213,100189,100,99665,100,100476,100,99654,100,100735,100,99582,100,100822,100,99516,100,,,99479,100,,,99440,100,,,99385,100
2019-06-28 09:52:30.000000000,100124,442,100033,542,100165,100,99688,100,100181,100,99683,100,100189,100,99665,100,100476,100,99654,100,100735,100,99582,100,100822,100,99516,100,,,99479,100,,,99440,100,,,99385,100
2019-06-28 09:52:31.622616921,100124,342,100033,542,100165,100,99688,100,100181,100,99683,100,100189,100,99665,100,100476,100,99654,100,100735,100,99582,100,100822,100,99516,100,,,99479,100,,,99440,100,,,99385,100
2019-06-28 09:52:40.000000000,100165,216,100033,316,100181,213,99688,213,100189,213,99683,213,100476,100,99665,100,100735,100,99654,100,100822,100,99582,100,,,99516,100,,,99479,100,,,99440,100,,,99385,100
2019-06-28 09:52:50.000000000,100165,186,100033,286,100181,186,99688,186,100189,186,99683,186,100476,186,99665,186,100735,100,99654,100,100822,100,99582,100,,,99516,100,,,99479,100,,,99440,100,,,99385,100
2019-06-28 09:52:55.143724675,100165,186,100033,286,100181,186,99934,100,100189,186,99688,186,100476,186,99683,186,100735,100,99665,186,100822,100,99654,100,,,99582,100,,,99516,100,,,99479,100,,,99440,100
2019-06-28 09:53:00.000000000,100165,186,100033,286,100181,186,99934,186,100189,186,99688,186,100476,186,99683,186,100735,100,99665,100,100822,100,99654,100,,,99582,100,,,99516,100,,,99479,100,,,99440,100
2019-06-28 09:53:10.000000000,100165,168,100033,268,100181,168,99934,168,100189,168,99688,168,100476,168,99683,168,100735,168,99665,168,100822,100,99654,100,,,99582,100,,,99516,100,,,99479,100,,,99440,100
2019-06-28 09:53:20.000000000,100165,186,100033,286,100181,186,99934,186,100189,186,99688,186,100476,186,99683,186,100735,100,99665,100,100822,100,99654,100,,,99582,100,,,99516,100,,,99479,100,,,99440,100
2019-06-28 09:53:30.000000000,100165,271,100033,371,100181,271,99934,271,100189,100,99688,100,100476,100,99683,100,100735,100,99665,100,100822,100,99654,100,,,99582,100,,,99516,100,,,99479,100,,,99440,100
2019-06-28 09:53:32.300665280,100165,271,100074,100,100181,271,100033,371,100189,100,99934,271,100476,100,99688,100,100735,100,99683,100,100822,100,99665,100,,,99654,100,,,99582,100,,,99516,100,,,99479,100
2019-06-28 09:53:40.000000000,100165,442,100074,442,100181,100,100033,200,100189,100,99934,100,100476,100,99688,100,100735,100,99683,100,100822,100,99665,100,,,99654,100,,,99582,100,,,99516,100,,,99479,100
2019-06-28 09:53:43.948797678,100165,342,100074,442,100181,100,100033,200,100189,100,99934,100,100476,100,99688,100,100735,100,99683,100,100822,100,99665,100,,,99654,100,,,99582,100,,,99516,100,,,99479,100
2019-06-28 09:53:46.199974625,100165,342,100075,100,100181,100,100074,442,100189,100,100033,200,100476,100,99934,100,100735,100,99688,100,100822,100,99683,100,,,99665,100,,,99654,100,,,99582,100,,,99516,100
2019-06-28 09:53:50.000000000,100181,186,100075,186,100189,186,100074,186,100476,186,100033,286,100735,186,99934,186,100822,100,99688,100,,,99683,100,,,99665,100,,,99654,100,,,99582,100,,,99516,100
2019-06-28 09:54:00.000000000,100181,442,100075,442,100189,100,100074,100,100476,100,100033,200,100735,100,99934,100,100822,100,99688,100,,,99683,100,,,99665,100,,,99654,100,,,99582,100,,,99516,100
2019-06-28 09:54:01.181075727,100181,442,100075,442,100189,100,100074,100,100476,100,100033,200,100531,100,99934,100,100735,100,99688,100,100822,100,99683,100,,,99665,100,,,99654,100,,,99582,100,,,99516,100
2019-06-28 09:54:10.000000000,100181,442,100075,442,100189,100,100074,100,100476,100,100033,200,100531,100,99934,100,100735,100,99688,100,100822,100,99683,100,,,99665,100,,,99654,100,,,99582,100,,,99516,100
2019-06-28 09:54:13.909809683,100181,442,100075,542,100189,100,100074,100,100476,100,100033,200,100531,100,99934,100,100735,100,99688,100,100822,100,99683,100,,,99665,100,,,99654,100,,,99582,100,,,99516,100
2019-06-28 09:54:20.000000000,100181,216,100075,316,100189,213,100074,213,100476,213,100033,313,100531,100,99934,100,100735,100,99688,100,100822,100,99683,100,,,99665,100,,,99654,100,,,99582,100,,,99516,100
2019-06-28 09:54:24.880939130,100181,116,100075,316,100189,213,100074,213,100476,213,100033,313,100531,100,99934,100,100735,100,99688,100,100822,100,99683,100,,,99665,100,,,99654,100,,,99582,100,,,99516,100
2019-06-28 09:54:30.000000000,100189,186,100075,286,100476,186,100074,186,100531,186,100033,286,100735,186,99934,186,100822,100,99688,100,,,99683,100,,,99665,100,,,99654,100,,,99582,100,,,99516,100
2019-06-28 09:54:40.000000000,100189,186,100075,286,100476,186,100074,186,100531,186,100033,286,100735,186,99934,186,100822,100,99688,100,,,99683,100,,,99665,100,,,99654,100,,,99582,100,,,99516,100
2019-06-28 09:54:50.000000000,100189,168,100075,268,100476,168,100074,168,100531,168,100033,268,100735,168,99934,168,100822,168,99688,168,,,99683,100,,,99665,100,,,99654,100,,,99582,100,,,99516,100
2019-06-28 09:55:00.000000000,100189,168,100075,268,100476,168,100074,168,100531,168,100033,268,100735,168,99934,168,100822,168,99688,168,,,99683,100,,,99665,100,,,99654,100,,,99582,100,,,99516,100
2019-06-28 09:55:01.459290365,100189,68,100075,268,100476,168,100074,168,100531,168,100033,268,100735,168,99934,168,100822,168,99688,168,,,99683,100,,,99665,100,,,99654,100,,,99582,100,,,99516,100
2019-06-28 09:55:10.000000000,100476,186,100075,286,100531,186,100074,186,100735,186,100033,286,100822,186,99934,186,,,99688,100,,,99683,100,,,99665,100,,,99654,100,,,99582,100,,,99516,100
2019-06-28 09:55:20.000000000,100476,186,100075,286,100531,186,100074,186,100735,186,100033,286,100822,186,99934,186,,,99688,100,,,99683,100,,,99665,100,,,99654,100,,,99582,100,,,99516,100
2019-06-28 09:55:20.915454949,100421,100,100075,286,100476,186,100074,186,100531,186,100033,286,100735,186,99934,186,100822,186,99688,100,,,99683,100,,,99665,100,,,99654,100,,,99582,100,,,99516,100
2019-06-28 09:55:21.541315601,100208,100,100075,286,100421,100,100074,186,100476,186,100033,286,100531,186,99934,186,100735,186,99688,100,100822,186,99683,100,,,99665,100,,,99654,100,,,99582,100,,,99516,100
2019-06-28 09:55:30.000000000,100208,442,100075,542,100421,100,100074,100,100476,100,100033,200,100531,100,99934,100,100735,100,99688,100,100822,100,99683,100,,,99665,100,,,99654,100,,,99582,100,,,99516,100
2019-06-28 09:55:40.000000000,100208,442,100075,542,100421,100,100074,100,100476,100,100033,200,100531,100,99934,100,100735,100,99688,100,100822,100,99683,100,,,99665,100,,,99654,100,,,99582,100,,,99516,100
2019-06-28 09:55:50.000000000,100208,271,100075,371,100421,271,100074,271,100476,100,100033,200,100531,100,99934,100,100735,100,99688,100,100822,100,99683,100,,,99665,100,,,99654,100,,,99582,100,,,99516,100
2019-06-28 09:55:56.316093522,100180,100,100075,371,100208,271,100074,271,100421,271,100033,200,100476,100,99934,100,100531,100,99688,100,100735,100,99683,100,100822,100,99665,100,,,99654,100,,,99582,100,,,99516,100
2019-06-28 09:56:00.000000000,100180,442,100075,542,100208,100,100074,100,100421,100,100033,200,100476,100,99934,100,100531,100,99688,100,100735,100,99683,100,100822,100,99665,100,,,99654,100,,,99582,100,,,99516,100
2019-06-28 09:56:08.065321310,100180,342,100075,542,100208,100,100074,100,100421,100,100033,200,100476,100,99934,100,100531,100,99688,100,100735,100,99683,100,100822,100,99665,100,,,99654,100,,,99582,100,,,99516,100
2019-06-28 09:56:10.000000000,100208,271,100075,371,100421,271,100074,271,100476,100,100033,200,100531,100,99934,100,100735,100,99688,100,100822,100,99683,100,,,99665,100,,,99654,100,,,99582,100,,,99516,100
2019-06-28 09:56:10.759172307,100184,100,100075,371,100208,271,100074,271,100421,271,100033,100,100476,100,99934,100,100531,100,99688,100,100735,100,99683,100,100822,100,99665,100,,,99654,100,,,99582,100,,,99516,100
2019-06-28 09:56:10.966097974,100184,100,100075,371,100208,271,100074,271,100273,100,100033,100,100421,271,99934,100,100476,100,99688,100,100531,100,99683,100,100735,100,99665,100,100822,100,99654,100,,,99582,100,,,99516,100
2019-06-28 09:56:20.000000000,100184,216,100075,316,100208,213,100074,213,100273,213,100033,213,100421,100,99934,100,100476,100,99688,100,100531,100,99683,100,100735,100,99665,100,100822,100,99654,100,,,99582,100,,,99516,100
2019-06-28 09:56:30.000000000,100184,271,100075,371,100208,271,100074,271,100273,100,100033,100,100421,100,99934,100,100476,100,99688,100,100531,100,99683,100,100735,100,99665,100,100822,100,99654,100,,,99582,100,,,99516,100
2019-06-28 09:56:40.000000000,100184,186,100075,286,100208,186,100074,186,100273,186,100033,186,100421,186,99934,186,100476,100,99688,100,100531,100,99683,100,100735,100,99665,100,100822,100,99654,100,,,99582,100,,,99516,100
2019-06-28 09:56:50.000000000,100184,216,100075,316,100208,213,100074,213,100273,213,100033,213,100421,100,99934,100,100476,100,99688,100,100531,100,99683,100,100735,100,99665,100,100822,100,99654,100,,,99582,100,,,99516,100
2019-06-28 09:56:54.055648829,100184,216,100075,316,100208,213,100074,213,100273,213,100033,213,100299,100,99934,100,100421,100,99688,100,100476,100,99683,100,100531,100,99665,100,100735,100,99654,100,100822,100,99582,100,,,99516,100
2019-06-28 09:57:00.000000000,100184,186,100075,286,100208,186,100074,186,100273,186,100033,186,100299,186,99934,186,100421,100,99688,100,100476,100,99683,100,100531,100,99665,100,100735,100,99654,100,100822,100,99582,100,,,99516,100
2019-06-28 09:57:10.000000000,100184,186,100075,286,100208,186,100074,186,100273,186,100033,186,100299,186,99934,186,100421,100,99688,100,100476,100,99683,100,100531,100,99665,100,100735,100,99654,100,100822,100,99582,100,,,99516,100
2019-06-28 09:57:20.000000000,100184,216,100075,316,100208,213,100074,213,100273,213,100033,213,100299,100,99934,100,100421,100,99688,100,100476,100,99683,100,100531,100,99665,100,100735,100,99654,100,100822,100,99582,100,,,99516,100
2019-06-28 09:57:30.000000000,100184,216,100075,316,100208,213,100074,213,100273,213,100033,213,100299,100,99934,100,100421,100,99688,100,100476,100,99683,100,100531,100,99665,100,100735,100,99654,100,100822,100,99582,100,,,99516,100
2019-06-28 09:57:35.153602214,100184,216,100075,216,100208,213,100074,213,100273,213,100033,213,100299,100,99934,100,100421,100,99688,100,100476,100,99683,100,100531,100,99665,100,100735,100,99654,100,100822,100,99582,100,,,99516,100
2019-06-28 09:57:37.891552519,100184,216,100075,116,100208,213,100074,213,100273,213,100033,213,100299,100,99934,100,100421,100,99688,100,100476,100,99683,100,100531,100,99665,100,100735,100,99654,100,100822,100,99582,100,,,99516,100
2019-06-28 09:57:40.000000000,100184,168,100074,168,100208,168,100033,168,100273,168,99934,168,100299,168,99688,168,100421,168,99683,168,100476,100,99665,100,100531,100,99654,100,100735,100,99582,100,100822,100,99516,100,,,99440,100
2019-06-28 09:57:50.000000000,100184,271,100074,271,100208,271,100033,271,100273,100,99934,100,100299,100,99688,100,100421,100,99683,100,100476,100,99665,100,100531,100,99654,100,100735,100,99582,100,100822,100,99516,100,,,99440,100
2019-06-28 09:57:50.174857030,100075,100,100074,271,100184,271,100033,271,100208,271,99934,100,100273,100,99688,100,100299,100,99683,100,100421,100,99665,100,100476,100,99654,100,100531,100,99582,100,100735,100,99516,100,100822,100,99440,100
2019-06-28 09:58:00.000000000,100075,186,100074,186,100184,186,100033,186,100208,186,99934,186,100273,186,99688,186,100299,100,99683,100,100421,100,99665,100,100476,100,99654,100,100531,100,99582,100,100735,100,99516,100,100822,100,99440,100
2019-06-28 09:58:10.000000000,100075,216,100074,216,100184,213,100033,213,100208,213,99934,213,100273,100,99688,100,100299,100,99683,100,100421,100,99665,100,100476,100,99654,100,100531,100,99582,100,100735,100,99516,100,100822,100,99440,100
2019-06-28 09:58:18.100724126,100075,216,100074,216,100184,213,100033,213,100208,213,99934,213,100273,100,99688,100,100299,100,99683,100,100421,100,99665,100,100476,100,99654,100,100531,100,99582,100,100735,100,99516,100,100822,100,99450,100
2019-06-28 09:58:20.000000000,100075,168,100074,168,100184,168,100033,168,100208,168,99934,168,100273,168,99688,168,100299,168,99683,168,100421,100,99665,100,100476,100,99654,100,100531,100,99582,100,100735,100,99516,100,100822,100,99450,100
2019-06-28 09:58:30.000000000,100075,168,100074,168,100184,168,100033,168,100208,168,99934,168,100273,168,99688,168,100299,168,99683,168,100421,100,99665,100,100476,100,99654,100,100531,100,99582,100,100735,100,99516,100,100822,100,99450,100
2019-06-28 09:58:40.000000000,100075,168,100074,168,100184,168,100033,168,100208,168,99934,168,100273,168,99688,168,100299,168,99683,168,100421,100,99665,100,100476,100,99654,100,100531,100,99582,100,100735,100,99516,100,100822,100,99450,100
2019-06-28 09:58:50.000000000,100075,168,100074,168,100184,168,100033,168,100208,168,99934,168,100273,168,99688,168,100299,168,99683,168,100421,100,99665,100,100476,100,99654,100,100531,100,99582,100,100735,100,99516,100,100822,100,99450,100
2019-06-28 09:59:00.000000000,100075,168,100074,168,100184,168,100033,168,100208,168,99934,168,100273,168,99688,168,100299,168,99683,168,100421,100,99665,100,100476,100,99654,100,100531,100,99582,100,100735,100,99516,100,100822,100,99450,100
2019-06-28 09:59:04.703858552,100075,168,100074,68,100184,168,100033,168,100208,168,99934,168,100273,168,99688,168,100299,168,99683,168,100421,100,99665,100,100476,100,99654,100,100531,100,99582,100,100735,100,99516,100,100822,100,99450,100
2019-06-28 09:59:08.416367112,100075,168,100074,68,100184,168,100033,168,100208,168,99934,168,100273,168,99688,168,100299,168,99683,168,100421,100,99665,100,100476,100,99654,100,100531,100,99582,100,100735,100,99558,100,100822,100,99516,100
2019-06-28 09:59:10.000000000,100075,442,100033,442,100184,100,99934,100,100208,100,99688,100,100273,100,99683,100,100299,100,99665,100,100421,100,99654,100,100476,100,99582,100,100531,100,99558,100,100735,100,99516,100,100822,100,99450,100
2019-06-28 09:59:20.000000000,100075,168,100033,168,100184,168,99934,168,100208,168,99688,168,100273,168,99683,168,100299,168,99665,168,100421,100,99654,100,100476,100,99582,100,100531,100,99558,100,100735,100,99516,100,100822,100,99450,100
2019-06-28 09:59:21.059330641,100075,168,100033,68,100184,168,99934,68,100208,168,99688,168,100273,168,99683,168,100299,168,99665,168,100421,100,99654,100,100476,100,99582,100,100531,100,99558,100,100735,100,99516,100,100822,100,99450,100
2019-06-28 09:59:30.000000000,100075,442,99688,442,100184,100,99683,100,100208,100,99665,100,100273,100,99654,100,100299,100,99582,100,100421,100,99558,100,100476,100,99516,100,100531,100,99450,100,100735,100,99440,100,100822,100,99193,100
2019-06-28 09:59:39.851117147,99840,100,99688,442,100075,442,99683,100,100184,100,99665,100,100208,100,99654,100,100273,100,99582,100,100299,100,99558,100,100421,100,99516,100,100476,100,99450,100,100531,100,99440,100,100735,100,99193,100
2019-06-28 09:59:40.000000000,99840,442,99688,442,100075,100,99683,100,100184,100,99665,100,100208,100,99654,100,100273,100,99582,100,100299,100,99558,100,100421,100,99516,100,100476,100,99450,100,100531,100,99440,100,100735,100,99193,100
2019-06-28 09:59:50.000000000,99840,168,99688,168,100075,168,99683,168,100184,168,99665,168,100208,168,99654,168,100273,168,99582,168,100299,100,99558,100,100421,100,99516,100,100476,100,99450,100,100531,100,99440,100,100735,100,99193,100
2019-06-28 09:59:59.366238215,99840,168,99688,168,100075,168,99683,168,100184,168,99665,168,100208,168,99654,168,100273,168,99582,168,100299,100,99558,100,100421,100,99516,100,100476,100,99493,100,100531,100,99450,100,100735,100,99440,100
2019-06-28 10:00:00.000000000,99840,186,99688,186,100075,186,99683,186,100184,186,99665,186,100208,186,99654,186,100273,100,99582,100,100299,100,99558,100,100421,100,99516,100,100476,100,99493,100,100531,100,99450,100,100735,100,99440,100
2019-06-28 10:00:08.995505697,99787,100,99688,186,99840,186,99683,186,100075,186,99665,186,100184,186,99654,186,100208,186,99582,100,100273,100,99558,100,100299,100,99516,100,100421,100,99493,100,100476,100,99450,100,100531,100,99440,100
2019-06-28 10:00:10.000000000,99787,186,99688,186,99840,186,99683,186,100075,186,99665,186,100184,186,99654,186,100208,100,99582,100,100273,100,99558,100,100299,100,99516,100,100421,100,99493,100,100476,100,99450,100,100531,100,99440,100
2019-06-28 10:00:20.000000000,99787,216,99688,216,99840,213,99683,213,100075,213,99665,213,100184,100,99654,100,100208,100,99582,100,100273,100,99558,100,100299,100,99516,100,100421,100,99493,100,100476,100,99450,100,100531,100,99440,100
2019-06-28 10:00:30.000000000,99787,216,99688,216,99840,213,99683,213,100075,213,99665,213,100184,100,99654,100,100208,100,99582,100,100273,100,99558,100,100299,100,99516,100,100421,100,99493,100,100476,100,99450,100,100531,100,99440,100
2019-06-28 10:00:33.777716310,99787,216,99688,216,99840,213,99683,213,100075,213,99665,213,100184,100,99591,100,100208,100,99582,100,100273,100,99558,100,100299,100,99516,100,100421,100,99493,100,100476,100,99450,100,100531,100,99440,100
2019-06-28 10:00:40.000000000,99787,168,99688,168,99840,168,99683,168,100075,168,99665,168,100184,168,99591,168,100208,168,99582,168,100273,100,99558,100,100299,100,99516,100,100421,100,99493,100,100476,100,99450,100,100531,100,99440,100
2019-06-28 10:00:42.049401512,99787,168,99688,68,99840,168,99683,168,100075,168,99665,168,100184,168,99591,168,100208,168,99582,168,100273,100,99558,100,100299,100,99516,100,100421,100,99493,100,100476,100,99450,100,100735,100,99440,100
2019-06-28 10:00:42.682795315,99787,168,99688,68,99840,168,99683,168,99924,100,99665,168,100075,168,99591,168,100184,68,99582,168,100208,168,99558,100,100273,100,99516,100,100299,100,99493,100,100421,100,99450,100,100476,100,99440,100
2019-06-28 10:00:48.993669669,99787,168,99688,68,99840,168,99683,168,99924,100,99665,168,100075,168,99591,168,100184,68,99582,168,100208,168,99558,100,100273,100,99548,100,100299,100,99516,100,100421,100,99493,100,100476,100,99450,100
2019-06-28 10:00:49.481776672,99787,168,99688,68,99840,168,99683,168,99924,100,99665,168,100075,168,99591,168,100184,68,99582,168,100208,168,99561,100,100273,100,99558,100,100299,100,99548,100,100421,100,99516,100,100476,100,99493,100
2019-06-28 10:00:50.000000000,99787,216,99683,216,99840,213,99665,213,99924,213,99591,213,100075,100,99582,100,100208,100,99561,100,100273,100,99558,100,100299,100,99548,100,100421,100,99516,100,100476,100,99493,100,100735,100,99450,100
2019-06-28 10:01:00.000000000,99787,168,99683,168,99840,168,99665,168,99924,168,99591,168,100075,168,99582,168,100208,168,99561,168,100273,100,99558,100,100299,100,99548,100,100421,100,99516,100,100476,100,99493,100,100735,100,99450,100
2019-06-28 10:01:09.377821568,99787,168,99683,168,99792,100,99665,168,99840,168,99591,168,99924,168,99582,168,100075,168,99561,168,100208,168,99558,100,100273,100,99548,100,100299,100,99516,100,100421,100,99493,100,100476,100,99450,100
2019-06-28 10:01:10.000000000,99787,216,99683,216,99792,213,99665,213,99840,213,99591,213,99924,100,99582,100,100075,100,99561,100,100208,100,99558,100,100273,100,99548,100,100299,100,99516,100,100421,100,99493,100,100476,100,99450,100
2019-06-28 10:01:17.048856314,99787,216,99736,100,99792,213,99683,216,99840,213,99665,213,99924,100,99591,213,100075,100,99582,100,100208,100,99561,100,100273,100,99558,100,100299,100,99548,100,100421,100,99516,100,100476,100,99493,100
2019-06-28 10:01:20.000000000,99787,168,99736,168,99792,168,99683,168,99840,168,99665,168,99924,168,99591,168,100075,168,99582,168,100208,100,99561,100,100273,100,99558,100,100299,100,99548,100,100421,100,99516,100,100476,100,99493,100
2019-06-28 10:01:30.000000000,99787,168,99736,168,99792,168,99683,168,99840,168,99665,168,99924,168,99591,168,100075,168,99582,168,100208,100,99561,100,100273,100,99558,100,100299,100,99548,100,100421,100,99516,100,100476,100,99493,100
2019-06-28 10:01:37.921589468,99787,168,99736,168,99792,168,99683,168,99840,168,99665,168,99924,168,99591,168,100075,168,99582,168,100180,100,99561,100,100208,100,99558,100,100273,100,99548,100,100299,100,99493,100,100421,100,99450,100
2019-06-28 10:01:40.000000000,99787,271,99736,271,99792,271,99683,271,99840,100,99665,100,99924,100,99591,100,100075,100,99582,100,100180,100,99561,100,100208,100,99558,100,100273,100,99548,100,100299,100,99493,100,100421,100,99450,100
2019-06-28 10:01:50.000000000,99787,168,99736,168,99792,168,99683,168,99840,168,99665,168,99924,168,99591,168,100075,168,99582,168,100180,100,99561,100,100208,100,99558,100,100273,100,99548,100,100299,100,99493,100,100421,100,99450,100
2019-06-28 10:01:51.052413432,99787,68,99736,168,99792,168,99683,168,99840,168,99665,68,99924,168,99591,168,100075,168,99582,168,100180,100,99561,100,100208,100,99558,100,100273,100,99548,100,100299,100,99493,100,100421,100,99450,100
2019-06-28 10:02:00.000000000,99792,186,99736,186,99840,186,99683,186,99924,186,99591,186,100075,186,99582,186,100180,100,99561,100,100208,100,99558,100,100273,100,99548,100,100299,100,99493,100,100421,100,99450,100,100476,100,99440,100
2019-06-28 10:02:03.927514592,99792,186,99737,100,99840,186,99736,186,99924,186,99683,186,100075,186,99591,186,100180,100,99582,186,100208,100,99561,100,100273,100,99558,100,100299,100,99548,100,100421,100,99493,100,100476,100,99450,100
2019-06-28 10:02:10.000000000,99792,216,99737,216,99840,213,99736,213,99924,213,99683,213,100075,100,99591,100,100180,100,99582,100,100208,100,99561,100,100273,100,99558,100,100299,100,99548,100,100421,100,99493,100,100476,100,99450,100
2019-06-28 10:02:13.481703492,99792,216,99737,216,99840,213,99736,213,99924,213,99683,213,100075,100,99591,100,100180,100,99582,100,100208,100,99561,100,100254,100,99558,100,100273,100,99548,100,100299,100,99493,100,100476,100,99450,100
2019-06-28 10:02:20.000000000,99792,216,99737,216,99840,213,99736,213,99924,213,99683,213,100075,100,99591,100,100180,100,99582,100,100208,100,99561,100,100254,100,99558,100,100273,100,99548,100,100299,100,99493,100,100476,100,99450,100
2019-06-28 10:02:30.000000000,99792,168,99737,168,99840,168,99736,168,99924,168,99683,168,100075,168,99591,168,100180,168,99582,168,100208,100,99561,100,100254,100,99558,100,100273,100,99548,100,100299,100,99493,100,100476,100,99450,100
2019-06-28 10:02:33.743466988,99792,168,99737,268,99840,168,99736,168,99924,168,99683,168,100075,168,99591,168,100180,168,99582,168,100208,100,99561,100,100254,100,99558,100,100273,100,99548,100,100299,100,99493,100,100476,100,99450,100
2019-06-28 10:02:40.000000000,99792,271,99737,371,99840,271,99736,271,99924,100,99683,100,100075,100,99591,100,100180,100,99582,100,100208,100,99561,100,100254,100,99558,100,100273,100,99548,100,100299,100,99493,100,100476,100,99450,100
2019-06-28 10:02:50.000000000,99792,216,99737,316,99840,213,99736,213,99924,213,99683,213,100075,100,99591,100,100180,100,99582,100,100208,100,99561,100,100254,100,99558,100,100273,100,99548,100,100299,100,99493,100,100476,100,99450,100
2019-06-28 10:03:00.000000000,99792,168,99737,268,99840,168,99736,168,99924,168,99683,168,100075,168,99591,168,100180,168,99582,168,100208,100,99561,100,100254,100,99558,100,100273,100,99548,100,100299,100,99493,100,100476,100,99450,100
2019-06-28 10:03:10.000000000,99792,168,99737,268,99840,168,99736,168,99924,168,99683,168,100075,168,99591,168,100180,168,99582,168,100208,100,99561,100,100254,100,99558,100,100273,100,99548,100,100299,100,99493,100,100476,100,99450,100
2019-06-28 10:03:13.566068219,99792,168,99737,268,99840,168,99736,168,99924,168,99683,168,100075,168,99591,168,100126,100,99582,168,100180,168,99561,100,100208,100,99558,100,100254,100,99548,100,100299,100,99493,100,100476,100,99450,100
2019-06-28 10:03:20.000000000,99792,271,99737,371,99840,271,99736,271,99924,100,99683,100,100075,100,99591,100,100126,100,99582,100,100180,100,99561,100,100208,100,99558,100,100254,100,99548,100,100299,100,99493,100,100476,100,99450,100
2019-06-28 10:03:30.000000000,99792,442,99737,542,99840,100,99736,100,99924,100,99683,100,100075,100,99591,100,100126,100,99582,100,100180,100,99561,100,100208,100,99558,100,100254,100,99548,100,100299,100,99493,100,100476,100,99450,100
2019-06-28 10:03:32.120184317,99792,442,99737,642,99840,100,99736,100,99924,100,99683,100,100075,100,99591,100,100126,100,99582,100,100180,100,99561,100,100208,100,99558,100,100254,100,99548,100,100299,100,99493,100,100476,100,99450,100
2019-06-28 10:03:40.000000000,99792,186,99737,386,99840,186,99736,186,99924,186,99683,186,100075,186,99591,186,100126,100,99582,100,100180,100,99561,100,100208,100,99558,100,100254,100,99548,100,100299,100,99493,100,100476,100,99450,100
2019-06-28 10:03:50.000000000,99792,216,99737,416,99840,213,99736,213,99924,213,99683,213,100075,100,99591,100,100126,100,99582,100,100180,100,99561,100,100208,100,99558,100,100254,100,99548,100,100299,100,99493,100,100476,100,99450,100
2019-06-28 10:04:00.000000000,99792,186,99737,386,99840,186,99736,186,99924,186,99683,186,100075,186,99591,186,100126,100,99582,100,100180,100,99561,100,100208,100,99558,100,100254,100,99548,100,100299,100,99493,100,100476,100,99450,100
2019-06-28 10:04:10.000000000,99792,442,99737,642,99840,100,99736,100,99924,100,99683,100,100075,100,99591,100,100126,100,99582,100,100180,100,99561,100,100208,100,99558,100,100254,100,99548,100,100299,100,99493,100,100476,100,99450,100
2019-06-28 10:04:11.711786262,99792,442,99737,642,99821,100,99736,100,99840,100,99683,100,99924,100,99591,100,100075,100,99582,100,100126,100,99561,100,100180,100,99558,100,100208,100,99548,100,100254,100,99493,100,100299,100,99450,100
2019-06-28 10:04:20.000000000,99792,271,99737,471,99821,271,99736,271,99840,100,99683,100,99924,100,99591,100,100075,100,99582,100,100126,100,99561,100,100180,100,99558,100,100208,100,99548,100,100254,100,99493,100,100299,100,99450,100
2019-06-28 10:04:30.000000000,99792,216,99737,416,99821,213,99736,213,99840,213,99683,213,99924,100,99591,100,100075,100,99582,100,100126,100,99561,100,100180,100,99558,100,100208,100,99548,100,100254,100,99493,100,100299,100,99450,100
2019-06-28 10:04:36.057632521,99792,216,99737,416,99821,213,99736,213,99840,213,99683,213,99924,100,99591,100,100075,100,99582,100,100126,100,99561,100,100180,100,99558,100,100208,100,99548,100,100254,100,99493,100,100299,100,99450,100
2019-06-28 10:04:40.000000000,99792,216,99737,416,99821,213,99736,213,99840,213,99683,213,99924,100,99591,100,100075,100,99582,100,100126,100,99561,100,100180,100,99558,100,100208,100,99548,100,100254,100,99493,100,100299,100,99450,100
2019-06-28 10:04:48.352269517,99792,216,99737,316,99821,213,99736,213,99840,213,99683,213,99924,100,99591,100,100075,100,99582,100,100126,100,99561,100,100180,100,99548,100,100208,100,99493,100,100254,100,99450,100,100299,100,99440,100
2019-06-28 10:04:50.000000000,99792,186,99737,286,99821,186,99736,186,99840,186,99683,186,99924,186,99591,186,100075,100,99582,100,100126,100,99561,100,100180,100,99548,100,100208,100,99493,100,100254,100,99450,100,100299,100,99440,100
2019-06-28 10:04:58.634806328,99786,100,99737,286,99792,186,99736,186,99821,186,99683,186,99840,186,99591,186,99924,186,99582,100,100075,100,99561,100,100126,100,99548,100,100180,100,99493,100,100208,100,99450,100,100254,100,99440,100
2019-06-28 10:05:00.000000000,99786,216,99737,316,99792,213,99736,213,99821,213,99683,213,99840,100,99591,100,99924,100,99582,100,100075,100,99561,100,100126,100,99548,100,100180,100,99493,100,100208,100,99450,100,100254,100,99440,100
2019-06-28 10:05:01.202715669,99786,316,99737,316,99792,213,99736,213,99821,213,99683,213,99840,100,99591,100,99924,100,99582,100,100075,100,99561,100,100126,100,99548,100,100180,100,99493,100,100208,100,99450,100,100254,100,99440,100
2019-06-28 10:05:10.000000000,99786,316,99737,316,99792,213,99736,213,99821,213,99683,213,99840,100,99591,100,99924,100,99582,100,100075,100,99561,100,100126,100,99548,100,100180,100,99493,100,100208,100,99450,100,100254,100,99440,100
2019-06-28 10:05:20.000000000,99786,268,99737,268,99792,168,99736,168,99821,168,99683,168,99840,168,99591,168,99924,168,99582,168,100075,100,99561,100,100126,100,99548,100,100180,100,99493,100,100208,100,99450,100,100254,100,99440,100
2019-06-28 10:05:30.000000000,99786,542,99737,542,99792,100,99736,100,99821,100,99683,100,99840,100,99591,100,99924,100,99582,100,100075,100,99561,100,100126,100,99548,100,100180,100,99493,100,100208,100,99450,100,100254,100,99440,100
2019-06-28 10:05:35.566814789,99786,542,99737,542,99792,100,99736,100,99821,100,99683,100,99840,100,99591,100,99924,100,99582,100,100007,100,99561,100,100075,100,99548,100,100126,100,99493,100,100180,100,99450,100,100208,100,99440,100
2019-06-28 10:05:40.000000000,99786,316,99737,316,99792,213,99736,213,99821,213,99683,213,99840,100,99591,100,99924,100,99582,100,100007,100,99561,100,100075,100,99548,100,100126,100,99493,100,100180,100,99450,100,100208,100,99440,100
2019-06-28 10:05:50.000000000,99786,542,99737,542,99792,100,99736,100,99821,100,99683,100,99840,100,99591,100,99924,100,99582,100,100007,100,99561,100,100075,100,99548,100,100126,100,99493,100,100180,100,99450,100,100208,100,99440,100
2019-06-28 10:05:54.209074628,99786,542,99737,542,99792,100,99736,100,99821,100,99683,100,99840,100,99591,100,99924,100,99582,100,99975,100,99561,100,100007,100,99548,100,100075,100,99493,100,100126,100,99450,100,100180,100,99440,100
2019-06-28 10:06:00.000000000,99786,371,99737,371,99792,271,99736,271,99821,100,99683,100,99840,100,99591,100,99924,100,99582,100,99975,100,99561,100,100007,100,99548,100,100075,100,99493,100,100126,100,99450,100,100180,100,99440,100
2019-06-28 10:06:02.809947843,99786,371,99737,371,99792,271,99736,271,99840,100,99683,100,99906,100,99591,100,99924,100,99582,100,99975,100,99561,100,100007,100,99548,100,100075,100,99493,100,100126,100,99450,100,100180,100,99440,100
2019-06-28 10:06:10.000000000,99786,316,99737,316,99792,213,99736,213,99840,213,99683,213,99906,100,99591,100,99924,100,99582,100,99975,100,99561,100,100007,100,99548,100,100075,100,99493,100,100126,100,99450,100,100180,100,99440,100
2019-06-28 10:06:13.926730202,99786,316,99737,316,99792,213,99736,213,99840,213,99683,213,99906,100,99591,100,99924,100,99582,100,99975,100,99561,100,100007,100,99548,100,100126,100,99493,100,100180,100,99450,100,100208,100,99440,100
2019-06-28 10:06:18.863849062,99786,216,99737,316,99792,213,99736,213,99840,213,99683,213,99906,100,99591,100,99924,100,99561,100,99975,100,99548,100,100007,100,99493,100,100126,100,99450,100,100180,100,99440,100,100208,100,99429,100
2019-06-28 10:06:20.000000000,99786,442,99737,542,99792,100,99736,100,99840,100,99683,100,99906,100,99591,100,99924,100,99561,100,99975,100,99548,100,100007,100,99493,100,100126,100,99450,100,100180,100,99440,100,100208,100,99429,100
2019-06-28 10:06:26.109451572,99786,442,99737,542,99792,100,99736,100,99840,100,99683,100,99906,100,99591,100,99924,100,99561,100,99975,100,99548,100,99992,100,99493,100,100126,100,99450,100,100180,100,99440,100,100208,100,99429,100
2019-06-28 10:06:30.000000000,99786,216,99737,316,99792,213,99736,213,99840,213,99683,213,99906,100,99591,100,99924,100,99561,100,99975,100,99548,100,99992,100,99493,100,100126,100,99450,100,100180,100,99440,100,100208,100,99429,100
2019-06-28 10:06:40.000000000,99786,442,99737,542,99792,100,99736,100,99840,100,99683,100,99906,100,99591,100,99924,100,99561,100,99975,100,99548,100,99992,100,99493,100,100126,100,99450,100,100180,100,99440,100,100208,100,99429,100
2019-06-28 10:06:50.000000000,99786,168,99737,268,99792,168,99736,168,99840,168,99683,168,99906,168,99591,168,99924,168,99561,168,99975,100,99548,100,99992,100,99493,100,100126,100,99450,100,100180,100,99440,100,100208,100,99429,100
2019-06-28 10:06:55.468306356,99786,168,99737,168,99792,168,99736,168,99840,168,99683,168,99906,168,99591,168,99924,168,99561,168,99975,100,99548,100,99992,100,99493,100,100126,100,99450,100,100180,100,99440,100,100208,100,99429,100
2019-06-28 10:06:57.029435634,99786,168,99737,68,99792,168,99736,168,99840,168,99683,168,99906,168,99591,168,99924,168,99561,168,99975,100,99548,100,100126,100,99493,100,100180,100,99450,100,100208,100,99440,100,100254,100,99429,100
2019-06-28 10:07:00.000000000,99786,168,99736,168,99792,168,99683,168,99840,168,99591,168,99906,168,99561,168,99924,168,99548,168,99975,100,99493,100,100126,100,99450,100,100180,100,99440,100,100208,100,99429,100,100254,100,99191,100
2019-06-28 10:07:10.000000000,99786,186,99736,186,99792,186,99683,186,99840,186,99591,186,99906,186,99561,186,99924,100,99548,100,99975,100,99493,100,100126,100,99450,100,100180,100,99440,100,100208,100,99429,100,100254,100,99191,100
2019-06-28 10:07:20.000000000,99786,271,99736,271,99792,271,99683,271,99840,100,99591,100,99906,100,99561,100,99924,100,99548,100,99975,100,99493,100,100126,100,99450,100,100180,100,99440,100,100208,100,99429,100,100254,100,99191,100
2019-06-28 10:07:24.555281671,99786,271,99736,271,99792,271,99683,271,99840,100,99591,100,99859,100,99561,100,99906,100,99548,100,99924,100,99493,100,99975,100,99450,100,100126,100,99440,100,100180,100,99429,100,100208,100,99191,100
2019-06-28 10:07:29.380385470,99786,271,99736,271,99792,271,99683,271,99840,100,99591,100,99859,100,99561,100,99906,100,99548,100,99924,100,99493,100,99975,100,99450,100,100126,100,99440,100,100180,100,99429,100,100208,100,99424,100
2019-06-28 10:07:30.000000000,99786,186,99736,186,99792,186,99683,186,99840,186,99591,186,99859,186,99561,186,99906,100,99548,100,99924,100,99493,100,99975,100,99450,100,100126,100,99440,100,100180,100,99429,100,100208,100,99424,100
2019-06-28 10:07:35.303345620,99786,186,99736,186,99792,186,99683,186,99833,100,99591,186,99840,186,99561,186,99859,186,99548,100,99906,100,99493,100,99924,100,99450,100,99975,100,99440,100,100126,100,99429,100,100180,100,99424,100
2019-06-28 10:07:40.000000000,99786,216,99736,216,99792,213,99683,213,99833,213,99591,213,99840,100,99561,100,99859,100,99548,100,99906,100,99493,100,99924,100,99450,100,99975,100,99440,100,100126,100,99429,100,100180,100,99424,100
2019-06-28 10:07:48.480739933,99786,216,99771,100,99792,213,99736,216,99833,213,99683,213,99840,100,99591,213,99859,100,99561,100,99906,100,99548,100,99924,100,99493,100,99975,100,99450,100,100126,100,99440,100,100180,100,99429,100
2019-06-28 10:07:50.000000000,99786,186,99771,186,99792,186,99736,186,99833,186,99683,186,99840,186,99591,186,99859,100,99561,100,99906,100,99548,100,99924,100,99493,100,99975,100,99450,100,100126,100,99440,100,100180,100,99429,100
2019-06-28 10:08:00.000000000,99786,216,99771,216,99792,213,99736,213,99833,213,99683,213,99840,100,99591,100,99859,100,99561,100,99906,100,99548,100,99924,100,99493,100,99975,100,99450,100,100126,100,99440,100,100180,100,99429,100
2019-06-28 10:08:04.398395640,99786,216,99771,116,99792,213,99736,213,99833,213,99683,213,99840,100,99591,100,99859,100,99561,100,99906,100,99548,100,99924,100,99493,100,99975,100,99450,100,100126,100,99429,100,100180,100,99424,100
2019-06-28 10:08:10.000000000,99786,442,99736,442,99792,100,99683,100,99833,100,99591,100,99840,100,99561,100,99859,100,99548,100,99906,100,99493,100,99924,100,99450,100,99975,100,99429,100,100126,100,99424,100,100180,100,99191,100
2019-06-28 10:08:10.139909544,99786,442,99736,442,99792,100,99683,100,99833,100,99591,100,99840,100,99561,100,99859,100,99548,100,99906,100,99493,100,99924,100,99450,100,99975,100,99429,100,100126,100,99424,100,100180,100,99416,100
