,ask_price_1,ask_size_1,bid_price_1,bid_size_1,ask_price_2,ask_size_2,bid_price_2,bid_size_2,ask_price_3,ask_size_3,bid_price_3,bid_size_3,ask_price_4,ask_size_4,bid_price_4,bid_size_4,ask_price_5,ask_size_5,bid_price_5,bid_size_5,ask_price_6,ask_size_6,bid_price_6,bid_size_6,ask_price_7,ask_size_7,bid_price_7,bid_size_7,ask_price_8,ask_size_8,bid_price_8,bid_size_8,ask_price_9,ask_size_9,bid_price_9,bid_size_9,ask_price_10,ask_size_10,bid_price_10,bid_size_10
2019-06-28 09:30:00.000000002,,,99884,100,,,,,,,,,,,,,,,,,,,,,,,,,,,,,,,,,,,,
2019-06-28 09:30:00.000000005,99935,100,99884,100,,,,,,,,,,,,,,,,,,,,,,,,,,,,,,,,,,,,
2019-06-28 09:30:00.000000007,99935,100,99884,100,100081,100,,,,,,,,,,,,,,,,,,,,,,,,,,,,,,,,,,
2019-06-28 09:30:00.000000010,100081,100,99884,100,,,,,,,,,,,,,,,,,,,,,,,,,,,,,,,,,,,,
2019-06-28 09:30:00.000000014,100062,100,100045,100,100081,100,99910,100,,,99884,100,,,99845,100,,,,,,,,,,,,,,,,,,,,,,,,
2019-06-28 09:30:00.000000017,100062,100,99910,100,100081,100,99884,100,,,99845,100,,,,,,,,,,,,,,,,,,,,,,,,,,,,
2019-06-28 09:30:00.000000018,100057,100,99910,100,100062,100,99884,100,100081,100,99845,100,,,,,,,,,,,,,,,,,,,,,,,,,,,,
2019-06-28 09:30:00.000000019,100057,100,99884,100,100062,100,99845,100,100081,100,,,100092,100,,,100118,100,,,,,,,,,,,,,,,,,,,,,,
2019-06-28 09:30:00.000000022,100045,100,99884,100,100057,100,99845,100,100062,100,,,100081,100,,,100092,100,,,100118,100,,,,,,,,,,,,,,,,,,
2019-06-28 09:30:00.000000025,100045,100,99884,100,100057,100,99845,100,100062,100,99837,100,100081,100,,,100092,100,,,100118,100,,,,,,,,,,,,,,,,,,
2019-06-28 09:30:00.000000026,99973,100,99893,100,100007,100,99884,100,100045,200,99845,100,100057,100,99837,100,100062,100,,,100081,100,,,100092,100,,,100118,100,,,,,,,,,,
2019-06-28 09:30:00.000000028,99973,100,99893,100,100007,100,99884,100,100045,200,99845,100,100057,100,99837,100,100062,100,,,100081,100,,,100092,100,,,100107,100,,,100118,100,,,,,,
2019-06-28 09:30:00.000000030,99973,100,99893,100,100007,100,99884,100,100045,200,99845,100,100057,100,99837,100,100062,100,,,100081,100,,,100092,100,,,100101,100,,,100107,100,,,100118,100,,
2019-06-28 09:30:00.000000031,99973,100,99910,100,100007,100,99893,100,100045,200,99884,100,100057,100,99845,100,100062,100,99837,100,100081,100,,,100092,100,,,100101,100,,,100107,100,,,100118,100,,
2019-06-28 09:30:00.000000032,99973,100,99910,100,99981,100,99893,100,100007,100,99884,100,100045,300,99845,100,100057,100,99837,100,100062,100,,,100081,100,,,100092,100,,,100101,100,,,100107,100,,
2019-06-28 09:30:00.000000034,99973,100,99910,100,99981,100,99893,100,100007,100,99884,100,100045,400,99845,100,100057,100,99837,100,100062,100,,,100081,100,,,100092,100,,,100101,100,,,100107,100,,
2019-06-28 09:30:00.000000035,99973,100,99910,100,99981,100,99893,100,100007,100,99884,100,100016,100,99845,100,100045,400,99837,100,100057,100,,,100062,100,,,100081,100,,,100092,100,,,100101,100,,
2019-06-28 09:30:00.000000036,99973,100,99910,300,99981,100,99893,100,100007,100,99884,100,100016,100,99845,100,100045,400,99837,100,100057,100,,,100062,100,,,100081,100,,,100092,100,,,100101,100,,
2019-06-28 09:30:00.000000038,99973,100,99937,100,99981,100,99910,300,100007,100,99893,100,100016,100,99884,100,100045,400,99845,100,100057,100,99837,100,100062,100,,,100081,100,,,100092,100,,,100101,100,,
2019-06-28 09:30:00.000000040,99973,100,99944,100,99981,100,99937,100,100007,100,99910,300,100016,100,99893,100,100045,400,99884,100,100057,100,99845,100,100062,100,99837,100,100081,100,,,100092,100,,,100101,100,,
2019-06-28 09:30:00.000000041,99981,100,99944,100,100007,100,99937,100,100016,100,99910,300,100045,400,99893,100,100057,100,99884,100,100062,100,99845,100,100081,100,99837,100,100092,100,,,100101,100,,,100103,100,,
2019-06-28 09:30:00.000000043,100007,100,99944,100,100016,100,99937,100,100045,400,99910,300,100057,100,99893,100,100062,100,99884,100,100081,100,99845,100,100092,100,99837,100,100101,100,,,100103,100,,,100107,100,,
2019-06-28 09:30:00.000000044,100007,100,99944,100,100016,100,99937,100,100045,400,99910,300,100057,100,99893,100,100062,100,99884,100,100081,100,99845,100,100092,100,99837,100,100095,100,,,100101,100,,,100103,100,,
2019-06-28 09:30:00.000000045,100007,100,99944,100,100016,100,99937,100,100045,400,99910,300,100057,100,99893,100,100062,100,99884,100,100081,100,99845,100,100092,100,99837,100,100095,100,,,100101,100,,,100103,100,,
2019-06-28 09:30:00.000000046,100007,100,99973,100,100016,100,99944,100,100045,400,99937,100,100057,100,99910,300,100062,100,99893,100,100081,100,99884,100,100092,100,99845,100,100095,100,99837,100,100101,100,,,100103,100,,
2019-06-28 09:30:00.000000048,100007,100,99973,100,100016,100,99944,100,100045,400,99937,100,100057,100,99910,300,100062,100,99893,100,100081,100,99884,100,100092,100,99845,100,100095,100,99837,100,100099,100,,,100101,100,,
2019-06-28 09:30:00.000000051,100007,100,99973,100,100016,100,99944,100,100045,400,99937,100,100057,100,99910,300,100062,100,99893,100,100079,100,99884,100,100081,100,99845,100,100092,100,99837,100,100095,100,,,100099,100,,
2019-06-28 09:30:00.000000052,100007,100,99973,100,100016,100,99944,100,100022,100,99937,100,100045,400,99910,300,100057,100,99893,100,100062,100,99884,100,100079,100,99845,100,100081,100,99837,100,100092,100,,,100095,100,,
2019-06-28 09:30:00.000000054,100004,100,99973,100,100007,100,99944,100,100016,100,99937,100,100022,100,99910,300,100045,400,99893,100,100057,100,99884,100,100062,100,99845,100,100079,100,99837,100,100081,100,,,100092,100,,
2019-06-28 09:30:00.000000056,100004,100,99973,100,100007,100,99944,100,100016,100,99937,100,100022,100,99910,300,100045,400,99893,100,100057,100,99884,100,100062,100,99845,100,100079,100,99837,100,100081,100,,,100089,100,,
2019-06-28 09:30:00.000000058,100004,100,99973,100,100007,100,99971,100,100016,100,99944,100,100022,100,99937,100,100045,400,99910,400,100057,100,99893,100,100062,100,99884,100,100079,100,99845,100,100081,100,99837,100,100089,100,,
2019-06-28 09:30:00.000000060,100004,100,99971,100,100007,100,99944,100,100016,100,99937,100,100022,100,99910,400,100045,400,99893,100,100057,100,99884,100,100062,100,99845,100,100079,100,99837,100,100081,100,,,100089,100,,
2019-06-28 09:30:00.000000062,100004,100,99971,100,100007,100,99944,100,100016,100,99937,100,100022,100,99910,400,100045,400,99893,100,100057,100,99884,100,100062,100,99845,100,100079,100,99837,100,100081,100,,,100089,100,,
2019-06-28 09:30:00.000000065,100004,100,99971,100,100007,100,99944,100,100016,100,99937,100,100022,100,99914,100,100045,400,99910,400,100057,100,99893,100,100062,100,99884,100,100079,100,99845,100,100081,100,99837,100,100089,100,,
2019-06-28 09:30:00.000000070,100004,100,99981,100,100007,100,99971,100,100016,100,99944,100,100022,100,99937,100,100045,400,99914,100,100057,100,99910,400,100062,100,99893,100,100079,100,99884,100,100081,100,99845,100,100089,100,99837,100
2019-06-28 09:30:00.000000072,100004,100,99981,100,100007,100,99971,100,100016,100,99944,100,100022,100,99937,100,100045,400,99914,100,100057,100,99910,400,100062,100,99893,100,100079,100,99884,100,100081,100,99845,100,100089,100,99837,100
2019-06-28 09:30:00.000000080,100004,100,99981,100,100007,100,99971,100,100016,100,99944,100,100022,100,99937,100,100045,400,99916,100,100057,100,99914,100,100062,100,99910,400,100079,100,99893,100,100081,100,99884,100,100089,100,99858,100
2019-06-28 09:30:00.000000081,100004,100,99981,100,100007,100,99973,100,100016,100,99971,100,100022,100,99944,100,100045,400,99937,100,100057,100,99916,100,100062,100,99914,100,100079,100,99910,400,100081,100,99893,100,100089,100,99884,100
2019-06-28 09:30:00.000000084,100007,100,99984,100,100016,100,99981,100,100022,100,99973,100,100045,400,99971,100,100057,100,99944,100,100062,100,99937,100,100079,100,99916,100,100081,100,99914,100,100089,100,99910,400,100092,100,99893,100
2019-06-28 09:30:00.000000086,100007,100,99984,100,100016,100,99981,100,100022,100,99973,100,100045,400,99971,100,100057,100,99944,100,100062,100,99937,100,100079,100,99916,100,100081,100,99914,100,100089,100,99910,400,100092,100,99893,100
2019-06-28 09:30:00.000000088,100016,100,99984,100,100022,100,99981,200,100045,400,99973,100,100057,100,99971,100,100062,100,99944,100,100079,100,99937,100,100081,100,99916,100,100089,100,99914,100,100092,100,99910,400,100095,100,99893,100
2019-06-28 09:30:00.000000091,100016,100,99994,100,100022,100,99984,100,100045,400,99981,200,100057,100,99973,100,100062,100,99971,100,100079,100,99944,100,100081,100,99937,100,100089,100,99916,100,100092,100,99914,100,100095,100,99910,400
2019-06-28 09:30:00.000000092,100016,100,99994,100,100022,100,99984,100,100045,400,99981,200,100057,100,99973,100,100062,100,99971,100,100079,100,99944,100,100081,100,99937,100,100089,100,99916,100,100091,100,99914,100,100092,100,99910,400
2019-06-28 09:30:00.000000094,100016,100,99994,100,100022,100,99984,100,100045,400,99981,200,100057,100,99973,100,100062,100,99971,200,100079,100,99944,100,100081,200,99937,100,100089,100,99916,100,100091,100,99914,100,100092,100,99910,400
2019-06-28 09:30:07.760931509,100016,100,99994,100,100022,100,99984,100,100045,400,99981,200,100057,100,99973,100,100062,100,99971,200,100081,200,99944,100,100089,100,99937,100,100091,100,99916,100,100092,100,99914,100,100095,100,99910,400
2019-06-28 09:30:10.000000000,100016,289,99994,289,100022,289,99984,289,100045,400,99981,200,100057,100,99973,100,100062,100,99971,200,100081,200,99944,100,100089,100,99937,100,100091,100,99916,100,100092,100,99914,100,100095,100,99910,400
2019-06-28 09:30:20.000000000,100016,289,99994,289,100022,289,99984,289,100045,400,99981,200,100057,100,99973,100,100062,100,99971,200,100081,200,99944,100,100089,100,99937,100,100091,100,99916,100,100092,100,99914,100,100095,100,99910,400
2019-06-28 09:30:30.000000000,100016,194,99994,194,100022,194,99984,194,100045,494,99981,294,100057,194,99973,194,100062,100,99971,200,100081,200,99944,100,100089,100,99937,100,100091,100,99916,100,100092,100,99914,100,100095,100,99910,400
2019-06-28 09:30:30.409933864,100016,194,99994,194,100022,194,99984,194,100045,494,99981,294,100057,194,99973,194,100062,100,99971,200,100081,200,99944,100,100089,100,99937,100,100091,100,99916,100,100092,100,99914,100,100095,100,99910,400
2019-06-28 09:30:40.000000000,100016,289,99994,289,100022,289,99984,289,100045,400,99981,200,100057,100,99973,100,100062,100,99971,200,100081,200,99944,100,100089,100,99937,100,100091,100,99916,100,100092,100,99914,100,100095,100,99910,400
2019-06-28 09:30:50.000000000,100016,176,99994,176,100022,176,99984,176,100045,476,99981,276,100057,176,99973,176,100062,176,99971,276,100081,200,99944,100,100089,100,99937,100,100091,100,99916,100,100092,100,99914,100,100095,100,99910,400
2019-06-28 09:30:54.518943824,100016,176,99994,76,100022,176,99984,176,100045,476,99981,276,100057,176,99973,176,100062,176,99971,276,100081,200,99944,100,100089,100,99937,100,100091,100,99916,100,100092,100,99914,100,100095,100,99910,400
2019-06-28 09:31:00.000000000,100016,478,99984,478,100022,100,99981,200,100045,400,99973,100,100057,100,99971,200,100062,100,99944,100,100081,200,99937,100,100089,100,99916,100,100091,100,99914,100,100092,100,99910,400,100095,100,99884,100
2019-06-28 09:31:05.301439577,100016,478,99984,378,100022,100,99981,200,100045,400,99973,100,100057,100,99971,200,100062,100,99944,100,100081,200,99937,100,100089,100,99916,100,100091,100,99914,100,100095,100,99910,400,100099,100,99884,100
2019-06-28 09:31:10.000000000,100016,229,99981,329,100022,225,99973,225,100045,525,99971,325,100057,100,99944,100,100062,100,99937,100,100081,200,99916,100,100089,100,99914,100,100091,100,99910,400,100095,100,99884,100,100099,100,99880,100
2019-06-28 09:31:20.000000000,100016,229,99981,329,100022,225,99973,225,100045,525,99971,325,100057,100,99944,100,100062,100,99937,100,100081,200,99916,100,100089,100,99914,100,100091,100,99910,400,100095,100,99884,100,100099,100,99880,100
2019-06-28 09:31:30.000000000,100016,289,99981,389,100022,289,99973,289,100045,400,99971,200,100057,100,99944,100,100062,100,99937,100,100081,200,99916,100,100089,100,99914,100,100091,100,99910,400,100095,100,99884,100,100099,100,99880,100
2019-06-28 09:31:32.619924759,100016,289,99981,289,100022,289,99973,289,100045,400,99971,200,100057,100,99944,100,100062,100,99937,100,100081,200,99916,100,100089,100,99914,100,100091,100,99910,400,100095,100,99884,100,100099,100,99880,100
2019-06-28 09:31:40.000000000,100016,194,99981,194,100022,194,99973,194,100045,494,99971,294,100057,194,99944,194,100062,100,99937,100,100081,200,99916,100,100089,100,99914,100,100091,100,99910,400,100095,100,99884,100,100099,100,99880,100
2019-06-28 09:31:49.810065962,100016,194,99981,194,100022,194,99973,194,100045,494,99971,294,100057,194,99944,194,100062,100,99937,100,100081,200,99916,100,100089,100,99914,100,100091,100,99910,400,100095,100,99884,100,100099,100,99880,100
2019-06-28 09:31:50.000000000,100016,229,99981,229,100022,225,99973,225,100045,525,99971,325,100057,100,99944,100,100062,100,99937,100,100081,200,99916,100,100089,100,99914,100,100091,100,99910,400,100095,100,99884,100,100099,100,99880,100
2019-06-28 09:32:00.000000000,100016,176,99981,176,100022,176,99973,176,100045,476,99971,276,100057,176,99944,176,100062,176,99937,176,100081,200,99916,100,100089,100,99914,100,100091,100,99910,400,100095,100,99884,100,100099,100,99880,100
2019-06-28 09:32:02.673107247,100016,176,99981,176,100022,176,99973,176,100045,476,99971,276,100057,176,99944,176,100062,176,99937,176,100081,200,99916,100,100089,100,99914,100,100091,100,99910,400,100095,100,99884,100,100099,100,99880,100
2019-06-28 09:32:10.000000000,100016,229,99981,229,100022,225,99973,225,100045,525,99971,325,100057,100,99944,100,100062,100,99937,100,100081,200,99916,100,100089,100,99914,100,100091,100,99910,400,100095,100,99884,100,100099,100,99880,100
2019-06-28 09:32:17.172055778,100016,229,99981,129,100022,225,99973,225,100045,525,99971,325,100057,100,99944,100,100062,100,99937,100,100081,200,99916,100,100089,100,99914,100,100091,100,99910,400,100095,100,99884,100,100099,100,99880,100
2019-06-28 09:32:20.000000000,100016,194,99973,194,100022,194,99971,294,100045,494,99944,194,100057,194,99937,194,100062,100,99916,100,100081,200,99914,100,100089,100,99910,400,100091,100,99884,100,100095,100,99880,100,100099,100,99858,100
2019-06-28 09:32:25.250259419,100016,94,99973,194,100022,194,99971,294,100045,494,99944,194,100057,194,99937,194,100062,100,99916,100,100081,200,99914,100,100089,100,99910,400,100091,100,99884,100,100095,100,99880,100,100099,100,99858,100
2019-06-28 09:32:30.000000000,100022,289,99973,289,100045,589,99971,389,100057,100,99944,100,100062,100,99937,100,100081,200,99916,100,100089,100,99914,100,100091,100,99910,400,100095,100,99884,100,100099,100,99880,100,100101,200,99858,100
2019-06-28 09:32:34.814776816,100022,289,99973,289,100045,689,99971,289,100057,100,99944,100,100062,100,99937,100,100081,200,99916,100,100089,100,99914,100,100091,100,99910,400,100095,100,99884,100,100099,100,99880,100,100101,200,99858,100
2019-06-28 09:32:40.000000000,100022,478,99973,478,100045,500,99971,100,100057,100,99944,100,100062,100,99937,100,100081,200,99916,100,100089,100,99914,100,100091,100,99910,400,100095,100,99884,100,100099,100,99880,100,100101,200,99858,100
2019-06-28 09:32:50.000000000,100022,229,99973,229,100045,625,99971,225,100057,225,99944,225,100062,100,99937,100,100081,200,99916,100,100089,100,99914,100,100091,100,99910,400,100095,100,99884,100,100099,100,99880,100,100101,200,99858,100
2019-06-28 09:33:00.000000000,100022,229,99973,229,100045,625,99971,225,100057,225,99944,225,100062,100,99937,100,100081,200,99916,100,100089,100,99914,100,100091,100,99910,400,100095,100,99884,100,100099,100,99880,100,100101,200,99858,100
2019-06-28 09:33:03.658893790,100022,229,99973,229,100045,625,99971,225,100057,225,99944,225,100062,100,99937,100,100081,200,99916,100,100089,100,99914,100,100091,100,99910,300,100095,100,99884,100,100099,100,99880,100,100101,200,99858,100
2019-06-28 09:33:10.000000000,100022,194,99973,194,100045,594,99971,194,100057,194,99944,194,100062,194,99937,194,100081,200,99916,100,100089,100,99914,100,100091,100,99910,300,100095,100,99884,100,100099,100,99880,100,100101,200,99858,100
2019-06-28 09:33:20.000000000,100022,289,99973,289,100045,689,99971,289,100057,100,99944,100,100062,100,99937,100,100081,200,99916,100,100089,100,99914,100,100091,100,99910,300,100095,100,99884,100,100099,100,99880,100,100101,200,99858,100
2019-06-28 09:33:30.000000000,100022,194,99973,194,100045,594,99971,194,100057,194,99944,194,100062,194,99937,194,100081,200,99916,100,100089,100,99914,100,100091,100,99910,300,100095,100,99884,100,100099,100,99880,100,100101,200,99858,100
2019-06-28 09:33:37.532934523,100022,94,99973,194,100045,594,99971,194,100057,194,99944,194,100062,194,99937,194,100081,200,99916,100,100089,100,99914,100,100091,100,99910,300,100095,100,99884,100,100099,100,99880,100,100101,200,99858,100
2019-06-28 09:33:40.000000000,100045,576,99973,176,100057,176,99971,176,100062,176,99944,176,100081,276,99937,176,100089,176,99916,176,100091,100,99914,100,100095,100,99910,300,100099,100,99884,100,100101,200,99880,100,100103,100,99858,100
2019-06-28 09:33:48.849970736,100045,476,99973,176,100057,176,99971,176,100062,176,99944,176,100081,276,99937,176,100089,176,99916,176,100091,100,99910,300,100095,100,99884,100,100099,100,99880,100,100101,200,99858,100,100103,100,99852,100
2019-06-28 09:33:50.000000000,100045,529,99973,229,100057,225,99971,225,100062,225,99944,225,100081,200,99937,100,100089,100,99916,100,100091,100,99910,300,100095,100,99884,100,100099,100,99880,100,100101,200,99858,100,100103,100,99852,100
2019-06-28 09:33:52.996644105,100045,529,99973,229,100057,225,99971,225,100062,225,99944,225,100081,200,99937,100,100089,100,99916,100,100091,100,99910,300,100095,100,99884,100,100099,100,99880,100,100101,200,99858,100,100103,100,99852,100
2019-06-28 09:34:00.000000000,100045,589,99973,289,100057,289,99971,289,100062,100,99944,100,100081,200,99937,100,100089,100,99916,100,100091,100,99910,300,100095,100,99884,100,100099,100,99880,100,100101,200,99858,100,100103,100,99852,100
2019-06-28 09:34:10.000000000,100045,778,99973,478,100057,100,99971,100,100062,100,99944,100,100081,200,99937,100,100089,100,99916,100,100091,100,99910,300,100095,100,99884,100,100099,100,99880,100,100101,200,99858,100,100103,100,99852,100
2019-06-28 09:34:20.000000000,100045,476,99973,176,100057,176,99971,176,100062,176,99944,176,100081,276,99937,176,100089,176,99916,176,100091,100,99910,300,100095,100,99884,100,100099,100,99880,100,100101,200,99858,100,100103,100,99852,100
2019-06-28 09:34:30.000000000,100045,589,99973,289,100057,289,99971,289,100062,100,99944,100,100081,200,99937,100,100089,100,99916,100,100091,100,99910,300,100095,100,99884,100,100099,100,99880,100,100101,200,99858,100,100103,100,99852,100
2019-06-28 09:34:40.000000000,100045,778,99973,478,100057,100,99971,100,100062,100,99944,100,100081,200,99937,100,100089,100,99916,100,100091,100,99910,300,100095,100,99884,100,100099,100,99880,100,100101,200,99858,100,100103,100,99852,100
2019-06-28 09:34:50.000000000,100045,778,99973,478,100057,100,99971,100,100062,100,99944,100,100081,200,99937,100,100089,100,99916,100,100091,100,99910,300,100095,100,99884,100,100099,100,99880,100,100101,200,99858,100,100103,100,99852,100
2019-06-28 09:35:00.000000000,100045,529,99973,229,100057,225,99971,225,100062,225,99944,225,100081,200,99937,100,100089,100,99916,100,100091,100,99910,300,100095,100,99884,100,100099,100,99880,100,100101,200,99858,100,100103,100,99852,100
2019-06-28 09:35:09.709626211,100045,529,99973,229,100057,225,99971,225,100062,225,99944,225,100081,200,99916,100,100089,100,99910,300,100091,100,99884,100,100095,100,99880,100,100099,100,99858,100,100101,200,99852,100,100103,100,99851,100
2019-06-28 09:35:10.000000000,100045,529,99973,229,100057,225,99971,225,100062,225,99944,225,100081,200,99916,100,100089,100,99910,300,100091,100,99884,100,100095,100,99880,100,100099,100,99858,100,100101,200,99852,100,100103,100,99851,100
2019-06-28 09:35:14.943302776,100045,529,99973,229,100057,225,99971,225,100062,225,99944,225,100081,200,99916,100,100089,100,99910,300,100091,100,99884,100,100095,100,99880,100,100099,100,99858,100,100101,200,99852,100,100103,100,99851,100
2019-06-28 09:35:20.000000000,100045,529,99973,229,100057,225,99971,225,100062,225,99944,225,100081,200,99916,100,100089,100,99910,300,100091,100,99884,100,100095,100,99880,100,100099,100,99858,100,100101,200,99852,100,100103,100,99851,100
2019-06-28 09:35:20.289616827,100045,529,99973,229,100057,225,99971,225,100062,225,99944,225,100081,200,99916,100,100089,100,99910,300,100091,100,99884,100,100095,100,99880,100,100099,100,99858,100,100101,200,99852,100,100103,100,99845,100
2019-06-28 09:35:30.000000000,100045,778,99973,478,100057,100,99971,100,100062,100,99944,100,100081,200,99916,100,100089,100,99910,300,100091,100,99884,100,100095,100,99880,100,100099,100,99858,100,100101,200,99852,100,100103,100,99845,100
2019-06-28 09:35:31.476367540,100045,778,99973,478,100057,100,99971,100,100062,100,99944,100,100081,200,99916,100,100089,100,99910,300,100091,100,99884,100,100095,100,99880,100,100099,100,99858,100,100101,200,99852,100,100103,100,99845,100
2019-06-28 09:35:40.000000000,100045,529,99973,229,100057,225,99971,225,100062,225,99944,225,100081,200,99916,100,100089,100,99910,300,100091,100,99884,100,100095,100,99880,100,100099,100,99858,100,100101,200,99852,100,100103,100,99845,100
2019-06-28 09:35:44.126056261,100045,529,99973,229,100057,125,99971,225,100062,225,99944,225,100081,200,99916,100,100089,100,99910,300,100091,100,99884,100,100095,100,99880,100,100099,100,99858,100,100101,200,99852,100,100103,100,99845,100
2019-06-28 09:35:47.994797507,100045,529,99973,229,100057,125,99971,225,100062,225,99944,225,100081,200,99916,100,100089,100,99910,300,100091,100,99884,100,100095,100,99858,100,100099,100,99852,100,100101,200,99845,100,100103,100,99816,100
2019-06-28 09:35:50.000000000,100045,778,99973,478,100062,100,99971,100,100081,200,99944,100,100089,100,99916,100,100091,100,99910,300,100095,100,99884,100,100099,100,99858,100,100101,200,99852,100,100103,100,99845,100,100108,100,99816,100
2019-06-28 09:36:00.000000000,100045,494,99973,194,100062,194,99971,194,100081,294,99944,194,100089,194,99916,194,100091,100,99910,300,100095,100,99884,100,100099,100,99858,100,100101,200,99852,100,100103,100,99845,100,100108,100,99816,100
2019-06-28 09:36:10.000000000,100045,778,99973,478,100062,100,99971,100,100081,200,99944,100,100089,100,99916,100,100091,100,99910,300,100095,100,99884,100,100099,100,99858,100,100101,200,99852,100,100103,100,99845,100,100108,100,99816,100
2019-06-28 09:36:20.000000000,100045,494,99973,194,100062,194,99971,194,100081,294,99944,194,100089,194,99916,194,100091,100,99910,300,100095,100,99884,100,100099,100,99858,100,100101,200,99852,100,100103,100,99845,100,100108,100,99816,100
2019-06-28 09:36:23.683824602,100045,494,99973,194,100062,194,99971,194,100081,294,99944,194,100089,194,99916,194,100091,100,99910,300,100095,100,99884,100,100099,100,99858,100,100101,200,99852,100,100103,100,99845,100,100108,100,99816,100
2019-06-28 09:36:30.000000000,100045,778,99973,478,100062,100,99971,100,100081,200,99944,100,100089,100,99916,100,100091,100,99910,300,100095,100,99884,100,100099,100,99858,100,100101,200,99852,100,100103,100,99845,100,100108,100,99816,100
2019-06-28 09:36:40.000000000,100045,778,99973,478,100062,100,99971,100,100081,200,99944,100,100089,100,99916,100,100091,100,99910,300,100095,100,99884,100,100099,100,99858,100,100101,200,99852,100,100103,100,99845,100,100108,100,99816,100
2019-06-28 09:36:50.000000000,100045,778,99973,478,100062,100,99971,100,100081,200,99944,100,100089,100,99916,100,100091,100,99910,300,100095,100,99884,100,100099,100,99858,100,100101,200,99852,100,100103,100,99845,100,100108,100,99816,100
2019-06-28 09:37:00.000000000,100045,476,99973,176,100062,176,99971,176,100081,276,99944,176,100089,176,99916,176,100091,176,99910,376,100095,100,99884,100,100099,100,99858,100,100101,200,99852,100,100103,100,99845,100,100108,100,99816,100
2019-06-28 09:37:10.000000000,100045,529,99973,229,100062,225,99971,225,100081,325,99944,225,100089,100,99916,100,100091,100,99910,300,100095,100,99884,100,100099,100,99858,100,100101,200,99852,100,100103,100,99845,100,100108,100,99816,100
2019-06-28 09:37:12.180075708,100045,429,99973,229,100062,225,99971,225,100081,325,99944,225,100089,100,99916,100,100091,100,99910,300,100095,100,99884,100,100099,100,99858,100,100101,100,99852,100,100103,100,99845,100,100108,100,99816,100
2019-06-28 09:37:20.000000000,100045,678,99973,478,100062,100,99971,100,100081,200,99944,100,100089,100,99916,100,100091,100,99910,300,100095,100,99884,100,100099,100,99858,100,100101,100,99852,100,100103,100,99845,100,100108,100,99816,100
2019-06-28 09:37:23.054022526,100045,678,99973,478,100062,100,99971,100,100081,200,99944,100,100089,100,99916,100,100091,100,99910,300,100095,100,99884,100,100099,100,99858,100,100101,100,99852,100,100103,100,99845,100,100108,100,99816,100
2019-06-28 09:37:23.197262987,100045,678,99973,478,100062,100,99971,100,100081,200,99944,100,100089,100,99916,100,100091,100,99910,300,100095,100,99884,100,100099,100,99858,100,100101,100,99852,100,100103,100,99845,100,100108,100,99816,100
2019-06-28 09:37:30.000000000,100045,678,99973,478,100062,100,99971,100,100081,200,99944,100,100089,100,99916,100,100091,100,99910,300,100095,100,99884,100,100099,100,99858,100,100101,100,99852,100,100103,100,99845,100,100108,100,99816,100
2019-06-28 09:37:32.640329396,100045,678,99973,478,100062,100,99971,100,100081,200,99944,100,100089,100,99916,100,100091,100,99910,300,100095,100,99884,100,100099,100,99858,100,100101,100,99852,100,100103,100,99845,100,100108,100,99816,100
2019-06-28 09:37:36.398551919,100045,678,99973,478,100062,100,99971,100,100081,200,99944,100,100089,100,99916,100,100091,100,99910,300,100095,100,99884,100,100099,100,99858,100,100101,100,99852,100,100108,100,99845,100,100117,100,99816,100
2019-06-28 09:37:40.000000000,100045,376,99973,176,100062,176,99971,176,100081,276,99944,176,100089,176,99916,176,100091,176,99910,376,100095,100,99884,100,100099,100,99858,100,100101,100,99852,100,100108,100,99845,100,100117,100,99816,100
2019-06-28 09:37:50.000000000,100045,678,99973,478,100062,100,99971,100,100081,200,99944,100,100089,100,99916,100,100091,100,99910,300,100095,100,99884,100,100099,100,99858,100,100101,100,99852,100,100108,100,99845,100,100117,100,99816,100
2019-06-28 09:38:00.000000000,100045,376,99973,176,100062,176,99971,176,100081,276,99944,176,100089,176,99916,176,100091,176,99910,376,100095,100,99884,100,100099,100,99858,100,100101,100,99852,100,100108,100,99845,100,100117,100,99816,100
2019-06-28 09:38:10.000000000,100045,394,99973,194,100062,194,99971,194,100081,294,99944,194,100089,194,99916,194,100091,100,99910,300,100095,100,99884,100,100099,100,99858,100,100101,100,99852,100,100108,100,99845,100,100117,100,99816,100
2019-06-28 09:38:19.361950075,100045,394,99973,194,100062,194,99971,194,100081,294,99944,194,100089,194,99916,194,100091,100,99910,300,100095,100,99884,100,100099,100,99858,100,100101,100,99852,100,100108,100,99845,100,100117,100,99816,100
2019-06-28 09:38:20.000000000,100045,429,99973,229,100062,225,99971,225,100081,325,99944,225,100089,100,99916,100,100091,100,99910,300,100095,100,99884,100,100099,100,99858,100,100101,100,99852,100,100108,100,99845,100,100117,100,99816,100
2019-06-28 09:38:30.000000000,100045,429,99973,229,100062,225,99971,225,100081,325,99944,225,100089,100,99916,100,100091,100,99910,300,100095,100,99884,100,100099,100,99858,100,100101,100,99852,100,100108,100,99845,100,100117,100,99816,100
2019-06-28 09:38:40.000000000,100045,394,99973,194,100062,194,99971,194,100081,294,99944,194,100089,194,99916,194,100091,100,99910,300,100095,100,99884,100,100099,100,99858,100,100101,100,99852,100,100108,100,99845,100,100117,100,99816,100
2019-06-28 09:38:50.000000000,100045,489,99973,289,100062,289,99971,289,100081,200,99944,100,100089,100,99916,100,100091,100,99910,300,100095,100,99884,100,100099,100,99858,100,100101,100,99852,100,100108,100,99845,100,100117,100,99816,100
2019-06-28 09:39:00.000000000,100045,489,99973,289,100062,289,99971,289,100081,200,99944,100,100089,100,99916,100,100091,100,99910,300,100095,100,99884,100,100099,100,99858,100,100101,100,99852,100,100108,100,99845,100,100117,100,99816,100
2019-06-28 09:39:10.000000000,100045,678,99973,478,100062,100,99971,100,100081,200,99944,100,100089,100,99916,100,100091,100,99910,300,100095,100,99884,100,100099,100,99858,100,100101,100,99852,100,100108,100,99845,100,100117,100,99816,100
2019-06-28 09:39:13.616643750,100045,578,99973,478,100062,100,99971,100,100081,200,99944,100,100089,100,99916,100,100091,100,99910,300,100095,100,99884,100,100099,100,99858,100,100101,100,99852,100,100108,100,99845,100,100117,100,99816,100
2019-06-28 09:39:19.146571561,100045,578,99973,378,100062,100,99971,100,100081,200,99944,100,100089,100,99916,100,100091,100,99910,300,100095,100,99884,100,100099,100,99858,100,100101,100,99852,100,100108,100,99845,100,100117,100,99816,100
2019-06-28 09:39:20.000000000,100045,329,99971,229,100062,225,99944,225,100081,325,99916,225,100089,100,99910,300,100091,100,99884,100,100095,100,99858,100,100099,100,99852,100,100101,100,99845,100,100108,100,99816,100,100117,100,,
2019-06-28 09:39:30.000000000,100045,294,99971,194,100062,194,99944,194,100081,294,99916,194,100089,194,99910,394,100091,100,99884,100,100095,100,99858,100,100099,100,99852,100,100101,100,99845,100,100108,100,99816,100,100117,100,,
2019-06-28 09:39:40.000000000,100045,276,99971,176,100062,176,99944,176,100081,276,99916,176,100089,176,99910,376,100091,176,99884,176,100095,100,99858,100,100099,100,99852,100,100101,100,99845,100,100108,100,99816,100,100117,100,,
2019-06-28 09:39:47.733823600,100045,176,99971,176,100062,176,99944,176,100081,276,99916,176,100089,176,99910,376,100091,176,99884,176,100095,100,99858,100,100099,100,99852,100,100101,100,99845,100,100108,100,99816,100,100117,100,,
2019-06-28 09:39:50.000000000,100045,478,99971,478,100062,100,99944,100,100081,200,99916,100,100089,100,99910,300,100091,100,99884,100,100095,100,99858,100,100099,100,99852,100,100101,100,99845,100,100108,100,99816,100,100117,100,,
2019-06-28 09:39:57.774023032,100045,378,99971,478,100062,100,99944,100,100081,200,99916,100,100089,100,99910,300,100091,100,99884,100,100095,100,99858,100,100099,100,99852,100,100101,100,99845,100,100108,100,99816,100,100117,100,,
2019-06-28 09:40:00.000000000,100062,478,99971,478,100081,200,99944,100,100089,100,99916,100,100091,100,99910,300,100095,100,99884,100,100099,100,99858,100,100101,100,99852,100,100108,100,99845,100,100117,100,99816,100,100118,100,,
2019-06-28 09:40:10.000000000,100062,289,99971,289,100081,389,99944,289,100089,100,99916,100,100091,100,99910,300,100095,100,99884,100,100099,100,99858,100,100101,100,99852,100,100108,100,99845,100,100117,100,99816,100,100118,100,,
2019-06-28 09:40:20.000000000,100062,176,99971,176,100081,276,99944,176,100089,176,99916,176,100091,176,99910,376,100095,176,99884,176,100099,100,99858,100,100101,100,99852,100,100108,100,99845,100,100117,100,99816,100,100118,100,,
2019-06-28 09:40:27.515606805,100062,76,99971,176,100081,276,99944,176,100089,176,99916,176,100091,176,99910,376,100095,176,99884,176,100099,100,99858,100,100101,100,99852,100,100108,100,99845,100,100117,100,99816,100,100118,100,,
2019-06-28 09:40:30.000000000,100081,578,99971,478,100089,100,99944,100,100091,100,99916,100,100095,100,99910,300,100099,100,99884,100,100101,100,99858,100,100108,100,99852,100,100117,100,99845,100,100118,100,99816,100,100138,100,,
2019-06-28 09:40:39.169958109,100081,578,99971,478,100089,100,99944,100,100091,100,99916,100,100095,100,99910,300,100099,100,99884,100,100101,100,99858,100,100108,100,99852,100,100117,100,99845,100,100118,100,99816,100,100138,100,,
2019-06-28 09:40:40.000000000,100081,389,99971,289,100089,289,99944,289,100091,100,99916,100,100095,100,99910,300,100099,100,99884,100,100101,100,99858,100,100108,100,99852,100,100117,100,99845,100,100118,100,99816,100,100138,100,,
2019-06-28 09:40:50.000000000,100081,329,99971,229,100089,225,99944,225,100091,225,99916,225,100095,100,99910,300,100099,100,99884,100,100101,100,99858,100,100108,100,99852,100,100117,100,99845,100,100118,100,99816,100,100138,100,,
2019-06-28 09:40:50.643665093,100081,229,99971,229,100089,225,99944,225,100091,225,99916,225,100095,100,99910,300,100099,100,99884,100,100101,100,99858,100,100108,100,99852,100,100117,100,99845,100,100118,100,99816,100,100138,100,,
2019-06-28 09:41:00.000000000,100081,478,99971,478,100089,100,99944,100,100091,100,99916,100,100095,100,99910,300,100099,100,99884,100,100101,100,99858,100,100108,100,99852,100,100117,100,99845,100,100118,100,99816,100,100138,100,,
2019-06-28 09:41:10.000000000,100081,194,99971,194,100089,194,99944,194,100091,194,99916,194,100095,194,99910,394,100099,100,99884,100,100101,100,99858,100,100108,100,99852,100,100117,100,99845,100,100118,100,99816,100,100138,100,,
2019-06-28 09:41:20.000000000,100081,478,99971,478,100089,100,99944,100,100091,100,99916,100,100095,100,99910,300,100099,100,99884,100,100101,100,99858,100,100108,100,99852,100,100117,100,99845,100,100118,100,99816,100,100138,100,,
2019-06-28 09:41:30.000000000,100081,478,99971,478,100089,100,99944,100,100091,100,99916,100,100095,100,99910,300,100099,100,99884,100,100101,100,99858,100,100108,100,99852,100,100117,100,99845,100,100118,100,99816,100,100138,100,,
2019-06-28 09:41:37.487439682,100081,478,99971,478,100089,100,99944,100,100091,100,99916,100,100095,100,99910,300,100099,100,99884,100,100101,100,99858,100,100108,100,99852,100,100117,100,99845,100,100118,100,99816,100,100138,100,,
2019-06-28 09:41:40.000000000,100081,229,99971,229,100089,225,99944,225,100091,225,99916,225,100095,100,99910,300,100099,100,99884,100,100101,100,99858,100,100108,100,99852,100,100117,100,99845,100,100118,100,99816,100,100138,100,,
2019-06-28 09:41:50.000000000,100081,176,99971,176,100089,176,99944,176,100091,176,99916,176,100095,176,99910,376,100099,176,99884,176,100101,100,99858,100,100108,100,99852,100,100117,100,99845,100,100118,100,99816,100,100138,100,,
2019-06-28 09:41:57.631860849,100081,76,99971,176,100089,176,99944,176,100091,176,99916,176,100095,176,99910,376,100099,176,99884,176,100101,100,99858,100,100108,100,99852,100,100117,100,99845,100,100118,100,99816,100,100138,100,,
2019-06-28 09:42:00.000000000,100089,176,99971,176,100091,176,99944,176,100095,176,99916,176,100099,176,99910,376,100101,176,99884,176,100108,100,99858,100,100117,100,99852,100,100118,100,99845,100,100138,100,99816,100,100159,100,,
2019-06-28 09:42:00.151757573,100089,176,100081,100,100091,176,99971,176,100095,176,99944,176,100099,176,99916,176,100101,176,99910,376,100108,100,99884,176,100117,100,99858,100,100118,100,99852,100,100138,100,99845,100,100159,100,99816,100
2019-06-28 09:42:06.699240069,100089,76,100081,100,100091,176,99971,176,100095,76,99944,176,100099,176,99916,176,100101,176,99910,376,100108,100,99884,176,100117,100,99858,100,100118,100,99852,100,100138,100,99845,100,100159,100,99816,100
2019-06-28 09:42:08.415129739,100091,176,100089,24,100095,76,100081,100,100099,176,99971,176,100101,176,99944,176,100108,100,99916,176,100117,100,99910,376,100118,100,99884,176,100159,100,99858,100,100213,100,99852,100,100518,100,99845,100
2019-06-28 09:42:10.000000000,100091,289,100089,213,100099,289,100081,289,100101,100,99971,100,100108,100,99944,100,100117,100,99916,100,100118,100,99910,300,100159,100,99884,100,100213,100,99858,100,100518,100,99852,100,100992,100,99845,100
2019-06-28 09:42:15.199838229,100091,289,100089,213,100099,289,100081,289,100101,100,99971,100,100108,100,99944,100,100117,100,99916,100,100118,100,99910,300,100159,100,99884,100,100213,100,99858,100,100518,100,99852,100,100665,100,99845,100
2019-06-28 09:42:18.903210472,100091,289,100089,213,100099,289,100081,289,100101,100,99971,100,100108,100,99944,100,100117,100,99910,300,100118,100,99884,100,100159,100,99858,100,100213,100,99852,100,100315,100,99845,100,100518,100,99816,100
2019-06-28 09:42:20.000000000,100091,478,100089,402,100099,100,100081,100,100101,100,99971,100,100108,100,99944,100,100117,100,99910,300,100118,100,99884,100,100159,100,99858,100,100213,100,99852,100,100315,100,99845,100,100518,100,99816,100
2019-06-28 09:42:30.000000000,100091,229,100089,153,100099,225,100081,225,100101,225,99971,225,100108,100,99944,100,100117,100,99910,300,100118,100,99884,100,100159,100,99858,100,100213,100,99852,100,100315,100,99845,100,100518,100,99816,100
2019-06-28 09:42:32.793194996,100091,229,100089,153,100099,225,100081,225,100101,225,99971,225,100108,100,99944,100,100117,100,99910,300,100118,100,99884,100,100159,100,99858,100,100213,100,99852,100,100315,100,99845,100,100406,100,99816,100
2019-06-28 09:42:33.974976508,100091,229,100089,253,100099,225,100081,225,100101,225,99971,225,100108,100,99944,100,100117,100,99910,300,100118,100,99884,100,100159,100,99858,100,100213,100,99852,100,100315,100,99845,100,100406,100,99816,100
2019-06-28 09:42:40.000000000,100091,194,100089,218,100099,194,100081,194,100101,194,99971,194,100108,194,99944,194,100117,100,99910,300,100118,100,99884,100,100159,100,99858,100,100213,100,99852,100,100315,100,99845,100,100406,100,99816,100
2019-06-28 09:42:50.000000000,100091,478,100089,502,100099,100,100081,100,100101,100,99971,100,100108,100,99944,100,100117,100,99910,300,100118,100,99884,100,100159,100,99858,100,100213,100,99852,100,100315,100,99845,100,100406,100,99816,100
2019-06-28 09:42:53.152943184,100091,478,100089,502,100099,100,99971,100,100101,100,99944,100,100108,100,99910,300,100117,100,99884,100,100118,100,99858,100,100159,100,99852,100,100213,100,99845,100,100315,100,99816,100,100406,100,,
2019-06-28 09:42:55.050711991,100091,478,100089,602,100099,100,99971,100,100101,100,99944,100,100108,100,99910,300,100117,100,99884,100,100118,100,99858,100,100159,100,99852,100,100213,100,99845,100,100315,100,99816,100,100406,100,,
2019-06-28 09:43:00.000000000,100091,194,100089,318,100099,194,99971,194,100101,194,99944,194,100108,194,99910,394,100117,100,99884,100,100118,100,99858,100,100159,100,99852,100,100213,100,99845,100,100315,100,99816,100,100406,100,,
2019-06-28 09:43:06.579811405,100091,194,100089,218,100099,194,99971,194,100101,194,99944,194,100108,194,99910,394,100117,100,99884,100,100118,100,99858,100,100159,100,99852,100,100213,100,99845,100,100315,100,99816,100,100406,100,,
2019-06-28 09:43:10.000000000,100091,289,100089,313,100099,289,99971,289,100101,100,99944,100,100108,100,99910,300,100117,100,99884,100,100118,100,99858,100,100159,100,99852,100,100213,100,99845,100,100315,100,99816,100,100406,100,,
2019-06-28 09:43:10.423854846,100091,189,100089,313,100099,289,99971,289,100101,100,99944,100,100108,100,99910,300,100117,100,99884,100,100118,100,99858,100,100159,100,99852,100,100213,100,99845,100,100315,100,99816,100,100406,100,,
2019-06-28 09:43:20.000000000,100099,176,100089,200,100101,176,99971,176,100108,176,99944,176,100117,176,99910,376,100118,176,99884,176,100159,100,99858,100,100213,100,99852,100,100315,100,99845,100,100406,100,99816,100,100518,100,,
2019-06-28 09:43:30.000000000,100099,229,100089,253,100101,225,99971,225,100108,225,99944,225,100117,100,99910,300,100118,100,99884,100,100159,100,99858,100,100213,100,99852,100,100315,100,99845,100,100406,100,99816,100,100518,100,,
2019-06-28 09:43:39.795051931,100099,229,100089,253,100101,225,99971,225,100108,225,99944,225,100117,100,99910,300,100118,100,99884,100,100159,100,99858,100,100213,100,99852,100,100315,100,99845,100,100406,100,99816,100,100518,100,,
2019-06-28 09:43:40.000000000,100099,176,100089,200,100101,176,99971,176,100108,176,99944,176,100117,176,99910,376,100118,176,99884,176,100159,100,99858,100,100213,100,99852,100,100315,100,99845,100,100406,100,99816,100,100518,100,,
2019-06-28 09:43:48.533652235,100099,176,100090,100,100101,176,100089,200,100108,176,99971,176,100117,176,99944,176,100118,176,99910,376,100159,100,99884,176,100213,100,99858,100,100315,100,99852,100,100406,100,99845,100,100518,100,99816,100
2019-06-28 09:43:50.000000000,100099,289,100090,289,100101,289,100089,313,100108,100,99971,100,100117,100,99944,100,100118,100,99910,300,100159,100,99884,100,100213,100,99858,100,100315,100,99852,100,100406,100,99845,100,100518,100,99816,100
2019-06-28 09:43:53.546333124,100099,289,100090,389,100101,289,100089,313,100108,100,99971,100,100117,100,99944,100,100118,100,99910,300,100159,100,99884,100,100213,100,99858,100,100315,100,99852,100,100406,100,99845,100,100518,100,99816,100
2019-06-28 09:44:00.000000000,100099,229,100090,329,100101,225,100089,249,100108,225,99971,225,100117,100,99944,100,100118,100,99910,300,100159,100,99884,100,100213,100,99858,100,100315,100,99852,100,100406,100,99845,100,100518,100,99816,100
2019-06-28 09:44:00.975570375,100099,229,100090,329,100101,225,100089,249,100108,225,99971,225,100117,100,99910,300,100118,100,99884,100,100159,100,99858,100,100213,100,99852,100,100315,100,99845,100,100406,100,99816,100,100518,100,,
2019-06-28 09:44:10.000000000,100099,289,100090,389,100101,289,100089,313,100108,100,99971,100,100117,100,99910,300,100118,100,99884,100,100159,100,99858,100,100213,100,99852,100,100315,100,99845,100,100406,100,99816,100,100518,100,,
2019-06-28 09:44:20.000000000,100099,289,100090,389,100101,289,100089,313,100108,100,99971,100,100117,100,99910,300,100118,100,99884,100,100159,100,99858,100,100213,100,99852,100,100315,100,99845,100,100406,100,99816,100,100518,100,,
2019-06-28 09:44:21.789676414,100099,89,100090,389,100101,289,100089,313,100108,100,99971,100,100117,100,99910,300,100118,100,99884,100,100159,100,99858,100,100213,100,99852,100,100315,100,99845,100,100406,100,99816,100,100518,100,,
2019-06-28 09:44:29.322078538,100099,89,100091,100,100101,289,100090,389,100108,100,100089,313,100117,100,99971,100,100118,100,99910,300,100159,100,99884,100,100213,100,99858,100,100315,100,99852,100,100406,100,99845,100,100518,100,99816,100
2019-06-28 09:44:30.000000000,100101,289,100091,289,100108,289,100090,389,100117,100,100089,124,100118,100,99971,100,100159,100,99910,300,100213,100,99884,100,100315,100,99858,100,100406,100,99852,100,100518,100,99845,100,100665,100,99816,100
2019-06-28 09:44:40.000000000,100101,229,100091,229,100108,225,100090,325,100117,225,100089,249,100118,100,99971,100,100159,100,99910,300,100213,100,99884,100,100315,100,99858,100,100406,100,99852,100,100518,100,99845,100,100665,100,99816,100
2019-06-28 09:44:50.000000000,100101,176,100091,176,100108,176,100090,276,100117,176,100089,200,100118,176,99971,176,100159,176,99910,376,100213,100,99884,100,100315,100,99858,100,100406,100,99852,100,100518,100,99845,100,100665,100,99816,100
2019-06-28 09:45:00.000000000,100101,289,100091,289,100108,289,100090,389,100117,100,100089,124,100118,100,99971,100,100159,100,99910,300,100213,100,99884,100,100315,100,99858,100,100406,100,99852,100,100518,100,99845,100,100665,100,99816,100
2019-06-28 09:45:02.672320380,100101,189,100091,289,100108,289,100090,389,100117,100,100089,124,100118,100,99971,100,100159,100,99910,300,100213,100,99884,100,100315,100,99858,100,100406,100,99852,100,100518,100,99845,100,100665,100,99816,100
2019-06-28 09:45:10.000000000,100108,478,100091,478,100117,100,100090,200,100118,100,100089,124,100159,100,99971,100,100213,100,99910,300,100315,100,99884,100,100406,100,99858,100,100518,100,99852,100,100665,100,99845,100,100671,100,99816,100
2019-06-28 09:45:20.000000000,100108,289,100091,289,100117,289,100090,389,100118,100,100089,124,100159,100,99971,100,100213,100,99910,300,100315,100,99884,100,100406,100,99858,100,100518,100,99852,100,100665,100,99845,100,100671,100,99816,100
2019-06-28 09:45:27.988336146,100108,289,100091,289,100117,289,100090,389,100118,100,100089,124,100159,100,99971,100,100213,100,99910,300,100315,100,99884,100,100406,100,99858,100,100518,100,99852,100,100665,100,99845,100,100671,100,99816,100
2019-06-28 09:45:30.000000000,100108,176,100091,176,100117,176,100090,276,100118,176,100089,200,100159,176,99971,176,100213,176,99910,376,100315,100,99884,100,100406,100,99858,100,100518,100,99852,100,100665,100,99845,100,100671,100,99816,100
2019-06-28 09:45:40.000000000,100108,289,100091,289,100117,289,100090,389,100118,100,100089,124,100159,100,99971,100,100213,100,99910,300,100315,100,99884,100,100406,100,99858,100,100518,100,99852,100,100665,100,99845,100,100671,100,99816,100
2019-06-28 09:45:50.000000000,100108,194,100091,194,100117,194,100090,294,100118,194,100089,218,100159,194,99971,194,100213,100,99910,300,100315,100,99884,100,100406,100,99858,100,100518,100,99852,100,100665,100,99845,100,100671,100,99816,100
2019-06-28 09:46:00.000000000,100108,194,100091,194,100117,194,100090,294,100118,194,100089,218,100159,194,99971,194,100213,100,99910,300,100315,100,99884,100,100406,100,99858,100,100518,100,99852,100,100665,100,99845,100,100671,100,99816,100
2019-06-28 09:46:10.000000000,100108,289,100091,289,100117,289,100090,389,100118,100,100089,124,100159,100,99971,100,100213,100,99910,300,100315,100,99884,100,100406,100,99858,100,100518,100,99852,100,100665,100,99845,100,100671,100,99816,100
2019-06-28 09:46:19.650063225,100108,289,100091,289,100117,289,100090,389,100118,100,100089,124,100159,100,99971,100,100213,100,99910,300,100315,100,99884,100,100406,100,99858,100,100518,100,99852,100,100665,100,99845,100,100671,100,99816,100
2019-06-28 09:46:20.000000000,100108,229,100091,229,100117,225,100090,325,100118,225,100089,249,100159,100,99971,100,100213,100,99910,300,100315,100,99884,100,100406,100,99858,100,100518,100,99852,100,100665,100,99845,100,100671,100,99816,100
2019-06-28 09:46:21.208410086,100108,129,100091,229,100117,225,100090,325,100118,225,100089,249,100159,100,99971,100,100213,100,99910,300,100315,100,99884,100,100406,100,99858,100,100518,100,99852,100,100665,100,99845,100,100671,100,99816,100
2019-06-28 09:46:30.000000000,100117,289,100091,289,100118,289,100090,389,100159,100,100089,124,100213,100,99971,100,100315,100,99910,300,100406,100,99884,100,100518,100,99858,100,100665,100,99852,100,100671,100,99845,100,100878,100,99816,100
2019-06-28 09:46:39.590727171,100117,189,100091,289,100118,289,100090,389,100159,100,100089,124,100213,100,99971,100,100315,100,99910,300,100406,100,99884,100,100518,100,99858,100,100665,100,99852,100,100671,100,99845,100,100878,100,99816,100
2019-06-28 09:46:40.000000000,100118,176,100091,176,100159,176,100090,276,100213,176,100089,200,100315,176,99971,176,100406,176,99910,376,100518,100,99884,100,100665,100,99858,100,100671,100,99852,100,100878,100,99845,100,100984,100,99816,100
2019-06-28 09:46:50.000000000,100118,289,100091,289,100159,289,100090,389,100213,100,100089,124,100315,100,99971,100,100406,100,99910,300,100518,100,99884,100,100665,100,99858,100,100671,100,99852,100,100878,100,99845,100,100984,100,99816,100
2019-06-28 09:46:50.468193333,100118,189,100091,289,100159,289,100090,389,100213,100,100089,124,100315,100,99971,100,100406,100,99910,300,100518,100,99884,100,100665,100,99858,100,100671,100,99852,100,100878,100,99845,100,100984,100,99816,100
2019-06-28 09:47:00.000000000,100159,478,100091,478,100213,100,100090,200,100315,100,100089,124,100406,100,99971,100,100518,100,99910,300,100665,100,99884,100,100671,100,99858,100,100878,100,99852,100,100984,100,99845,100,100992,100,99816,100
2019-06-28 09:47:01.953495600,100159,478,100091,478,100213,100,100090,200,100315,100,100089,124,100406,100,99971,100,100518,100,99910,300,100665,100,99884,100,100671,100,99858,100,100878,100,99852,100,100984,100,99845,100,100992,100,99816,100
2019-06-28 09:47:02.032432442,100159,378,100091,478,100213,100,100090,200,100315,100,100089,124,100406,100,99971,100,100518,100,99910,300,100665,100,99884,100,100671,100,99858,100,100878,100,99852,100,100984,100,99845,100,100992,100,99816,100
2019-06-28 09:47:03.723595309,100159,378,100091,478,100213,100,100090,200,100315,100,100089,124,100406,100,99971,100,100518,100,99910,300,100665,100,99884,100,100671,100,99858,100,100878,100,99852,100,100984,100,99845,100,100992,100,99816,100
2019-06-28 09:47:06.203803457,100159,278,100091,478,100315,100,100090,200,100406,100,100089,124,100518,100,99971,100,100665,100,99910,300,100671,100,99884,100,100878,100,99858,100,100984,100,99852,100,100992,100,99845,100,101103,100,99816,100
2019-06-28 09:47:10.000000000,100315,478,100091,478,100406,100,100090,200,100518,100,100089,124,100665,100,99971,100,100671,100,99910,300,100878,100,99884,100,100984,100,99858,100,100992,100,99852,100,101103,100,99845,100,101107,100,99816,100
2019-06-28 09:47:17.363458481,100315,478,100091,478,100406,100,100090,200,100518,100,100089,124,100665,100,99971,100,100671,100,99910,300,100711,100,99884,100,100878,100,99858,100,100984,100,99852,100,100992,100,99845,100,101103,100,99816,100
2019-06-28 09:47:19.558686815,100315,478,100091,378,100406,100,100090,200,100518,100,100089,124,100665,100,99971,100,100671,100,99910,300,100711,100,99884,100,100878,100,99858,100,100984,100,99852,100,100992,100,99845,100,101103,100,99816,100
2019-06-28 09:47:20.000000000,100315,194,100090,294,100406,194,100089,218,100518,194,99971,194,100665,194,99910,394,100671,100,99884,100,100711,100,99858,100,100878,100,99852,100,100984,100,99845,100,100992,100,99816,100,101103,100,,
2019-06-28 09:47:23.187032019,100315,194,100090,294,100406,194,100089,218,100518,194,99971,194,100665,194,99910,394,100671,100,99884,100,100711,100,99858,100,100878,100,99852,100,100984,100,99845,100,100992,100,99816,100,101103,100,,
2019-06-28 09:47:23.993440268,100315,194,100090,294,100406,194,100089,218,100518,194,99971,194,100665,194,99910,394,100671,100,99884,100,100711,100,99858,100,100878,100,99852,100,100984,100,99845,100,100992,100,99816,100,100997,100,,
2019-06-28 09:47:29.370119646,100315,194,100159,100,100406,194,100090,194,100518,194,100089,218,100665,194,99971,194,100671,100,99910,394,100711,100,99884,100,100878,100,99858,100,100984,100,99852,100,100992,100,99845,100,100997,100,99816,100
2019-06-28 09:47:30.000000000,100315,289,100159,289,100406,289,100090,289,100518,100,100089,124,100665,100,99971,100,100671,100,99910,300,100711,100,99884,100,100878,100,99858,100,100984,100,99852,100,100992,100,99845,100,100997,100,99816,100
2019-06-28 09:47:36.679595461,100315,289,100159,289,100406,289,100090,289,100518,100,100089,124,100665,100,99971,100,100671,100,99910,300,100711,100,99884,100,100878,100,99858,100,100931,100,99852,100,100984,100,99845,100,100992,100,99816,100
2019-06-28 09:47:40.000000000,100315,289,100159,289,100406,289,100090,289,100518,100,100089,124,100665,100,99971,100,100671,100,99910,300,100711,100,99884,100,100878,100,99858,100,100931,100,99852,100,100984,100,99845,100,100992,100,99816,100
2019-06-28 09:47:43.975771703,100315,289,100159,289,100406,289,100090,289,100518,100,100089,124,100665,100,99971,100,100671,100,99910,300,100711,100,99884,100,100878,100,99858,100,100931,100,99852,100,100981,100,99845,100,100984,100,99816,100
2019-06-28 09:47:48.188392357,100315,189,100159,289,100406,189,100090,289,100518,100,100089,124,100665,100,99971,100,100671,100,99910,300,100711,100,99884,100,100878,100,99858,100,100931,100,99852,100,100981,100,99845,100,100984,100,99816,100
2019-06-28 09:47:50.000000000,100518,289,100159,289,100665,289,100090,289,100671,100,100089,124,100711,100,99971,100,100878,100,99910,300,100931,100,99884,100,100981,100,99858,100,100984,100,99852,100,100992,100,99845,100,100997,100,99816,100
2019-06-28 09:48:00.000000000,100518,289,100159,289,100665,289,100090,289,100671,100,100089,124,100711,100,99971,100,100878,100,99910,300,100931,100,99884,100,100981,100,99858,100,100984,100,99852,100,100992,100,99845,100,100997,100,99816,100
2019-06-28 09:48:09.100768809,100518,189,100159,289,100665,289,100090,289,100671,100,100089,124,100711,100,99971,100,100878,100,99910,300,100931,100,99884,100,100981,100,99858,100,100984,100,99852,100,100997,100,99845,100,101103,100,99816,100
2019-06-28 09:48:10.000000000,100665,229,100159,229,100671,225,100090,225,100711,225,100089,249,100878,100,99971,100,100931,100,99910,300,100981,100,99884,100,100984,100,99858,100,100997,100,99852,100,101103,100,99845,100,101107,100,99816,100
2019-06-28 09:48:20.000000000,100665,194,100159,194,100671,194,100090,194,100711,194,100089,218,100878,194,99971,194,100931,100,99910,300,100981,100,99884,100,100984,100,99858,100,100997,100,99852,100,101103,100,99845,100,101107,100,99816,100
2019-06-28 09:48:24.400626321,100665,194,100159,194,100671,194,100090,194,100711,194,100089,218,100878,194,99971,194,100931,100,99910,200,100981,100,99884,100,100984,100,99858,100,100997,100,99852,100,101103,100,99845,100,101107,100,99816,100
2019-06-28 09:48:30.000000000,100665,289,100159,289,100671,289,100090,289,100711,100,100089,124,100878,100,99971,100,100931,100,99910,200,100981,100,99884,100,100984,100,99858,100,100997,100,99852,100,101103,100,99845,100,101107,100,99816,100
2019-06-28 09:48:40.000000000,100665,229,100159,229,100671,225,100090,225,100711,225,100089,249,100878,100,99971,100,100931,100,99910,200,100981,100,99884,100,100984,100,99858,100,100997,100,99852,100,101103,100,99845,100,101107,100,99816,100
2019-06-28 09:48:50.000000000,100665,176,100159,176,100671,176,100090,176,100711,176,100089,200,100878,176,99971,176,100931,176,99910,276,100981,100,99884,100,100984,100,99858,100,100997,100,99852,100,101103,100,99845,100,101107,100,99816,100
2019-06-28 09:48:54.025112881,100665,176,100648,100,100671,176,100159,176,100711,176,100090,176,100878,176,100089,200,100931,176,99971,176,100981,100,99910,276,100984,100,99884,100,100997,100,99852,100,101103,100,99845,100,101107,100,99816,100
2019-06-28 09:49:00.000000000,100665,176,100648,176,100671,176,100159,176,100711,176,100090,176,100878,176,100089,200,100931,176,99971,176,100981,100,99910,200,100984,100,99884,100,100997,100,99852,100,101103,100,99845,100,101107,100,99816,100
2019-06-28 09:49:07.542740357,100665,176,100648,176,100671,176,100159,176,100711,176,100090,176,100878,176,100089,200,100931,176,99971,176,100958,100,99910,200,100981,100,99852,100,100984,100,99845,100,100997,100,99816,100,101103,100,,
2019-06-28 09:49:10.000000000,100665,194,100648,194,100671,194,100159,194,100711,194,100090,194,100878,194,100089,218,100931,100,99971,100,100958,100,99910,200,100981,100,99852,100,100984,100,99845,100,100997,100,99816,100,101103,100,,
2019-06-28 09:49:20.000000000,100665,229,100648,229,100671,225,100159,225,100711,225,100090,225,100878,100,100089,124,100931,100,99971,100,100958,100,99910,200,100981,100,99852,100,100984,100,99845,100,100997,100,99816,100,101103,100,,
2019-06-28 09:49:30.000000000,100665,194,100648,194,100671,194,100159,194,100711,194,100090,194,100878,194,100089,218,100931,100,99971,100,100958,100,99910,200,100981,100,99852,100,100984,100,99845,100,100997,100,99816,100,101103,100,,
2019-06-28 09:49:40.000000000,100665,289,100648,289,100671,289,100159,289,100711,100,100090,100,100878,100,100089,124,100931,100,99971,100,100958,100,99910,200,100981,100,99852,100,100984,100,99845,100,100997,100,99816,100,101103,100,,
2019-06-28 09:49:50.000000000,100665,289,100648,289,100671,289,100159,289,100711,100,100090,100,100878,100,100089,124,100931,100,99971,100,100958,100,99910,200,100981,100,99852,100,100984,100,99845,100,100997,100,99816,100,101103,100,,
2019-06-28 09:50:00.000000000,100665,194,100648,194,100671,194,100159,194,100711,194,100090,194,100878,194,100089,218,100931,100,99971,100,100958,100,99910,200,100981,100,99852,100,100984,100,99845,100,100997,100,99816,100,101103,100,,
2019-06-28 09:50:10.000000000,100665,478,100648,478,100671,100,100159,100,100711,100,100090,100,100878,100,100089,124,100931,100,99971,100,100958,100,99910,200,100981,100,99852,100,100984,100,99845,100,100997,100,99816,100,101103,100,,
2019-06-28 09:50:20.000000000,100665,229,100648,229,100671,225,100159,225,100711,225,100090,225,100878,100,100089,124,100931,100,99971,100,100958,100,99910,200,100981,100,99852,100,100984,100,99845,100,100997,100,99816,100,101103,100,,
2019-06-28 09:50:29.077307351,100665,229,100648,129,100671,225,100159,225,100711,225,100090,225,100878,100,100089,124,100931,100,99971,100,100958,100,99910,200,100981,100,99852,100,100984,100,99845,100,100997,100,99816,100,101103,100,,
2019-06-28 09:50:30.000000000,100665,289,100159,289,100671,289,100090,289,100711,100,100089,124,100878,100,99971,100,100931,100,99910,200,100958,100,99852,100,100981,100,99845,100,100984,100,99816,100,100997,100,,,101103,100,,
2019-06-28 09:50:33.735157638,100665,289,100159,289,100671,289,100090,289,100711,100,100089,24,100878,100,99971,100,100931,100,99910,200,100958,100,99852,100,100981,100,99845,100,100984,100,99816,100,100997,100,,,101103,100,,
2019-06-28 09:50:40.000000000,100665,176,100159,176,100671,176,100090,176,100711,176,100089,100,100878,176,99971,176,100931,176,99910,276,100958,100,99852,100,100981,100,99845,100,100984,100,99816,100,100997,100,,,101103,100,,
2019-06-28 09:50:50.000000000,100665,194,100159,194,100671,194,100090,194,100711,194,100089,118,100878,194,99971,194,100931,100,99910,200,100958,100,99852,100,100981,100,99845,100,100984,100,99816,100,100997,100,,,101103,100,,
2019-06-28 09:51:00.000000000,100665,289,100159,289,100671,289,100090,289,100711,100,100089,24,100878,100,99971,100,100931,100,99910,200,100958,100,99852,100,100981,100,99845,100,100984,100,99816,100,100997,100,,,101103,100,,
2019-06-28 09:51:03.714525403,100648,100,100159,289,100665,289,100090,189,100671,289,100089,24,100711,100,99971,100,100878,100,99910,200,100931,100,99852,100,100958,100,99845,100,100981,100,99816,100,100984,100,,,100997,100,,
2019-06-28 09:51:08.857730720,100648,100,100159,289,100665,289,100143,100,100671,289,100090,189,100711,100,100089,24,100878,100,99971,100,100931,100,99910,200,100958,100,99852,100,100981,100,99845,100,100984,100,99816,100,100997,100,,
2019-06-28 09:51:10.000000000,100648,289,100159,289,100665,289,100143,289,100671,100,100089,24,100711,100,99971,100,100878,100,99910,200,100931,100,99852,100,100958,100,99845,100,100981,100,99816,100,100984,100,,,100997,100,,
2019-06-28 09:51:15.293236884,100648,289,100350,100,100665,289,100159,289,100671,100,100143,289,100711,100,100089,24,100878,100,99971,100,100931,100,99910,200,100958,100,99852,100,100981,100,99845,100,100984,100,99816,100,100997,100,,
2019-06-28 09:51:20.000000000,100648,176,100350,176,100665,176,100159,176,100671,176,100143,176,100711,176,100089,100,100878,176,99971,176,100931,100,99910,200,100958,100,99852,100,100981,100,99845,100,100984,100,99816,100,100997,100,,
2019-06-28 09:51:30.000000000,100648,289,100350,289,100665,289,100159,289,100671,100,100143,100,100711,100,100089,24,100878,100,99971,100,100931,100,99910,200,100958,100,99852,100,100981,100,99845,100,100984,100,99816,100,100997,100,,
2019-06-28 09:51:37.368233713,100648,289,100350,189,100665,289,100159,289,100671,100,100143,100,100711,100,100089,24,100878,100,99971,100,100931,100,99910,200,100958,100,99852,100,100981,100,99845,100,100984,100,99816,100,100997,100,,
2019-06-28 09:51:39.981259369,100647,100,100350,189,100648,289,100159,289,100665,289,100143,100,100671,100,100089,24,100711,100,99971,100,100878,100,99910,200,100931,100,99852,100,100958,100,99845,100,100981,100,99816,100,100984,100,,
2019-06-28 09:51:40.000000000,100647,478,100159,478,100648,100,100143,100,100665,100,100089,24,100671,100,99971,100,100711,100,99910,200,100878,100,99852,100,100931,100,99845,100,100958,100,99816,100,100981,100,,,100984,100,,
2019-06-28 09:51:44.436397700,100647,478,100166,100,100648,100,100159,478,100665,100,100143,100,100671,100,100089,24,100711,100,99971,100,100878,100,99910,200,100931,100,99852,100,100958,100,99845,100,100981,100,99816,100,100984,100,,
2019-06-28 09:51:50.000000000,100647,194,100166,194,100648,194,100159,194,100665,194,100143,194,100671,194,100089,118,100711,100,99971,100,100878,100,99910,200,100931,100,99852,100,100958,100,99845,100,100981,100,99816,100,100984,100,,
2019-06-28 09:51:56.168147040,100647,194,100351,100,100648,194,100166,194,100665,194,100159,194,100671,194,100143,194,100711,100,100089,118,100878,100,99971,100,100931,100,99910,200,100958,100,99852,100,100981,100,99845,100,100984,100,99816,100
2019-06-28 09:51:58.020910604,100647,294,100351,100,100648,194,100166,194,100665,194,100159,194,100671,194,100143,194,100711,100,100089,118,100878,100,99971,100,100931,100,99910,200,100958,100,99852,100,100981,100,99845,100,100984,100,99816,100
2019-06-28 09:52:00.000000000,100647,389,100351,289,100648,289,100166,289,100665,100,100159,100,100671,100,100143,100,100711,100,100089,24,100878,100,99971,100,100931,100,99910,200,100958,100,99852,100,100981,100,99845,100,100984,100,99816,100
2019-06-28 09:52:00.651226588,100647,489,100351,289,100648,289,100166,289,100665,100,100159,100,100671,100,100143,100,100711,100,100089,24,100878,100,99971,100,100931,100,99910,200,100958,100,99852,100,100981,100,99845,100,100984,100,99816,100
2019-06-28 09:52:10.000000000,100647,376,100351,176,100648,176,100166,176,100665,176,100159,176,100671,176,100143,176,100711,176,100089,100,100878,100,99971,100,100931,100,99910,200,100958,100,99852,100,100981,100,99845,100,100984,100,99816,100
2019-06-28 09:52:20.000000000,100647,376,100351,176,100648,176,100166,176,100665,176,100159,176,100671,176,100143,176,100711,176,100089,100,100878,100,99971,100,100931,100,99910,200,100958,100,99852,100,100981,100,99845,100,100984,100,99816,100
2019-06-28 09:52:22.530841718,100647,276,100351,176,100648,176,100166,176,100665,176,100159,176,100671,176,100143,176,100711,176,100089,100,100878,100,99971,100,100931,100,99910,200,100958,100,99852,100,100981,100,99845,100,100984,100,99816,100
2019-06-28 09:52:30.000000000,100647,389,100351,289,100648,289,100166,289,100665,100,100159,100,100671,100,100143,100,100711,100,100089,24,100878,100,99971,100,100931,100,99910,200,100958,100,99852,100,100981,100,99845,100,100984,100,99816,100
2019-06-28 09:52:32.237377901,100647,289,100351,289,100648,289,100166,289,100665,100,100159,100,100671,100,100143,100,100711,100,100089,24,100878,100,99971,100,100931,100,99910,200,100958,100,99852,100,100981,100,99845,100,100984,100,99816,100
2019-06-28 09:52:40.000000000,100647,176,100351,176,100648,176,100166,176,100665,176,100159,176,100671,176,100143,176,100711,176,100089,100,100878,100,99971,100,100931,100,99910,200,100958,100,99852,100,100981,100,99845,100,100984,100,99816,100
2019-06-28 09:52:50.000000000,100647,194,100351,194,100648,194,100166,194,100665,194,100159,194,100671,194,100143,194,100711,100,100089,24,100878,100,99971,100,100931,100,99910,200,100958,100,99852,100,100981,100,99845,100,100984,100,99816,100
2019-06-28 09:53:00.000000000,100647,478,100351,478,100648,100,100166,100,100665,100,100159,100,100671,100,100143,100,100711,100,100089,24,100878,100,99971,100,100931,100,99910,200,100958,100,99852,100,100981,100,99845,100,100984,100,99816,100
2019-06-28 09:53:10.000000000,100647,176,100351,176,100648,176,100166,176,100665,176,100159,176,100671,176,100143,176,100711,176,100089,100,100878,100,99971,100,100931,100,99910,200,100958,100,99852,100,100981,100,99845,100,100984,100,99816,100
2019-06-28 09:53:20.000000000,100647,289,100351,289,100648,289,100166,289,100665,100,100159,100,100671,100,100143,100,100711,100,100089,24,100878,100,99971,100,100931,100,99910,200,100958,100,99852,100,100981,100,99845,100,100984,100,99816,100
2019-06-28 09:53:22.694035947,100647,289,100351,289,100648,289,100166,289,100665,100,100159,100,100671,100,100143,100,100711,100,100089,24,100878,100,99971,100,100931,100,99910,200,100958,100,99852,100,100981,100,99845,100,100984,100,99816,100
2019-06-28 09:53:27.616269853,100647,289,100351,289,100648,289,100166,289,100665,100,100159,100,100671,100,100143,100,100711,100,100089,24,100878,100,99971,100,100931,100,99910,200,100958,100,99852,100,100981,100,99845,100,100984,100,99816,100
2019-06-28 09:53:30.000000000,100647,478,100351,478,100648,100,100166,100,100665,100,100159,100,100671,100,100143,100,100711,100,100089,24,100878,100,99971,100,100931,100,99910,200,100958,100,99852,100,100981,100,99845,100,100984,100,99816,100
2019-06-28 09:53:40.000000000,100647,289,100351,289,100648,289,100166,289,100665,100,100159,100,100671,100,100143,100,100711,100,100089,24,100878,100,99971,100,100931,100,99910,200,100958,100,99852,100,100981,100,99845,100,100984,100,99816,100
2019-06-28 09:53:50.000000000,100647,478,100351,478,100648,100,100166,100,100665,100,100159,100,100671,100,100143,100,100711,100,100089,24,100878,100,99971,100,100931,100,99910,200,100958,100,99852,100,100981,100,99845,100,100984,100,99816,100
2019-06-28 09:54:00.000000000,100647,176,100351,176,100648,176,100166,176,100665,176,100159,176,100671,176,100143,176,100711,176,100089,100,100878,100,99971,100,100931,100,99910,200,100958,100,99852,100,100981,100,99845,100,100984,100,99816,100
2019-06-28 09:54:10.000000000,100647,229,100351,229,100648,225,100166,225,100665,225,100159,225,100671,100,100143,100,100711,100,100089,24,100878,100,99971,100,100931,100,99910,200,100958,100,99852,100,100981,100,99845,100,100984,100,99816,100
2019-06-28 09:54:20.000000000,100647,229,100351,229,100648,225,100166,225,100665,225,100159,225,100671,100,100143,100,100711,100,100089,24,100878,100,99971,100,100931,100,99910,200,100958,100,99852,100,100981,100,99845,100,100984,100,99816,100
2019-06-28 09:54:30.000000000,100647,289,100351,289,100648,289,100166,289,100665,100,100159,100,100671,100,100143,100,100711,100,100089,24,100878,100,99971,100,100931,100,99910,200,100958,100,99852,100,100981,100,99845,100,100984,100,99816,100
2019-06-28 09:54:40.000000000,100647,478,100351,478,100648,100,100166,100,100665,100,100159,100,100671,100,100143,100,100711,100,100089,24,100878,100,99971,100,100931,100,99910,200,100958,100,99852,100,100981,100,99845,100,100984,100,99816,100
2019-06-28 09:54:47.187029033,100647,478,100521,100,100648,100,100351,478,100665,100,100166,100,100671,100,100159,100,100711,100,100143,100,100878,100,100089,24,100931,100,99971,100,100958,100,99910,200,100981,100,99852,100,100984,100,99845,100
2019-06-28 09:54:50.000000000,100647,289,100521,289,100648,289,100351,289,100665,100,100166,100,100671,100,100159,100,100711,100,100143,100,100878,100,100089,24,100931,100,99971,100,100958,100,99910,200,100981,100,99852,100,100984,100,99845,100
2019-06-28 09:55:00.000000000,100647,194,100521,194,100648,194,100351,194,100665,194,100166,194,100671,194,100159,194,100711,100,100143,100,100878,100,100089,24,100931,100,99971,100,100958,100,99910,200,100981,100,99852,100,100984,100,99845,100
2019-06-28 09:55:10.000000000,100647,194,100521,194,100648,194,100351,194,100665,194,100166,194,100671,194,100159,194,100711,100,100143,100,100878,100,100089,24,100931,100,99971,100,100958,100,99910,200,100981,100,99852,100,100984,100,99845,100
2019-06-28 09:55:13.531594174,100587,100,100521,94,100647,194,100351,194,100648,194,100166,194,100665,194,100159,194,100671,194,100143,100,100711,100,100089,24,100878,100,99971,100,100931,100,99910,200,100958,100,99852,100,100981,100,99845,100
2019-06-28 09:55:20.000000000,100587,229,100351,229,100647,225,100166,225,100648,225,100159,225,100665,100,100143,100,100671,100,100089,24,100711,100,99971,100,100878,100,99910,200,100931,100,99852,100,100958,100,99845,100,100981,100,99816,100
2019-06-28 09:55:30.000000000,100587,229,100351,229,100647,225,100166,225,100648,225,100159,225,100665,100,100143,100,100671,100,100089,24,100711,100,99971,100,100878,100,99910,200,100931,100,99852,100,100958,100,99845,100,100981,100,99816,100
2019-06-28 09:55:31.338270060,100587,229,100351,229,100647,225,100264,100,100648,225,100166,225,100665,100,100159,225,100671,100,100143,100,100711,100,100089,24,100878,100,99971,100,100931,100,99910,200,100958,100,99852,100,100981,100,99845,100
2019-06-28 09:55:37.779504600,100587,229,100351,229,100647,225,100264,100,100648,125,100166,225,100665,100,100159,225,100671,100,100143,100,100711,100,100089,24,100878,100,99971,100,100931,100,99910,200,100958,100,99852,100,100981,100,99845,100
2019-06-28 09:55:40.000000000,100587,478,100351,478,100647,100,100264,100,100665,100,100166,100,100671,100,100159,100,100711,100,100143,100,100878,100,100089,24,100931,100,99971,100,100958,100,99910,200,100981,100,99852,100,100984,100,99845,100
2019-06-28 09:55:48.598525866,100587,478,100351,478,100647,100,100264,100,100665,100,100166,100,100671,100,100159,100,100711,100,100143,100,100878,100,100089,24,100931,100,100088,100,100958,100,99971,100,100981,100,99910,200,100984,100,99852,100
2019-06-28 09:55:50.000000000,100587,229,100351,229,100647,225,100264,225,100665,225,100166,225,100671,100,100159,100,100711,100,100143,100,100878,100,100089,24,100931,100,100088,100,100958,100,99971,100,100981,100,99910,200,100984,100,99852,100
2019-06-28 09:56:00.000000000,100587,229,100351,229,100647,225,100264,225,100665,225,100166,225,100671,100,100159,100,100711,100,100143,100,100878,100,100089,24,100931,100,100088,100,100958,100,99971,100,100981,100,99910,200,100984,100,99852,100
2019-06-28 09:56:07.287024846,100587,229,100351,229,100647,225,100264,225,100665,225,100166,225,100671,100,100159,100,100711,100,100143,100,100878,100,100089,24,100931,100,100088,100,100958,100,100013,100,100984,100,99971,100,101103,100,99910,200
2019-06-28 09:56:10.000000000,100587,229,100351,229,100647,225,100264,225,100665,225,100166,225,100671,100,100159,100,100711,100,100143,100,100878,100,100089,24,100931,100,100088,100,100958,100,100013,100,100984,100,99971,100,101103,100,99910,200
2019-06-28 09:56:19.381034137,100587,229,100351,229,100646,100,100264,225,100647,225,100166,225,100665,225,100159,100,100671,100,100143,100,100711,100,100089,24,100878,100,100088,100,100931,100,100013,100,100958,100,99971,100,100984,100,99910,200
2019-06-28 09:56:20.000000000,100587,289,100351,289,100646,289,100264,289,100647,100,100166,100,100665,100,100159,100,100671,100,100143,100,100711,100,100089,24,100878,100,100088,100,100931,100,100013,100,100958,100,99971,100,100984,100,99910,200
2019-06-28 09:56:30.000000000,100587,478,100351,478,100646,100,100264,100,100647,100,100166,100,100665,100,100159,100,100671,100,100143,100,100711,100,100089,24,100878,100,100088,100,100931,100,100013,100,100958,100,99971,100,100984,100,99910,200
2019-06-28 09:56:40.000000000,100587,229,100351,229,100646,225,100264,225,100647,225,100166,225,100665,100,100159,100,100671,100,100143,100,100711,100,100089,24,100878,100,100088,100,100931,100,100013,100,100958,100,99971,100,100984,100,99910,200
2019-06-28 09:56:47.308657291,100587,229,100351,129,100646,225,100264,225,100647,225,100166,125,100665,100,100159,100,100671,100,100143,100,100711,100,100089,24,100878,100,100088,100,100931,100,100013,100,100958,100,99971,100,100984,100,99910,200
2019-06-28 09:56:50.000000000,100587,176,100264,176,100646,176,100159,176,100647,176,100143,176,100665,176,100089,100,100671,176,100088,176,100711,100,100013,100,100878,100,99971,100,100931,100,99910,200,100958,100,99852,100,100984,100,99845,100
2019-06-28 09:57:00.000000000,100587,176,100264,176,100646,176,100159,176,100647,176,100143,176,100665,176,100089,100,100671,176,100088,176,100711,100,100013,100,100878,100,99971,100,100931,100,99910,200,100958,100,99852,100,100984,100,99845,100
2019-06-28 09:57:02.591549358,100294,100,100264,176,100587,176,100159,176,100646,176,100143,176,100647,176,100089,100,100665,176,100088,176,100671,176,100013,100,100711,100,99971,100,100878,100,99910,200,100958,100,99852,100,100984,100,99845,100
2019-06-28 09:57:09.777003595,100587,176,100264,76,100646,176,100159,176,100647,176,100143,176,100665,176,100089,100,100671,176,100088,176,100711,100,100013,100,100878,100,99971,100,100958,100,99910,200,100984,100,99852,100,101103,100,99845,100
2019-06-28 09:57:10.000000000,100587,478,100159,478,100646,100,100143,100,100647,100,100089,24,100665,100,100088,100,100671,100,100013,100,100711,100,99971,100,100878,100,99910,200,100958,100,99852,100,100984,100,99845,100,101103,100,99816,100
2019-06-28 09:57:19.376034539,100587,378,100159,378,100646,100,100143,100,100647,100,100089,24,100665,100,100088,100,100671,100,100013,100,100711,100,99971,100,100878,100,99910,200,100958,100,99852,100,100984,100,99845,100,101103,100,99816,100
2019-06-28 09:57:20.000000000,100646,289,100143,289,100647,289,100089,213,100665,100,100088,100,100671,100,100013,100,100711,100,99971,100,100878,100,99910,200,100958,100,99852,100,100984,100,99845,100,101103,100,99816,100,101133,100,,
2019-06-28 09:57:21.379677131,100646,289,100143,289,100647,289,100089,189,100665,100,100088,100,100671,100,100013,100,100711,100,100006,100,100878,100,99971,100,100958,100,99910,200,100984,100,99852,100,101103,100,99845,100,101133,100,99816,100
2019-06-28 09:57:25.351779738,100264,100,100143,289,100646,289,100089,189,100647,289,100088,100,100665,100,100013,100,100671,100,100006,100,100711,100,99971,100,100878,100,99910,200,100958,100,99852,100,100984,100,99845,100,101103,100,99816,100
2019-06-28 09:57:30.000000000,100264,478,100143,478,100646,100,100088,100,100647,100,100013,100,100665,100,100006,100,100671,100,99971,100,100711,100,99910,200,100878,100,99852,100,100958,100,99845,100,100984,100,99816,100,101103,100,,
2019-06-28 09:57:40.000000000,100264,478,100143,478,100646,100,100088,100,100647,100,100013,100,100665,100,100006,100,100671,100,99971,100,100711,100,99910,200,100878,100,99852,100,100958,100,99845,100,100984,100,99816,100,101103,100,,
2019-06-28 09:57:43.255810292,100186,100,100143,478,100264,478,100088,100,100646,100,100013,100,100647,100,100006,100,100665,100,99971,100,100671,100,99910,200,100711,100,99852,100,100958,100,99845,100,100984,100,99816,100,101103,100,,
2019-06-28 09:57:45.064915574,100155,100,100143,478,100186,100,100088,100,100264,478,100013,100,100646,100,100006,100,100647,100,99971,100,100665,100,99910,200,100671,100,99852,100,100711,100,99845,100,100958,100,99816,100,100984,100,,
2019-06-28 09:57:50.000000000,100155,289,100143,289,100186,289,100088,289,100264,100,100013,100,100646,100,100006,100,100647,100,99971,100,100665,100,99910,200,100671,100,99852,100,100711,100,99845,100,100958,100,99816,100,100984,100,,
2019-06-28 09:57:52.895839443,100155,289,100143,289,100186,289,100105,100,100264,100,100088,289,100646,100,100013,100,100647,100,99971,100,100665,100,99910,200,100671,100,99852,100,100711,100,99845,100,100958,100,99816,100,100984,100,,
2019-06-28 09:58:00.000000000,100155,176,100143,176,100186,176,100105,176,100264,176,100088,176,100646,176,100013,176,100647,176,99971,176,100665,100,99910,200,100671,100,99852,100,100711,100,99845,100,100958,100,99816,100,100984,100,,
2019-06-28 09:58:10.000000000,100155,478,100143,478,100186,100,100105,100,100264,100,100088,100,100646,100,100013,100,100647,100,99971,100,100665,100,99910,200,100671,100,99852,100,100711,100,99845,100,100958,100,99816,100,100984,100,,
2019-06-28 09:58:10.060352045,100155,478,100143,478,100186,100,100105,100,100264,100,100088,100,100391,100,100013,100,100646,100,99971,100,100647,100,99910,200,100665,100,99852,100,100671,100,99845,100,100711,100,99816,100,100958,100,,
2019-06-28 09:58:20.000000000,100155,229,100143,229,100186,225,100105,225,100264,225,100088,225,100391,100,100013,100,100646,100,99971,100,100647,100,99910,200,100665,100,99852,100,100671,100,99845,100,100711,100,99816,100,100958,100,,
2019-06-28 09:58:25.572024047,100155,229,100143,229,100186,225,100105,225,100264,225,100088,225,100391,100,100013,100,100646,100,99971,100,100647,100,99910,100,100665,100,99852,100,100671,100,99845,100,100711,100,99816,100,100958,100,,
2019-06-28 09:58:30.000000000,100155,194,100143,194,100186,194,100105,194,100264,194,100088,194,100391,194,100013,194,100646,100,99971,100,100647,100,99910,100,100665,100,99852,100,100671,100,99845,100,100711,100,99816,100,100958,100,,
2019-06-28 09:58:32.841407290,100155,194,100143,94,100186,194,100105,194,100264,194,100088,194,100391,194,100013,194,100646,100,99971,100,100647,100,99910,100,100665,100,99852,100,100671,100,99845,100,100711,100,99816,100,100958,100,,
2019-06-28 09:58:40.000000000,100155,229,100105,229,100186,225,100088,225,100264,225,100013,225,100391,100,99971,100,100646,100,99910,100,100647,100,99852,100,100665,100,99845,100,100671,100,99816,100,100711,100,,,100958,100,,
2019-06-28 09:58:50.000000000,100155,229,100105,229,100186,225,100088,225,100264,225,100013,225,100391,100,99971,100,100646,100,99910,100,100647,100,99852,100,100665,100,99845,100,100671,100,99816,100,100711,100,,,100958,100,,
2019-06-28 09:58:54.814662714,100155,129,100105,229,100186,225,100088,225,100264,225,100013,225,100391,100,99971,100,100646,100,99910,100,100647,100,99852,100,100665,100,99845,100,100671,100,99816,100,100711,100,,,100958,100,,
2019-06-28 09:59:00.000000000,100186,194,100105,194,100264,194,100088,194,100391,194,100013,194,100646,194,99971,194,100647,100,99910,100,100665,100,99852,100,100671,100,99845,100,100711,100,99816,100,100958,100,,,101103,100,,
2019-06-28 09:59:08.780582249,100154,100,100105,194,100186,194,100088,194,100264,194,100013,194,100391,194,99971,194,100646,194,99910,100,100647,100,99852,100,100665,100,99845,100,100671,100,99816,100,100711,100,,,100958,100,,
2019-06-28 09:59:10.000000000,100154,478,100105,478,100186,100,100088,100,100264,100,100013,100,100391,100,99971,100,100646,100,99910,100,100647,100,99852,100,100665,100,99845,100,100671,100,99816,100,100711,100,,,100958,100,,
2019-06-28 09:59:20.000000000,100154,194,100105,194,100186,194,100088,194,100264,194,100013,194,100391,194,99971,194,100646,100,99910,100,100647,100,99852,100,100665,100,99845,100,100671,100,99816,100,100711,100,,,100958,100,,
2019-06-28 09:59:30.000000000,100154,289,100105,289,100186,289,100088,289,100264,100,100013,100,100391,100,99971,100,100646,100,99910,100,100647,100,99852,100,100665,100,99845,100,100671,100,99816,100,100711,100,,,100958,100,,
2019-06-28 09:59:35.950730888,100154,389,100105,289,100186,289,100088,289,100264,100,100013,100,100391,100,99971,100,100646,100,99910,100,100647,100,99852,100,100665,100,99845,100,100671,100,99816,100,100711,100,,,100958,100,,
2019-06-28 09:59:40.000000000,100154,329,100105,229,100186,225,100088,225,100264,225,100013,225,100391,100,99971,100,100646,100,99910,100,100647,100,99852,100,100665,100,99845,100,100671,100,99816,100,100711,100,,,100958,100,,
2019-06-28 09:59:46.654642633,100154,329,100105,129,100186,225,100088,225,100264,225,100013,225,100391,100,99971,100,100646,100,99910,100,100647,100,99852,100,100665,100,99845,100,100671,100,99816,100,100711,100,,,100958,100,,
2019-06-28 09:59:50.000000000,100154,276,100088,176,100186,176,100013,176,100264,176,99971,176,100391,176,99910,176,100646,176,99852,176,100647,100,99845,100,100665,100,99816,100,100671,100,,,100711,100,,,100958,100,,
2019-06-28 09:59:53.762538934,100154,276,100088,176,100186,176,100013,176,100264,176,99971,176,100391,176,99910,176,100646,176,99852,176,100647,100,99845,100,100665,100,99816,100,100671,100,99644,100,100711,100,,,100958,100,,
2019-06-28 10:00:00.000000000,100154,294,100088,194,100186,194,100013,194,100264,194,99971,194,100391,194,99910,194,100646,100,99852,100,100647,100,99845,100,100665,100,99816,100,100671,100,99644,100,100711,100,,,100958,100,,
2019-06-28 10:00:00.470725030,100154,294,100088,94,100186,194,100013,194,100264,194,99971,194,100391,194,99910,194,100646,100,99852,100,100647,100,99845,100,100665,100,99816,100,100671,100,99644,100,100711,100,,,100958,100,,
2019-06-28 10:00:00.721499274,100154,294,100088,94,100186,194,100013,194,100264,194,99971,194,100391,194,99910,194,100646,100,99852,100,100647,100,99845,100,100665,100,99816,100,100671,100,99644,100,100711,100,99540,100,100958,100,,
2019-06-28 10:00:10.000000000,100154,276,100013,176,100186,176,99971,176,100264,176,99910,176,100391,176,99852,176,100646,176,99845,176,100647,100,99816,100,100665,100,99644,100,100671,100,99540,100,100711,100,,,100958,100,,
2019-06-28 10:00:13.817518660,100154,276,100013,176,100186,176,99971,176,100264,176,99910,176,100391,176,99852,176,100646,176,99845,176,100647,100,99816,100,100665,100,99644,100,100671,100,99540,100,100711,100,99430,100,100958,100,,
2019-06-28 10:00:20.000000000,100154,389,100013,289,100186,289,99971,289,100264,100,99910,100,100391,100,99852,100,100646,100,99845,100,100647,100,99816,100,100665,100,99644,100,100671,100,99540,100,100711,100,99430,100,100958,100,,
2019-06-28 10:00:30.000000000,100154,329,100013,229,100186,225,99971,225,100264,225,99910,225,100391,100,99852,100,100646,100,99845,100,100647,100,99816,100,100665,100,99644,100,100671,100,99540,100,100711,100,99430,100,100958,100,,
2019-06-28 10:00:36.709925938,100105,100,100013,229,100154,329,99971,225,100186,225,99910,225,100264,225,99852,100,100391,100,99845,100,100646,100,99816,100,100647,100,99644,100,100665,100,99540,100,100671,100,99430,100,100711,100,,
2019-06-28 10:00:40.000000000,100105,478,100013,478,100154,200,99971,100,100186,100,99910,100,100264,100,99852,100,100391,100,99845,100,100646,100,99816,100,100647,100,99644,100,100665,100,99540,100,100671,100,99430,100,100711,100,,
2019-06-28 10:00:43.949306787,100105,478,100013,478,100154,200,99971,100,100186,100,99910,100,100264,100,99852,100,100391,100,99845,100,100647,100,99816,100,100665,100,99644,100,100671,100,99540,100,100711,100,99430,100,100958,100,,
2019-06-28 10:00:50.000000000,100105,229,100013,229,100154,325,99971,225,100186,225,99910,225,100264,100,99852,100,100391,100,99845,100,100647,100,99816,100,100665,100,99644,100,100671,100,99540,100,100711,100,99430,100,100958,100,,
2019-06-28 10:00:56.649870417,100105,229,100013,229,100154,325,99971,225,100186,225,99910,225,100264,100,99852,100,100391,100,99845,100,100647,100,99816,100,100665,100,99644,100,100671,100,99540,100,100711,100,99430,100,100958,100,,
2019-06-28 10:01:00.000000000,100105,229,100013,229,100154,325,99971,225,100186,225,99910,225,100264,100,99852,100,100391,100,99845,100,100647,100,99816,100,100665,100,99644,100,100671,100,99540,100,100711,100,99430,100,100958,100,,
2019-06-28 10:01:10.000000000,100105,478,100013,478,100154,200,99971,100,100186,100,99910,100,100264,100,99852,100,100391,100,99845,100,100647,100,99816,100,100665,100,99644,100,100671,100,99540,100,100711,100,99430,100,100958,100,,
2019-06-28 10:01:20.000000000,100105,478,100013,478,100154,200,99971,100,100186,100,99910,100,100264,100,99852,100,100391,100,99845,100,100647,100,99816,100,100665,100,99644,100,100671,100,99540,100,100711,100,99430,100,100958,100,,
2019-06-28 10:01:30.000000000,100105,194,100013,194,100154,294,99971,194,100186,194,99910,194,100264,194,99852,194,100391,100,99845,100,100647,100,99816,100,100665,100,99644,100,100671,100,99540,100,100711,100,99430,100,100958,100,,
2019-06-28 10:01:33.157515755,100105,294,100013,194,100154,294,99971,194,100186,194,99910,194,100264,194,99852,194,100391,100,99845,100,100647,100,99816,100,100665,100,99644,100,100671,100,99540,100,100711,100,99430,100,100958,100,,
2019-06-28 10:01:34.665371612,100105,294,100013,194,100154,294,99971,194,100186,194,99910,194,100264,194,99852,194,100391,100,99845,100,100647,100,99816,100,100665,100,99715,100,100671,100,99644,100,100711,100,99540,100,100958,100,99430,100
2019-06-28 10:01:40.000000000,100105,276,100013,176,100154,276,99971,176,100186,176,99910,176,100264,176,99852,176,100391,176,99845,176,100647,100,99816,100,100665,100,99715,100,100671,100,99644,100,100711,100,99540,100,100958,100,99430,100
2019-06-28 10:01:50.000000000,100105,389,100013,289,100154,389,99971,289,100186,100,99910,100,100264,100,99852,100,100391,100,99845,100,100647,100,99816,100,100665,100,99715,100,100671,100,99644,100,100711,100,99540,100,100958,100,99430,100
2019-06-28 10:01:57.279849190,100105,289,100013,289,100154,389,99971,289,100186,100,99910,100,100264,100,99852,100,100391,100,99845,100,100647,100,99816,100,100665,100,99715,100,100671,100,99644,100,100711,100,99540,100,100958,100,99430,100
2019-06-28 10:02:00.000000000,100105,176,100013,176,100154,276,99971,176,100186,176,99910,176,100264,176,99852,176,100391,176,99845,176,100647,100,99816,100,100665,100,99715,100,100671,100,99644,100,100711,100,99540,100,100958,100,99430,100
2019-06-28 10:02:05.960330674,100105,76,100013,176,100154,276,99971,176,100186,176,99910,176,100264,176,99852,176,100391,176,99845,176,100647,100,99816,100,100665,100,99715,100,100671,100,99644,100,100711,100,99540,100,100958,100,99430,100
2019-06-28 10:02:10.000000000,100154,329,100013,229,100186,225,99971,225,100264,225,99910,225,100391,100,99852,100,100647,100,99845,100,100665,100,99816,100,100671,100,99715,100,100711,100,99644,100,100958,100,99540,100,101103,100,99430,100
2019-06-28 10:02:12.710426794,100154,229,100013,229,100186,225,99971,225,100264,225,99910,225,100391,100,99852,100,100647,100,99845,100,100665,100,99816,100,100671,100,99715,100,100711,100,99644,100,100958,100,99540,100,101103,100,99430,100
2019-06-28 10:02:18.375998572,100154,129,100013,229,100186,225,99971,225,100264,225,99910,225,100391,100,99852,100,100647,100,99845,100,100665,100,99816,100,100671,100,99715,100,100711,100,99644,100,100958,100,99540,100,101103,100,99430,100
2019-06-28 10:02:20.000000000,100186,229,100013,229,100264,225,99971,225,100391,225,99910,225,100647,100,99852,100,100665,100,99845,100,100671,100,99816,100,100711,100,99715,100,100958,100,99644,100,101103,100,99540,100,101214,100,99430,100
2019-06-28 10:02:30.000000000,100186,229,100013,229,100264,225,99971,225,100391,225,99910,225,100647,100,99852,100,100665,100,99845,100,100671,100,99816,100,100711,100,99715,100,100958,100,99644,100,101103,100,99540,100,101214,100,99430,100
2019-06-28 10:02:40.000000000,100186,289,100013,289,100264,289,99971,289,100391,100,99910,100,100647,100,99852,100,100665,100,99845,100,100671,100,99816,100,100711,100,99715,100,100958,100,99644,100,101103,100,99540,100,101214,100,99430,100
2019-06-28 10:02:45.867705172,100186,289,100144,100,100264,289,100013,289,100391,100,99971,289,100647,100,99910,100,100665,100,99845,100,100671,100,99816,100,100711,100,99715,100,100958,100,99644,100,101103,100,99540,100,101214,100,99430,100
2019-06-28 10:02:48.329118258,100186,289,100154,100,100264,289,100144,100,100391,100,100013,289,100647,100,99971,289,100665,100,99910,100,100671,100,99845,100,100711,100,99816,100,100958,100,99715,100,101103,100,99644,100,101214,100,99540,100
2019-06-28 10:02:50.000000000,100186,176,100154,176,100264,176,100144,176,100391,176,100013,176,100647,176,99971,176,100665,176,99910,176,100671,100,99845,100,100711,100,99816,100,100958,100,99715,100,101103,100,99644,100,101214,100,99540,100
2019-06-28 10:03:00.000000000,100186,289,100154,289,100264,289,100144,289,100391,100,100013,100,100647,100,99971,100,100665,100,99910,100,100671,100,99845,100,100711,100,99816,100,100958,100,99715,100,101103,100,99644,100,101214,100,99540,100
2019-06-28 10:03:10.000000000,100186,176,100154,176,100264,176,100144,176,100391,176,100013,176,100647,176,99971,176,100665,176,99910,176,100671,100,99845,100,100711,100,99816,100,100958,100,99715,100,101103,100,99644,100,101214,100,99540,100
2019-06-28 10:03:13.087286569,100186,176,100154,176,100264,176,100144,176,100391,176,100022,100,100647,176,100013,176,100665,176,99971,176,100671,100,99910,176,100711,100,99845,100,100958,100,99816,100,101103,100,99715,100,101214,100,99644,100
2019-06-28 10:03:20.000000000,100186,289,100154,289,100264,289,100144,289,100391,100,100022,100,100647,100,100013,100,100665,100,99971,100,100671,100,99910,100,100711,100,99845,100,100958,100,99816,100,101103,100,99715,100,101214,100,99644,100
2019-06-28 10:03:30.000000000,100186,478,100154,478,100264,100,100144,100,100391,100,100022,100,100647,100,100013,100,100665,100,99971,100,100671,100,99910,100,100711,100,99845,100,100958,100,99816,100,101103,100,99715,100,101214,100,99644,100
2019-06-28 10:03:36.118817181,100186,478,100154,478,100264,100,100144,100,100391,100,100022,100,100647,100,100013,100,100665,100,99971,100,100671,100,99910,100,100711,100,99897,100,100958,100,99845,100,101103,100,99816,100,101214,100,99715,100
2019-06-28 10:03:40.000000000,100186,478,100154,478,100264,100,100144,100,100391,100,100022,100,100647,100,100013,100,100665,100,99971,100,100671,100,99910,100,100711,100,99897,100,100958,100,99845,100,101103,100,99816,100,101214,100,99715,100
2019-06-28 10:03:47.135880485,100186,478,100154,378,100264,100,100144,100,100391,100,100022,100,100647,100,100013,100,100665,100,99971,100,100711,100,99910,100,100958,100,99897,100,101103,100,99845,100,101214,100,99816,100,101248,100,99715,100
2019-06-28 10:03:49.922109202,100186,478,100154,278,100264,100,100144,100,100391,100,100022,100,100647,100,100013,100,100711,100,99971,100,100958,100,99910,100,101103,100,99897,100,101214,100,99845,100,101248,100,99816,100,101493,100,99715,100
2019-06-28 10:03:50.000000000,100186,478,100144,478,100264,100,100022,100,100391,100,100013,100,100647,100,99971,100,100711,100,99910,100,100958,100,99897,100,101103,100,99845,100,101214,100,99816,100,101248,100,99715,100,101493,100,99644,100
2019-06-28 10:03:56.615967864,100186,478,100144,478,100264,100,100022,100,100391,100,100013,100,100647,100,99971,100,100711,100,99910,100,100958,100,99897,100,101103,100,99845,100,101214,100,99816,100,101248,100,99715,100,101493,100,99644,100
2019-06-28 10:04:00.000000000,100186,176,100144,176,100264,176,100022,176,100391,176,100013,176,100647,176,99971,176,100711,176,99910,176,100958,100,99897,100,101103,100,99845,100,101214,100,99816,100,101248,100,99715,100,101493,100,99644,100
2019-06-28 10:04:00.993085387,100186,176,100144,176,100264,176,100022,176,100391,176,100013,176,100647,176,99971,176,100711,176,99910,176,100958,100,99897,100,101103,100,99845,100,101214,100,99816,100,101248,100,99715,100,101493,100,99644,100
2019-06-28 10:04:04.076414909,100186,176,100144,176,100264,176,100022,176,100391,176,100013,176,100647,176,99971,176,100711,176,99910,176,100958,100,99897,100,101103,100,99845,100,101214,100,99816,100,101248,100,99715,100,101493,100,99644,100
2019-06-28 10:04:10.000000000,100186,478,100144,478,100264,100,100022,100,100391,100,100013,100,100647,100,99971,100,100711,100,99910,100,100958,100,99897,100,101103,100,99845,100,101214,100,99816,100,101248,100,99715,100,101493,100,99644,100
2019-06-28 10:04:20.000000000,100186,478,100144,478,100264,100,100022,100,100391,100,100013,100,100647,100,99971,100,100711,100,99910,100,100958,100,99897,100,101103,100,99845,100,101214,100,99816,100,101248,100,99715,100,101493,100,99644,100
2019-06-28 10:04:29.772906135,100186,478,100144,478,100264,100,100022,100,100391,100,100013,100,100647,100,99971,100,100711,100,99910,100,100958,100,99897,100,101103,100,99845,100,101214,100,99816,100,101248,100,99715,100,101493,100,99644,100
2019-06-28 10:04:30.000000000,100186,176,100144,176,100264,176,100022,176,100391,176,100013,176,100647,176,99971,176,100711,176,99910,176,100958,100,99897,100,101103,100,99845,100,101214,100,99816,100,101248,100,99715,100,101493,100,99644,100
2019-06-28 10:04:40.000000000,100186,229,100144,229,100264,225,100022,225,100391,225,100013,225,100647,100,99971,100,100711,100,99910,100,100958,100,99897,100,101103,100,99845,100,101214,100,99816,100,101248,100,99715,100,101493,100,99644,100
2019-06-28 10:04:42.503971300,100154,100,100144,229,100186,229,100022,225,100264,225,100013,225,100391,225,99971,100,100647,100,99910,100,100711,100,99897,100,100958,100,99845,100,101103,100,99816,100,101214,100,99715,100,101248,100,99644,100
2019-06-28 10:04:43.089318599,100154,100,100144,129,100186,229,100022,225,100264,225,100013,225,100391,225,99971,100,100647,100,99910,100,100711,100,99897,100,100958,100,99845,100,101103,100,99816,100,101214,100,99715,100,101248,100,99644,100
2019-06-28 10:04:50.000000000,100154,478,100022,478,100186,100,100013,100,100264,100,99971,100,100391,100,99910,100,100647,100,99897,100,100711,100,99845,100,100958,100,99816,100,101103,100,99715,100,101214,100,99644,100,101248,100,99630,100
2019-06-28 10:04:51.004155068,100153,100,100022,478,100154,478,100013,100,100186,100,99971,100,100264,100,99910,100,100391,100,99897,100,100647,100,99845,100,100711,100,99816,100,100958,100,99715,100,101103,100,99644,100,101214,100,99630,100
2019-06-28 10:04:59.773657346,100153,200,100022,478,100154,478,100013,100,100186,100,99971,100,100264,100,99910,100,100391,100,99897,100,100647,100,99845,100,100711,100,99816,100,100958,100,99715,100,101103,100,99644,100,101214,100,99630,100
2019-06-28 10:05:00.000000000,100153,329,100022,229,100154,225,100013,225,100186,225,99971,225,100264,100,99910,100,100391,100,99897,100,100647,100,99845,100,100711,100,99816,100,100958,100,99715,100,101103,100,99644,100,101214,100,99630,100
2019-06-28 10:05:06.058677682,100153,329,100022,229,100154,225,100013,225,100186,225,99971,225,100264,100,99910,100,100391,100,99897,100,100647,100,99845,100,100711,100,99816,100,100958,100,99715,100,101103,100,99644,100,101214,100,99630,100
2019-06-28 10:05:07.251213183,100153,329,100022,229,100154,225,100013,225,100186,225,99971,225,100264,100,99910,100,100391,100,99897,100,100647,100,99845,100,100711,100,99816,100,100958,100,99715,100,101103,100,99644,100,101214,100,99630,100
2019-06-28 10:05:10.000000000,100153,389,100022,289,100154,289,100013,289,100186,100,99971,100,100264,100,99910,100,100391,100,99897,100,100647,100,99845,100,100711,100,99816,100,100958,100,99715,100,101103,100,99644,100,101214,100,99630,100
2019-06-28 10:05:14.514623666,100153,389,100022,289,100154,289,100013,289,100186,100,99971,100,100264,100,99910,100,100391,100,99897,100,100647,100,99845,100,100711,100,99816,100,100958,100,99715,100,101103,100,99644,100,101214,100,99630,100
2019-06-28 10:05:17.544642323,100153,389,100022,189,100154,289,100013,289,100186,100,99971,100,100264,100,99910,100,100391,100,99897,100,100647,100,99845,100,100711,100,99816,100,101103,100,99715,100,101214,100,99644,100,101248,100,99630,100
2019-06-28 10:05:20.000000000,100153,578,100013,478,100154,100,99971,100,100186,100,99910,100,100264,100,99897,100,100391,100,99845,100,100647,100,99816,100,100711,100,99715,100,101103,100,99644,100,101214,100,99630,100,101248,100,99475,100
2019-06-28 10:05:30.000000000,100153,578,100013,478,100154,100,99971,100,100186,100,99910,100,100264,100,99897,100,100391,100,99845,100,100647,100,99816,100,100711,100,99715,100,101103,100,99644,100,101214,100,99630,100,101248,100,99475,100
2019-06-28 10:05:40.000000000,100153,329,100013,229,100154,225,99971,225,100186,225,99910,225,100264,100,99897,100,100391,100,99845,100,100647,100,99816,100,100711,100,99715,100,101103,100,99644,100,101214,100,99630,100,101248,100,99475,100
2019-06-28 10:05:48.960041716,100153,329,100013,229,100154,225,99971,225,100186,225,99910,225,100264,100,99897,100,100391,100,99845,100,100647,100,99816,100,100711,100,99715,100,101103,100,99644,100,101214,100,99630,100,101248,100,99475,100
2019-06-28 10:05:50.000000000,100153,329,100013,229,100154,225,99971,225,100186,225,99910,225,100264,100,99897,100,100391,100,99845,100,100647,100,99816,100,100711,100,99715,100,101103,100,99644,100,101214,100,99630,100,101248,100,99475,100
2019-06-28 10:05:57.769199000,100153,329,100013,229,100154,225,99971,225,100186,225,99910,225,100264,100,99897,100,100391,100,99845,100,100647,100,99816,100,100711,100,99715,100,101103,100,99644,100,101214,100,99630,100,101248,100,99475,100
2019-06-28 10:06:00.000000000,100153,276,100013,176,100154,176,99971,176,100186,176,99910,176,100264,176,99897,176,100391,176,99845,176,100647,100,99816,100,100711,100,99715,100,101103,100,99644,100,101214,100,99630,100,101248,100,99475,100
2019-06-28 10:06:01.661001496,100153,276,100013,76,100154,176,99971,176,100186,176,99910,176,100264,176,99897,176,100391,176,99845,176,100647,100,99816,100,100711,100,99715,100,101103,100,99644,100,101214,100,99630,100,101248,100,99475,100
2019-06-28 10:06:10.000000000,100153,276,99971,176,100154,176,99910,176,100186,176,99897,176,100264,176,99845,176,100391,176,99816,176,100647,100,99715,100,100711,100,99644,100,101103,100,99630,100,101214,100,99475,100,101248,100,99447,100
2019-06-28 10:06:12.429486101,100153,276,99971,176,100154,176,99910,176,100186,176,99897,176,100264,176,99845,176,100391,176,99816,176,100647,100,99715,100,100711,100,99644,100,101103,100,99630,100,101214,100,99475,100,101248,100,99447,100
2019-06-28 10:06:20.000000000,100153,329,99971,229,100154,225,99910,225,100186,225,99897,225,100264,100,99845,100,100391,100,99816,100,100647,100,99715,100,100711,100,99644,100,101103,100,99630,100,101214,100,99475,100,101248,100,99447,100
2019-06-28 10:06:30.000000000,100153,276,99971,176,100154,176,99910,176,100186,176,99897,176,100264,176,99845,176,100391,176,99816,176,100647,100,99715,100,100711,100,99644,100,101103,100,99630,100,101214,100,99475,100,101248,100,99447,100
2019-06-28 10:06:40.000000000,100153,389,99971,289,100154,289,99910,289,100186,100,99897,100,100264,100,99845,100,100391,100,99816,100,100647,100,99715,100,100711,100,99644,100,101103,100,99630,100,101214,100,99475,100,101248,100,99447,100
2019-06-28 10:06:50.000000000,100153,389,99971,289,100154,289,99910,289,100186,100,99897,100,100264,100,99845,100,100391,100,99816,100,100647,100,99715,100,100711,100,99644,100,101103,100,99630,100,101214,100,99475,100,101248,100,99447,100
2019-06-28 10:06:54.444993507,100153,389,99971,289,100154,289,99910,289,100186,100,99897,100,100264,100,99816,100,100391,100,99715,100,100647,100,99644,100,100711,100,99630,100,101103,100,99475,100,101214,100,99447,100,101248,100,99404,100
2019-06-28 10:07:00.000000000,100153,389,99971,289,100154,289,99910,289,100186,100,99897,100,100264,100,99816,100,100391,100,99715,100,100647,100,99644,100,100711,100,99630,100,101103,100,99475,100,101214,100,99447,100,101248,100,99404,100
2019-06-28 10:07:02.129095680,100153,389,99971,189,100154,289,99910,289,100186,100,99897,100,100264,100,99816,100,100391,100,99715,100,100647,100,99644,100,100711,100,99630,100,101103,100,99475,100,101214,100,99447,100,101248,100,99404,100
2019-06-28 10:07:10.000000000,100153,578,99910,478,100154,100,99897,100,100186,100,99816,100,100264,100,99715,100,100391,100,99644,100,100647,100,99630,100,100711,100,99475,100,101103,100,99447,100,101214,100,99404,100,101248,100,99371,100
2019-06-28 10:07:20.000000000,100153,276,99910,176,100154,176,99897,176,100186,176,99816,176,100264,176,99715,176,100391,176,99644,176,100647,100,99630,100,100711,100,99475,100,101103,100,99447,100,101214,100,99404,100,101248,100,99371,100
2019-06-28 10:07:25.687451298,100153,176,99910,176,100154,176,99897,176,100186,176,99816,176,100264,176,99715,176,100391,176,99644,176,100647,100,99630,100,100711,100,99475,100,101103,100,99447,100,101214,100,99404,100,101248,100,99371,100
2019-06-28 10:07:30.000000000,100153,176,99910,176,100154,176,99897,176,100186,176,99816,176,100264,176,99715,176,100391,176,99644,176,100647,100,99630,100,100711,100,99475,100,101103,100,99447,100,101214,100,99404,100,101248,100,99371,100
2019-06-28 10:07:32.466893981,100022,100,99910,176,100153,176,99897,176,100154,176,99816,176,100186,176,99715,176,100264,176,99644,176,100391,176,99630,100,100647,100,99475,100,100711,100,99447,100,101103,100,99404,100,101214,100,99371,100
2019-06-28 10:07:40.000000000,100022,194,99910,194,100153,194,99897,194,100154,194,99816,194,100186,194,99715,194,100264,100,99644,100,100391,100,99630,100,100647,100,99475,100,100711,100,99447,100,101103,100,99404,100,101214,100,99371,100
2019-06-28 10:07:44.137771730,100022,194,99910,194,100153,194,99897,194,100154,194,99816,194,100186,194,99715,194,100264,100,99644,100,100391,100,99630,100,100647,100,99475,100,100711,100,99447,100,101103,100,99404,100,101214,100,99371,100
2019-06-28 10:07:48.474259764,100022,194,99910,94,100153,194,99897,194,100154,194,99816,194,100186,194,99715,194,100264,100,99644,100,100391,100,99630,100,100647,100,99475,100,100711,100,99447,100,101103,100,99404,100,101214,100,99371,100
