,ask_price_1,ask_size_1,bid_price_1,bid_size_1,ask_price_2,ask_size_2,bid_price_2,bid_size_2,ask_price_3,ask_size_3,bid_price_3,bid_size_3,ask_price_4,ask_size_4,bid_price_4,bid_size_4,ask_price_5,ask_size_5,bid_price_5,bid_size_5,ask_price_6,ask_size_6,bid_price_6,bid_size_6,ask_price_7,ask_size_7,bid_price_7,bid_size_7,ask_price_8,ask_size_8,bid_price_8,bid_size_8,ask_price_9,ask_size_9,bid_price_9,bid_size_9,ask_price_10,ask_size_10,bid_price_10,bid_size_10
2019-06-28 09:30:00.000000000,,,99962,100,,,,,,,,,,,,,,,,,,,,,,,,,,,,,,,,,,,,
2019-06-28 09:30:00.000000001,100077,100,99962,100,,,,,,,,,,,,,,,,,,,,,,,,,,,,,,,,,,,,
2019-06-28 09:30:00.000000002,100077,100,99962,100,,,,,,,,,,,,,,,,,,,,,,,,,,,,,,,,,,,,
2019-06-28 09:30:00.000000004,100067,100,99962,100,100077,100,,,,,,,,,,,,,,,,,,,,,,,,,,,,,,,,,,
2019-06-28 09:30:00.000000006,100057,100,99969,100,100067,100,99967,100,100077,100,99962,100,,,,,,,,,,,,,,,,,,,,,,,,,,,,
2019-06-28 09:30:00.000000007,100057,100,99969,100,100067,100,99967,100,100068,100,99962,100,100077,100,,,100135,100,,,,,,,,,,,,,,,,,,,,,,
2019-06-28 09:30:00.000000008,100027,100,99969,100,100057,100,99967,100,100067,100,99962,100,100068,100,99934,100,100077,100,,,100135,100,,,,,,,,,,,,,,,,,,
2019-06-28 09:30:00.000000011,99992,100,99969,100,100027,100,99967,100,100057,100,99962,100,100067,100,99934,100,100068,100,,,100077,100,,,100135,100,,,,,,,,,,,,,,
2019-06-28 09:30:00.000000012,99992,100,99969,100,100027,100,99968,100,100057,100,99967,100,100067,100,99962,100,100068,100,99934,100,100077,100,,,100135,100,,,,,,,,,,,,,,
2019-06-28 09:30:00.000000015,99992,100,99969,100,100027,100,99968,100,100057,100,99967,100,100067,100,99962,100,100068,100,99961,100,100077,100,99958,100,100135,100,99934,100,,,,,,,,,,,,
2019-06-28 09:30:00.000000016,99992,100,99969,100,100027,100,99968,100,100057,100,99967,100,100067,200,99962,100,100068,100,99961,100,100077,100,99958,100,100135,100,99934,100,,,,,,,,,,,,
2019-06-28 09:30:00.000000017,99992,200,99969,100,100027,100,99968,100,100057,100,99967,100,100067,200,99962,100,100068,100,99961,100,100077,100,99958,100,100113,100,99957,100,100135,100,99934,100,,,,,,,,
2019-06-28 09:30:00.000000019,99992,100,99969,100,100027,100,99968,100,100057,100,99967,100,100067,200,99962,100,100068,100,99961,100,100077,100,99958,100,100113,100,99957,100,100135,100,99934,100,,,,,,,,
2019-06-28 09:30:00.000000020,99991,100,99969,100,99992,100,99968,100,100027,100,99967,100,100057,100,99962,100,100067,200,99961,100,100068,100,99958,100,100077,100,99957,100,100113,100,99934,100,100135,100,,,,,,
2019-06-28 09:30:00.000000021,99991,100,99969,100,99992,100,99968,100,100027,200,99967,100,100057,100,99962,100,100067,200,99961,100,100068,100,99958,100,100077,100,99957,100,100113,100,99934,100,100135,100,,,,,,
2019-06-28 09:30:00.000000022,99991,100,99969,100,99992,100,99968,100,100027,200,99967,100,100057,100,99962,100,100067,200,99961,100,100068,100,99958,100,100077,100,99957,100,100104,100,99934,100,100113,100,,,100135,100,,
2019-06-28 09:30:00.000000027,99991,100,99968,100,99992,100,99967,100,100027,200,99962,100,100057,100,99961,100,100067,200,99958,100,100068,100,99957,100,100077,100,99934,100,100104,100,,,100113,100,,,100135,100,,
2019-06-28 09:30:00.000000028,99991,100,99968,100,99992,100,99967,100,100027,200,99962,100,100057,100,99961,100,100067,200,99958,100,100068,100,99957,100,100077,100,99934,100,100104,100,99912,100,100113,100,,,100135,100,,
2019-06-28 09:30:00.000000032,99991,100,99969,100,99992,100,99968,100,100027,200,99967,100,100057,100,99962,100,100062,100,99961,100,100067,200,99958,100,100068,100,99957,100,100077,100,99934,100,100104,100,99912,100,100113,100,,
2019-06-28 09:30:00.000000033,99991,100,99969,100,99992,100,99968,100,100027,200,99967,100,100057,100,99962,100,100062,100,99961,100,100067,200,99958,100,100068,100,99957,100,100077,100,99934,100,100104,100,99912,100,100113,100,99849,100
2019-06-28 09:30:00.000000034,99992,100,99970,100,100027,200,99969,100,100057,100,99968,100,100062,100,99967,100,100067,200,99962,100,100068,200,99961,100,100077,100,99958,100,100104,100,99957,100,100113,100,99934,100,100135,100,99912,100
2019-06-28 09:30:00.000000035,99988,100,99970,100,100027,200,99969,100,100057,100,99968,100,100062,100,99967,100,100067,200,99962,100,100068,200,99961,100,100077,100,99958,100,100104,100,99957,100,100113,100,99934,100,100135,100,99912,100
2019-06-28 09:30:00.000000036,99988,100,99970,100,100027,200,99969,100,100057,100,99968,100,100062,100,99967,100,100067,200,99962,100,100068,200,99961,100,100077,100,99958,100,100088,100,99957,100,100104,100,99934,100,100113,100,99912,100
2019-06-28 09:30:00.000000038,99988,100,99970,100,100027,200,99969,100,100057,100,99968,100,100062,100,99967,100,100067,200,99962,100,100068,200,99961,100,100077,100,99958,100,100088,100,99957,100,100104,100,99948,100,100113,100,99934,100
2019-06-28 09:30:00.000000040,99988,100,99970,100,99992,100,99969,100,100027,200,99968,100,100057,100,99967,100,100062,100,99962,100,100067,200,99961,100,100068,200,99958,100,100077,100,99957,100,100088,100,99948,100,100104,100,99934,100
2019-06-28 09:30:00.000000045,99992,100,99970,100,100027,200,99969,100,100057,100,99968,100,100062,100,99967,100,100067,200,99962,100,100068,200,99961,100,100077,100,99958,100,100088,100,99957,100,100104,100,99948,100,100113,100,99934,100
2019-06-28 09:30:00.000000047,99992,100,99970,100,100027,200,99969,100,100057,100,99968,100,100062,100,99967,100,100067,200,99962,100,100068,200,99961,100,100077,100,99958,100,100088,100,99957,100,100104,100,99948,100,100113,100,99934,100
2019-06-28 09:30:00.000000048,99992,100,99970,100,100027,200,99969,100,100057,100,99968,100,100062,100,99967,100,100067,200,99962,100,100068,200,99961,100,100077,100,99958,100,100088,100,99957,100,100104,100,99948,100,100113,100,99942,100
2019-06-28 09:30:00.000000051,99992,100,99970,100,100027,200,99969,100,100057,100,99968,100,100062,100,99967,100,100067,200,99962,100,100068,200,99961,100,100077,100,99958,100,100084,100,99957,100,100088,100,99948,100,100104,100,99942,100
2019-06-28 09:30:00.000000061,99992,100,99970,100,100027,200,99969,100,100057,100,99968,100,100062,100,99967,100,100067,200,99962,100,100068,200,99961,100,100077,100,99958,100,100084,100,99957,100,100088,100,99948,100,100096,100,99942,100
2019-06-28 09:30:00.000000064,99992,100,99970,100,100027,200,99969,100,100057,100,99968,100,100062,100,99967,100,100067,200,99962,100,100068,200,99961,100,100077,100,99958,100,100084,100,99957,100,100088,200,99948,100,100096,100,99942,100
2019-06-28 09:30:00.000000065,99992,100,99969,100,100027,200,99968,100,100057,100,99967,100,100062,100,99962,100,100067,200,99961,100,100068,200,99958,100,100077,100,99957,100,100084,100,99948,100,100088,200,99942,100,100096,100,99934,100
2019-06-28 09:30:00.000000066,99992,100,99969,100,100027,200,99968,100,100057,100,99967,100,100062,100,99962,100,100067,200,99961,100,100068,200,99958,100,100077,100,99957,100,100084,100,99948,100,100088,200,99942,100,100096,100,99934,100
2019-06-28 09:30:00.000000067,99992,100,99969,100,100027,200,99968,100,100057,100,99967,100,100062,100,99962,100,100067,200,99961,100,100068,200,99958,100,100077,100,99957,100,100084,100,99948,100,100088,200,99942,100,100094,100,99934,100
2019-06-28 09:30:00.000000070,100027,200,99969,100,100057,100,99968,100,100062,100,99967,100,100067,200,99962,100,100068,200,99961,100,100077,100,99958,100,100084,100,99957,100,100088,200,99948,100,100094,100,99942,100,100096,100,99934,100
2019-06-28 09:30:00.000000072,100027,100,99969,100,100057,100,99968,100,100062,100,99967,100,100067,200,99962,100,100068,200,99961,100,100077,100,99958,100,100084,100,99957,100,100088,200,99948,100,100094,100,99942,100,100096,100,99934,100
2019-06-28 09:30:00.000000075,100027,100,99969,100,100057,100,99968,100,100060,100,99967,100,100062,100,99962,100,100067,200,99961,100,100068,200,99958,100,100077,100,99957,100,100084,100,99948,100,100088,200,99942,100,100094,100,99934,100
2019-06-28 09:30:00.000000076,100027,100,99969,100,100057,100,99968,100,100060,100,99967,100,100062,100,99962,100,100067,200,99961,100,100068,200,99958,100,100077,100,99957,100,100084,100,99948,100,100088,200,99942,100,100094,100,99934,100
2019-06-28 09:30:00.000000084,100027,100,99969,100,100046,100,99968,100,100057,100,99967,100,100060,100,99962,100,100062,100,99961,100,100067,200,99958,100,100068,200,99957,100,100077,100,99948,100,100084,100,99942,100,100088,200,99934,100
2019-06-28 09:30:00.000000085,100027,100,99969,100,100033,100,99968,100,100046,100,99967,100,100057,100,99962,100,100060,100,99961,100,100062,100,99958,100,100067,200,99957,100,100068,200,99948,100,100077,100,99942,100,100084,100,99934,100
2019-06-28 09:30:00.000000086,100027,100,99969,100,100033,100,99968,100,100046,100,99967,100,100057,100,99962,100,100060,100,99961,100,100062,100,99958,100,100067,200,99957,100,100068,200,99948,100,100077,100,99942,100,100084,100,99934,100
2019-06-28 09:30:00.000000088,100027,100,99969,100,100033,100,99968,100,100046,100,99967,100,100057,100,99962,100,100060,100,99961,100,100062,100,99958,100,100067,200,99957,100,100068,200,99953,100,100077,100,99948,100,100084,100,99942,100
2019-06-28 09:30:00.000000090,100027,100,99992,100,100033,100,99969,100,100046,100,99968,100,100057,100,99967,100,100060,100,99962,100,100062,100,99961,100,100067,200,99958,100,100068,200,99957,100,100077,100,99953,100,100084,100,99948,100
2019-06-28 09:30:00.000000091,100027,100,99992,100,100033,100,99969,100,100046,100,99968,100,100057,100,99967,100,100060,100,99962,100,100062,100,99961,100,100067,200,99958,100,100068,200,99957,100,100077,100,99953,100,100081,100,99948,100
2019-06-28 09:30:00.000000093,100027,100,99992,200,100033,100,99969,100,100046,100,99968,100,100057,100,99967,100,100060,100,99962,100,100062,100,99961,100,100067,200,99958,100,100068,200,99957,100,100077,100,99953,100,100081,100,99948,100
2019-06-28 09:30:00.000000095,100027,100,99992,200,100033,100,99969,100,100046,100,99968,100,100057,100,99967,100,100060,100,99962,100,100062,100,99961,100,100067,200,99958,100,100068,200,99957,100,100077,100,99953,100,100081,100,99948,100
2019-06-28 09:30:00.000000096,100027,200,99992,200,100033,100,99969,100,100046,100,99968,100,100057,100,99967,100,100060,100,99962,100,100062,100,99961,100,100067,200,99958,100,100068,200,99957,100,100077,100,99953,100,100081,100,99948,100
2019-06-28 09:30:00.000000097,100027,200,99992,300,100033,100,99969,100,100046,100,99968,100,100057,100,99967,100,100060,100,99962,100,100062,100,99961,100,100067,200,99958,100,100068,200,99957,100,100077,100,99953,100,100081,100,99948,100
2019-06-28 09:30:00.000000098,100027,200,99992,300,100033,100,99969,100,100046,100,99968,100,100053,100,99967,100,100057,100,99962,100,100060,100,99961,100,100062,100,99958,100,100067,200,99957,100,100068,200,99953,100,100077,100,99948,100
2019-06-28 09:30:00.000000099,100027,200,99992,300,100033,100,99969,100,100046,100,99968,100,100053,100,99967,100,100057,100,99962,100,100060,100,99961,100,100062,100,99958,100,100067,200,99957,100,100068,200,99955,100,100077,100,99953,100
2019-06-28 09:30:00.292518892,100027,200,99992,300,100033,100,99969,100,100046,100,99968,100,100053,100,99967,100,100057,100,99962,100,100059,100,99961,100,100060,100,99958,100,100062,100,99957,100,100067,200,99955,100,100068,200,99953,100
2019-06-28 09:30:10.000000000,100027,344,99992,444,100033,244,99969,244,100046,100,99968,100,100053,100,99967,100,100057,100,99962,100,100059,100,99961,100,100060,100,99958,100,100062,100,99957,100,100067,200,99955,100,100068,200,99953,100
2019-06-28 09:30:20.000000000,100027,344,99992,444,100033,244,99969,244,100046,100,99968,100,100053,100,99967,100,100057,100,99962,100,100059,100,99961,100,100060,100,99958,100,100062,100,99957,100,100067,200,99955,100,100068,200,99953,100
2019-06-28 09:30:21.642596219,100027,344,99992,344,100033,244,99969,244,100046,100,99968,100,100053,100,99967,100,100057,100,99962,100,100059,100,99961,100,100060,100,99958,100,100062,100,99957,100,100067,200,99955,100,100068,200,99953,100
2019-06-28 09:30:23.800744220,100027,344,99992,344,100033,244,99969,244,100046,100,99968,100,100053,100,99967,100,100057,100,99962,100,100059,100,99961,100,100060,100,99958,100,100062,100,99957,100,100067,200,99955,100,100068,200,99953,100
2019-06-28 09:30:28.442464474,100026,100,99992,344,100027,344,99969,244,100033,244,99968,100,100046,100,99967,100,100053,100,99961,100,100057,100,99958,100,100059,100,99957,100,100060,100,99955,100,100062,100,99953,100,100067,200,99948,100
2019-06-28 09:30:30.000000000,100026,244,99992,344,100027,344,99969,244,100033,100,99968,100,100046,100,99967,100,100053,100,99961,100,100057,100,99958,100,100059,100,99957,100,100060,100,99955,100,100062,100,99953,100,100067,200,99948,100
2019-06-28 09:30:32.760789090,100026,244,99992,244,100027,344,99969,244,100033,100,99968,100,100046,100,99967,100,100053,100,99961,100,100057,100,99958,100,100059,100,99957,100,100060,100,99955,100,100062,100,99953,100,100067,200,99948,100
2019-06-28 09:30:40.000000000,100026,388,99992,388,100027,200,99969,100,100033,100,99968,100,100046,100,99967,100,100053,100,99961,100,100057,100,99958,100,100059,100,99957,100,100060,100,99955,100,100062,100,99953,100,100067,200,99948,100
2019-06-28 09:30:50.000000000,100026,388,99992,388,100027,200,99969,100,100033,100,99968,100,100046,100,99967,100,100053,100,99961,100,100057,100,99958,100,100059,100,99957,100,100060,100,99955,100,100062,100,99953,100,100067,200,99948,100
2019-06-28 09:31:00.000000000,100026,198,99992,198,100027,295,99969,195,100033,195,99968,195,100046,100,99967,100,100053,100,99961,100,100057,100,99958,100,100059,100,99957,100,100060,100,99955,100,100062,100,99953,100,100067,200,99948,100
2019-06-28 09:31:10.000000000,100026,172,99992,172,100027,272,99969,172,100033,172,99968,172,100046,172,99967,172,100053,100,99961,100,100057,100,99958,100,100059,100,99957,100,100060,100,99955,100,100062,100,99953,100,100067,200,99948,100
2019-06-28 09:31:12.337806620,100026,172,99992,172,100027,272,99969,172,100033,172,99968,172,100046,172,99967,172,100053,100,99961,100,100057,100,99958,100,100059,100,99957,100,100060,100,99955,100,100062,100,99953,100,100067,200,99948,100
2019-06-28 09:31:20.000000000,100026,172,99992,172,100027,272,99969,172,100033,172,99968,172,100046,172,99967,172,100053,100,99961,100,100057,100,99958,100,100059,100,99957,100,100060,100,99955,100,100062,100,99953,100,100067,200,99948,100
2019-06-28 09:31:30.000000000,100026,244,99992,244,100027,344,99969,244,100033,100,99968,100,100046,100,99967,100,100053,100,99961,100,100057,100,99958,100,100059,100,99957,100,100060,100,99955,100,100062,100,99953,100,100067,200,99948,100
2019-06-28 09:31:35.738282858,100026,244,99992,244,100027,344,99969,244,100033,100,99968,100,100046,100,99967,100,100053,100,99961,100,100057,100,99958,100,100059,100,99957,100,100060,100,99955,100,100062,100,99953,100,100067,200,99948,100
2019-06-28 09:31:40.000000000,100026,198,99992,198,100027,295,99969,195,100033,195,99968,195,100046,100,99967,100,100053,100,99961,100,100057,100,99958,100,100059,100,99957,100,100060,100,99955,100,100062,100,99953,100,100067,200,99948,100
2019-06-28 09:31:50.000000000,100026,244,99992,244,100027,344,99969,244,100033,100,99968,100,100046,100,99967,100,100053,100,99961,100,100057,100,99958,100,100059,100,99957,100,100060,100,99955,100,100062,100,99953,100,100067,200,99948,100
2019-06-28 09:31:50.292156290,100026,244,100013,100,100027,344,99992,244,100033,100,99969,244,100046,100,99968,100,100053,100,99967,100,100057,100,99961,100,100059,100,99958,100,100060,100,99957,100,100062,100,99955,100,100067,200,99953,100
2019-06-28 09:32:00.000000000,100026,198,100013,198,100027,295,99992,195,100033,195,99969,195,100046,100,99968,100,100053,100,99967,100,100057,100,99961,100,100059,100,99958,100,100060,100,99957,100,100062,100,99955,100,100067,200,99953,100
2019-06-28 09:32:01.786271411,100026,198,100013,198,100027,295,99992,195,100033,195,99969,195,100046,100,99968,100,100053,100,99967,100,100057,100,99961,100,100060,100,99958,100,100062,100,99957,100,100067,200,99955,100,100068,200,99953,100
2019-06-28 09:32:10.000000000,100026,244,100013,244,100027,344,99992,244,100033,100,99969,100,100046,100,99968,100,100053,100,99967,100,100057,100,99961,100,100060,100,99958,100,100062,100,99957,100,100067,200,99955,100,100068,200,99953,100
2019-06-28 09:32:20.000000000,100026,388,100013,388,100027,200,99992,100,100033,100,99969,100,100046,100,99968,100,100053,100,99967,100,100057,100,99961,100,100060,100,99958,100,100062,100,99957,100,100067,200,99955,100,100068,200,99953,100
2019-06-28 09:32:30.000000000,100026,158,100013,158,100027,258,99992,158,100033,158,99969,158,100046,158,99968,158,100053,158,99967,158,100057,100,99961,100,100060,100,99958,100,100062,100,99957,100,100067,200,99955,100,100068,200,99953,100
2019-06-28 09:32:32.803483865,100026,58,100013,158,100027,258,99992,158,100033,158,99969,158,100046,158,99968,158,100053,158,99967,158,100057,100,99961,100,100060,100,99958,100,100062,100,99955,100,100067,200,99953,100,100068,200,99948,100
2019-06-28 09:32:35.067047670,100026,58,100013,158,100027,258,99992,158,100033,158,99969,158,100046,158,99968,158,100053,158,99967,158,100057,100,99961,100,100060,100,99958,100,100062,100,99955,100,100067,200,99953,100,100068,200,99948,100
2019-06-28 09:32:40.000000000,100027,344,100013,244,100033,244,99992,244,100046,100,99969,100,100053,100,99968,100,100057,100,99967,100,100060,100,99961,100,100062,100,99958,100,100067,200,99955,100,100068,200,99953,100,100077,100,99948,100
2019-06-28 09:32:50.000000000,100027,298,100013,198,100033,195,99992,195,100046,195,99969,195,100053,100,99968,100,100057,100,99967,100,100060,100,99961,100,100062,100,99958,100,100067,200,99955,100,100068,200,99953,100,100077,100,99948,100
2019-06-28 09:32:58.930939285,100027,198,100013,198,100033,195,99992,195,100046,195,99969,195,100053,100,99968,100,100057,100,99967,100,100060,100,99961,100,100062,100,99958,100,100067,200,99953,100,100068,200,99948,100,100077,100,99943,100
2019-06-28 09:33:00.000000000,100027,244,100013,244,100033,244,99992,244,100046,100,99969,100,100053,100,99968,100,100057,100,99967,100,100060,100,99961,100,100062,100,99958,100,100067,200,99953,100,100068,200,99948,100,100077,100,99943,100
2019-06-28 09:33:10.000000000,100027,388,100013,388,100033,100,99992,100,100046,100,99969,100,100053,100,99968,100,100057,100,99967,100,100060,100,99961,100,100062,100,99958,100,100067,200,99953,100,100068,200,99948,100,100077,100,99943,100
2019-06-28 09:33:20.000000000,100027,158,100013,158,100033,158,99992,158,100046,158,99969,158,100053,158,99968,158,100057,158,99967,158,100060,100,99961,100,100062,100,99958,100,100067,200,99953,100,100068,200,99948,100,100077,100,99943,100
2019-06-28 09:33:21.485436923,100027,158,100026,100,100033,158,100013,158,100046,158,99992,158,100053,158,99969,158,100057,158,99968,158,100060,100,99967,158,100062,100,99961,100,100067,200,99958,100,100068,200,99953,100,100077,100,99948,100
2019-06-28 09:33:22.704312981,100027,58,100026,100,100033,158,100013,158,100046,158,99992,158,100053,158,99969,158,100057,158,99968,158,100060,100,99967,158,100062,100,99961,100,100067,200,99958,100,100068,200,99953,100,100077,100,99948,100
2019-06-28 09:33:30.000000000,100033,244,100026,244,100046,244,100013,244,100053,100,99992,100,100057,100,99969,100,100060,100,99968,100,100062,100,99967,100,100067,200,99961,100,100068,200,99958,100,100077,100,99953,100,100081,100,99948,100
2019-06-28 09:33:40.000000000,100033,388,100026,388,100046,100,100013,100,100053,100,99992,100,100057,100,99969,100,100060,100,99968,100,100062,100,99967,100,100067,200,99961,100,100068,200,99958,100,100077,100,99953,100,100081,100,99948,100
2019-06-28 09:33:45.298264636,100033,288,100026,388,100046,100,100013,100,100053,100,99992,100,100057,100,99969,100,100060,100,99968,100,100062,100,99967,100,100067,200,99961,100,100068,200,99958,100,100077,100,99953,100,100081,100,99948,100
2019-06-28 09:33:50.000000000,100046,198,100026,198,100053,195,100013,195,100057,195,99992,195,100060,100,99969,100,100062,100,99968,100,100067,200,99967,100,100068,200,99961,100,100077,100,99958,100,100081,100,99953,100,100084,100,99948,100
2019-06-28 09:34:00.000000000,100046,198,100026,198,100053,195,100013,195,100057,195,99992,195,100060,100,99969,100,100062,100,99968,100,100067,200,99967,100,100068,200,99961,100,100077,100,99958,100,100081,100,99953,100,100084,100,99948,100
2019-06-28 09:34:10.000000000,100046,158,100026,158,100053,158,100013,158,100057,158,99992,158,100060,158,99969,158,100062,158,99968,158,100067,200,99967,100,100068,200,99961,100,100077,100,99958,100,100081,100,99953,100,100084,100,99948,100
2019-06-28 09:34:20.000000000,100046,388,100026,388,100053,100,100013,100,100057,100,99992,100,100060,100,99969,100,100062,100,99968,100,100067,200,99967,100,100068,200,99961,100,100077,100,99958,100,100081,100,99953,100,100084,100,99948,100
2019-06-28 09:34:22.439222950,100046,388,100026,388,100053,100,100013,100,100057,100,99992,100,100060,100,99969,100,100062,100,99968,100,100067,200,99967,100,100068,200,99961,100,100077,100,99958,100,100081,100,99953,100,100084,100,99948,100
2019-06-28 09:34:30.000000000,100046,158,100026,158,100053,158,100013,158,100057,158,99992,158,100060,158,99969,158,100062,158,99968,158,100067,200,99967,100,100068,200,99961,100,100077,100,99958,100,100081,100,99953,100,100084,100,99948,100
2019-06-28 09:34:39.762704027,100046,158,100026,158,100053,158,100013,158,100057,158,99992,158,100060,158,99969,158,100062,158,99968,158,100067,200,99967,100,100068,200,99961,100,100077,100,99958,100,100081,100,99953,100,100084,100,99948,100
2019-06-28 09:34:40.000000000,100046,388,100026,388,100053,100,100013,100,100057,100,99992,100,100060,100,99969,100,100062,100,99968,100,100067,200,99967,100,100068,200,99961,100,100077,100,99958,100,100081,100,99953,100,100084,100,99948,100
2019-06-28 09:34:42.913867106,100046,388,100026,388,100053,100,100013,100,100057,100,99992,100,100060,100,99969,100,100062,100,99968,100,100067,200,99967,100,100068,200,99961,100,100077,100,99958,100,100081,100,99953,100,100084,100,99948,100
2019-06-28 09:34:48.986454881,100046,288,100026,388,100053,100,100013,100,100057,100,99992,100,100060,100,99969,100,100062,100,99968,100,100067,200,99967,100,100068,200,99961,100,100077,100,99958,100,100081,100,99953,100,100084,100,99943,100
2019-06-28 09:34:50.000000000,100053,172,100026,172,100057,172,100013,172,100060,172,99992,172,100062,172,99969,172,100067,200,99968,100,100068,200,99967,100,100077,100,99961,100,100081,100,99958,100,100084,100,99953,100,100088,200,99943,100
2019-06-28 09:34:57.718329465,100053,172,100033,100,100057,172,100026,172,100060,172,100013,172,100062,172,99992,172,100067,200,99969,172,100068,200,99968,100,100077,100,99967,100,100081,100,99961,100,100084,100,99958,100,100088,200,99953,100
2019-06-28 09:35:00.000000000,100053,172,100033,172,100057,172,100026,172,100060,172,100013,172,100062,172,99992,172,100067,200,99969,100,100068,200,99968,100,100077,100,99967,100,100081,100,99961,100,100084,100,99958,100,100088,200,99953,100
2019-06-28 09:35:10.000000000,100053,388,100033,388,100057,100,100026,100,100060,100,100013,100,100062,100,99992,100,100067,200,99969,100,100068,200,99968,100,100077,100,99967,100,100081,100,99961,100,100084,100,99958,100,100088,200,99953,100
2019-06-28 09:35:12.914676845,100053,388,100033,488,100057,100,100026,100,100060,100,100013,100,100062,100,99992,100,100067,200,99969,100,100068,200,99968,100,100077,100,99967,100,100081,100,99961,100,100084,100,99958,100,100088,200,99953,100
2019-06-28 09:35:18.147295189,100053,388,100033,588,100057,100,100026,100,100060,100,100013,100,100062,100,99992,100,100067,200,99969,100,100068,200,99968,100,100077,100,99967,100,100081,100,99961,100,100084,100,99958,100,100088,200,99953,100
2019-06-28 09:35:20.000000000,100053,158,100033,358,100057,158,100026,158,100060,158,100013,158,100062,158,99992,158,100067,258,99969,158,100068,200,99968,100,100077,100,99967,100,100081,100,99961,100,100084,100,99958,100,100088,200,99953,100
2019-06-28 09:35:22.691424056,100053,158,100033,358,100057,158,100026,158,100060,158,100013,158,100062,158,99992,158,100067,258,99969,158,100068,200,99968,100,100077,100,99967,100,100081,100,99961,100,100084,100,99958,100,100088,200,99953,100
2019-06-28 09:35:30.000000000,100053,158,100033,358,100057,158,100026,158,100060,158,100013,158,100062,158,99992,158,100067,258,99969,158,100068,200,99968,100,100077,100,99967,100,100081,100,99961,100,100084,100,99958,100,100088,200,99953,100
2019-06-28 09:35:37.306383173,100053,58,100033,358,100057,158,100026,158,100060,158,100013,158,100062,158,99992,158,100067,258,99969,158,100068,200,99968,100,100077,100,99967,100,100081,100,99961,100,100084,100,99958,100,100088,200,99953,100
2019-06-28 09:35:39.709371467,100057,158,100053,42,100060,158,100033,358,100062,158,100026,158,100067,258,100013,158,100068,200,99992,158,100077,100,99969,158,100084,100,99968,100,100088,200,99967,100,100094,100,99961,100,100108,100,99958,100
2019-06-28 09:35:40.000000000,100057,158,100053,100,100060,158,100033,358,100062,158,100026,158,100067,258,100013,158,100068,258,99992,158,100077,100,99969,100,100084,100,99968,100,100088,200,99967,100,100094,100,99961,100,100108,100,99958,100
2019-06-28 09:35:50.000000000,100057,198,100053,140,100060,195,100033,395,100062,195,100026,195,100067,200,100013,100,100068,200,99992,100,100077,100,99969,100,100084,100,99968,100,100088,200,99967,100,100094,100,99961,100,100108,100,99958,100
2019-06-28 09:36:00.000000000,100057,244,100053,186,100060,244,100033,444,100062,100,100026,100,100067,200,100013,100,100068,200,99992,100,100077,100,99969,100,100084,100,99968,100,100088,200,99967,100,100094,100,99961,100,100108,100,99958,100
2019-06-28 09:36:00.070417176,100057,244,100053,286,100060,244,100033,444,100062,100,100026,100,100067,200,100013,100,100068,200,99992,100,100084,100,99969,100,100088,200,99968,100,100094,100,99967,100,100108,100,99961,100,100113,100,99958,100
2019-06-28 09:36:10.000000000,100057,388,100053,430,100060,100,100033,300,100062,100,100026,100,100067,200,100013,100,100068,200,99992,100,100084,100,99969,100,100088,200,99968,100,100094,100,99967,100,100108,100,99961,100,100113,100,99958,100
2019-06-28 09:36:20.000000000,100057,172,100053,214,100060,172,100033,372,100062,172,100026,172,100067,272,100013,172,100068,200,99992,100,100084,100,99969,100,100088,200,99968,100,100094,100,99967,100,100108,100,99961,100,100113,100,99958,100
2019-06-28 09:36:30.000000000,100057,172,100053,214,100060,172,100033,372,100062,172,100026,172,100067,272,100013,172,100068,200,99992,100,100084,100,99969,100,100088,200,99968,100,100094,100,99967,100,100108,100,99961,100,100113,100,99958,100
2019-06-28 09:36:36.404909904,100057,72,100053,214,100060,172,100033,372,100062,172,100026,172,100067,272,100013,172,100068,200,99992,100,100084,100,99969,100,100088,200,99968,100,100094,100,99967,100,100108,100,99961,100,100113,100,99958,100
2019-06-28 09:36:40.000000000,100060,388,100053,430,100062,100,100033,300,100067,200,100026,100,100068,200,100013,100,100084,100,99992,100,100088,200,99969,100,100094,100,99968,100,100108,100,99967,100,100113,100,99961,100,100163,100,99958,100
2019-06-28 09:36:48.424451162,100060,288,100053,430,100062,100,100033,300,100067,200,100026,100,100068,200,100013,100,100084,100,99992,100,100088,200,99969,100,100094,100,99968,100,100108,100,99967,100,100113,100,99961,100,100163,100,99953,100
2019-06-28 09:36:50.000000000,100062,388,100053,430,100067,200,100033,300,100068,200,100026,100,100084,100,100013,100,100088,200,99992,100,100094,100,99969,100,100108,100,99968,100,100113,100,99967,100,100163,100,99961,100,100192,100,99953,100
2019-06-28 09:37:00.000000000,100062,388,100053,430,100067,200,100033,300,100068,200,100026,100,100084,100,100013,100,100088,200,99992,100,100094,100,99969,100,100108,100,99968,100,100113,100,99967,100,100163,100,99961,100,100192,100,99953,100
2019-06-28 09:37:01.027159796,100062,388,100057,100,100067,200,100053,430,100068,200,100033,300,100084,100,100026,100,100088,200,100013,100,100094,100,99992,100,100108,100,99969,100,100113,100,99968,100,100163,100,99967,100,100192,100,99961,100
2019-06-28 09:37:10.000000000,100062,172,100057,172,100067,272,100053,214,100068,272,100033,372,100084,172,100026,172,100088,200,100013,100,100094,100,99992,100,100108,100,99969,100,100113,100,99968,100,100163,100,99967,100,100192,100,99961,100
2019-06-28 09:37:20.000000000,100062,388,100057,388,100067,200,100053,142,100068,200,100033,300,100084,100,100026,100,100088,200,100013,100,100094,100,99992,100,100108,100,99969,100,100113,100,99968,100,100163,100,99967,100,100192,100,99961,100
2019-06-28 09:37:21.687519864,100062,388,100057,488,100067,200,100053,142,100068,200,100033,300,100084,100,100026,100,100088,200,100013,100,100094,100,99992,100,100108,100,99968,100,100113,100,99967,100,100163,100,99961,100,100192,100,99953,100
2019-06-28 09:37:30.000000000,100062,388,100057,488,100067,200,100053,142,100068,200,100033,300,100084,100,100026,100,100088,200,100013,100,100094,100,99992,100,100108,100,99968,100,100113,100,99967,100,100163,100,99961,100,100192,100,99953,100
2019-06-28 09:37:40.000000000,100062,172,100057,272,100067,272,100053,214,100068,272,100033,372,100084,172,100026,172,100088,200,100013,100,100094,100,99992,100,100108,100,99968,100,100113,100,99967,100,100163,100,99961,100,100192,100,99953,100
2019-06-28 09:37:45.446232989,100062,172,100057,272,100067,272,100053,214,100068,272,100033,372,100084,172,100026,172,100088,200,100013,100,100094,100,99992,100,100108,100,99968,100,100163,100,99967,100,100192,100,99961,100,100364,100,99953,100
2019-06-28 09:37:46.020849586,100062,172,100057,272,100067,272,100053,214,100068,272,100033,372,100084,172,100026,172,100088,200,100013,100,100094,100,99992,100,100108,100,99968,100,100163,100,99961,100,100192,100,99953,100,100364,100,99943,100
2019-06-28 09:37:50.000000000,100062,158,100057,258,100067,258,100053,200,100068,258,100033,358,100084,158,100026,158,100088,258,100013,158,100094,100,99992,100,100108,100,99968,100,100163,100,99961,100,100192,100,99953,100,100364,100,99943,100
2019-06-28 09:38:00.000000000,100062,388,100057,488,100067,200,100053,142,100068,200,100033,300,100084,100,100026,100,100088,200,100013,100,100094,100,99992,100,100108,100,99968,100,100163,100,99961,100,100192,100,99953,100,100364,100,99943,100
2019-06-28 09:38:10.000000000,100062,388,100057,488,100067,200,100053,142,100068,200,100033,300,100084,100,100026,100,100088,200,100013,100,100094,100,99992,100,100108,100,99968,100,100163,100,99961,100,100192,100,99953,100,100364,100,99943,100
2019-06-28 09:38:14.675381791,100062,388,100057,488,100067,200,100053,142,100068,200,100033,300,100084,100,100026,100,100088,200,100013,100,100094,100,99992,100,100108,100,99968,100,100163,100,99961,100,100192,100,99953,100,100364,100,99943,100
2019-06-28 09:38:14.838373516,100062,288,100057,488,100067,200,100053,142,100068,200,100033,300,100084,100,100026,100,100088,200,100013,100,100094,100,99992,100,100108,100,99968,100,100163,100,99961,100,100192,100,99953,100,100364,100,99943,100
2019-06-28 09:38:20.000000000,100067,298,100057,298,100068,295,100053,237,100084,195,100033,395,100088,200,100026,100,100094,100,100013,100,100108,100,99992,100,100163,100,99968,100,100192,100,99961,100,100364,100,99953,100,100403,100,99943,100
2019-06-28 09:38:30.000000000,100067,272,100057,272,100068,272,100053,214,100084,172,100033,372,100088,272,100026,172,100094,100,100013,100,100108,100,99992,100,100163,100,99968,100,100192,100,99961,100,100364,100,99953,100,100403,100,99943,100
2019-06-28 09:38:40.000000000,100067,488,100057,488,100068,200,100053,142,100084,100,100033,300,100088,200,100026,100,100094,100,100013,100,100108,100,99992,100,100163,100,99968,100,100192,100,99961,100,100364,100,99953,100,100403,100,99943,100
2019-06-28 09:38:49.667535464,100067,488,100060,100,100068,200,100057,488,100084,100,100053,142,100088,200,100033,300,100094,100,100026,100,100108,100,100013,100,100163,100,99992,100,100192,100,99968,100,100364,100,99953,100,100403,100,99943,100
2019-06-28 09:38:50.000000000,100067,258,100060,158,100068,258,100057,258,100084,158,100053,200,100088,258,100033,358,100094,158,100026,158,100108,100,100013,100,100163,100,99992,100,100192,100,99968,100,100364,100,99953,100,100403,100,99943,100
2019-06-28 09:38:50.150612502,100067,158,100060,158,100068,258,100057,258,100084,158,100053,200,100088,258,100033,358,100094,158,100026,158,100108,100,100013,100,100163,100,99992,100,100192,100,99968,100,100364,100,99953,100,100403,100,99942,100
2019-06-28 09:38:55.848259201,100067,58,100060,158,100068,258,100057,258,100084,158,100053,200,100088,258,100033,358,100094,158,100026,158,100108,100,100013,100,100163,100,99992,100,100192,100,99953,100,100364,100,99942,100,100403,100,99934,100
2019-06-28 09:39:00.000000000,100068,298,100060,198,100084,195,100057,295,100088,295,100053,237,100094,100,100033,300,100108,100,100026,100,100163,100,100013,100,100192,100,99992,100,100364,100,99953,100,100403,100,99942,100,100481,100,99934,100
2019-06-28 09:39:10.000000000,100068,488,100060,388,100084,100,100057,200,100088,200,100053,142,100094,100,100033,300,100108,100,100026,100,100163,100,100013,100,100192,100,99992,100,100364,100,99953,100,100403,100,99942,100,100481,100,99934,100
2019-06-28 09:39:14.697270532,100068,388,100060,388,100084,100,100057,200,100088,200,100053,142,100094,100,100033,300,100108,100,100026,100,100163,100,100013,100,100192,100,99992,100,100364,100,99953,100,100403,100,99942,100,100481,100,99934,100
2019-06-28 09:39:16.913234949,100068,388,100060,388,100084,100,100057,200,100088,200,100053,142,100094,100,100033,200,100108,100,100026,100,100163,100,100013,100,100192,100,99992,100,100364,100,99953,100,100403,100,99942,100,100481,100,99934,100
2019-06-28 09:39:20.000000000,100068,388,100060,388,100084,100,100057,200,100088,200,100053,142,100094,100,100033,200,100108,100,100026,100,100163,100,100013,100,100192,100,99992,100,100364,100,99953,100,100403,100,99942,100,100481,100,99934,100
2019-06-28 09:39:20.769632293,100068,388,100060,388,100084,100,100057,200,100088,200,100053,142,100094,100,100033,200,100108,100,100026,100,100163,100,100013,100,100192,100,99992,100,100249,100,99953,100,100364,100,99942,100,100403,100,99934,100
2019-06-28 09:39:30.000000000,100068,172,100060,172,100084,172,100057,272,100088,272,100053,214,100094,172,100033,272,100108,100,100026,100,100163,100,100013,100,100192,100,99992,100,100249,100,99953,100,100364,100,99942,100,100403,100,99934,100
2019-06-28 09:39:40.000000000,100068,198,100060,198,100084,195,100057,295,100088,295,100053,237,100094,100,100033,200,100108,100,100026,100,100163,100,100013,100,100192,100,99992,100,100249,100,99953,100,100364,100,99942,100,100403,100,99934,100
2019-06-28 09:39:46.918907690,100068,198,100067,100,100084,195,100060,198,100088,295,100057,295,100094,100,100053,237,100108,100,100033,200,100163,100,100026,100,100192,100,100013,100,100249,100,99992,100,100364,100,99953,100,100403,100,99942,100
2019-06-28 09:39:50.000000000,100068,388,100067,388,100084,100,100060,100,100088,200,100057,200,100094,100,100053,142,100108,100,100033,200,100163,100,100026,100,100192,100,100013,100,100249,100,99992,100,100364,100,99953,100,100403,100,99942,100
2019-06-28 09:40:00.000000000,100068,172,100067,172,100084,172,100060,172,100088,272,100057,272,100094,172,100053,214,100108,100,100033,200,100163,100,100026,100,100192,100,100013,100,100249,100,99992,100,100364,100,99953,100,100403,100,99942,100
2019-06-28 09:40:10.000000000,100068,172,100067,172,100084,172,100060,172,100088,272,100057,272,100094,172,100053,214,100108,100,100033,200,100163,100,100026,100,100192,100,100013,100,100249,100,99992,100,100364,100,99953,100,100403,100,99942,100
2019-06-28 09:40:16.237375983,100068,172,100067,272,100084,172,100060,172,100088,272,100057,272,100094,172,100053,214,100108,100,100033,200,100163,100,100026,100,100192,100,100013,100,100249,100,99992,100,100364,100,99953,100,100403,100,99942,100
2019-06-28 09:40:20.000000000,100068,198,100067,298,100084,195,100060,195,100088,295,100057,295,100094,100,100053,142,100108,100,100033,200,100163,100,100026,100,100192,100,100013,100,100249,100,99992,100,100364,100,99953,100,100403,100,99942,100
2019-06-28 09:40:30.000000000,100068,388,100067,488,100084,100,100060,100,100088,200,100057,200,100094,100,100053,142,100108,100,100033,200,100163,100,100026,100,100192,100,100013,100,100249,100,99992,100,100364,100,99953,100,100403,100,99942,100
2019-06-28 09:40:40.000000000,100068,244,100067,344,100084,244,100060,244,100088,200,100057,200,100094,100,100053,142,100108,100,100033,200,100163,100,100026,100,100192,100,100013,100,100249,100,99992,100,100364,100,99953,100,100403,100,99942,100
2019-06-28 09:40:46.680166227,100068,144,100067,344,100084,244,100060,244,100088,200,100057,200,100094,100,100053,142,100108,100,100033,200,100163,100,100026,100,100192,100,100013,100,100249,100,99992,100,100364,100,99953,100,100403,100,99934,100
2019-06-28 09:40:50.000000000,100084,172,100067,272,100088,272,100060,172,100094,172,100057,272,100108,172,100053,214,100163,100,100033,200,100192,100,100026,100,100249,100,100013,100,100364,100,99992,100,100403,100,99953,100,100481,100,99934,100
2019-06-28 09:40:54.846539404,100084,172,100068,100,100088,272,100067,172,100094,172,100060,172,100108,172,100057,272,100163,100,100053,214,100192,100,100033,200,100249,100,100026,100,100364,100,100013,100,100403,100,99992,100,100481,100,99953,100
2019-06-28 09:41:00.000000000,100084,198,100068,198,100088,295,100067,195,100094,195,100060,195,100108,100,100057,200,100163,100,100053,142,100192,100,100033,200,100249,100,100026,100,100364,100,100013,100,100403,100,99992,100,100481,100,99953,100
2019-06-28 09:41:10.000000000,100084,388,100068,388,100088,200,100067,100,100094,100,100060,100,100108,100,100057,200,100163,100,100053,142,100192,100,100033,200,100249,100,100026,100,100364,100,100013,100,100403,100,99992,100,100481,100,99953,100
2019-06-28 09:41:14.938451182,100084,288,100068,388,100088,200,100067,100,100094,100,100060,100,100163,100,100057,200,100192,100,100053,142,100249,100,100033,200,100364,100,100026,100,100403,100,100013,100,100481,100,99992,100,100504,100,99953,100
2019-06-28 09:41:20.000000000,100088,488,100068,388,100094,100,100067,100,100163,100,100060,100,100192,100,100057,200,100249,100,100053,142,100364,100,100033,200,100403,100,100026,100,100481,100,100013,100,100504,100,99992,100,100524,100,99953,100
2019-06-28 09:41:22.260348063,100088,488,100068,388,100094,100,100067,100,100163,100,100060,100,100192,100,100057,200,100249,100,100053,142,100364,100,100033,200,100403,100,100026,100,100481,100,100013,100,100489,100,99992,100,100504,100,99953,100
2019-06-28 09:41:30.000000000,100088,488,100068,388,100094,100,100067,100,100163,100,100060,100,100192,100,100057,200,100249,100,100053,142,100364,100,100033,200,100403,100,100026,100,100481,100,100013,100,100489,100,99992,100,100504,100,99953,100
2019-06-28 09:41:40.000000000,100088,488,100068,388,100094,100,100067,100,100163,100,100060,100,100192,100,100057,200,100249,100,100053,142,100364,100,100033,200,100403,100,100026,100,100481,100,100013,100,100489,100,99992,100,100504,100,99953,100
2019-06-28 09:41:50.000000000,100088,344,100068,244,100094,244,100067,244,100163,100,100060,100,100192,100,100057,200,100249,100,100053,142,100364,100,100033,200,100403,100,100026,100,100481,100,100013,100,100489,100,99992,100,100504,100,99953,100
2019-06-28 09:42:00.000000000,100088,488,100068,388,100094,100,100067,100,100163,100,100060,100,100192,100,100057,200,100249,100,100053,142,100364,100,100033,200,100403,100,100026,100,100481,100,100013,100,100489,100,99992,100,100504,100,99953,100
2019-06-28 09:42:10.000000000,100088,344,100068,244,100094,244,100067,244,100163,100,100060,100,100192,100,100057,200,100249,100,100053,142,100364,100,100033,200,100403,100,100026,100,100481,100,100013,100,100489,100,99992,100,100504,100,99953,100
2019-06-28 09:42:20.000000000,100088,488,100068,388,100094,100,100067,100,100163,100,100060,100,100192,100,100057,200,100249,100,100053,142,100364,100,100033,200,100403,100,100026,100,100481,100,100013,100,100489,100,99992,100,100504,100,99953,100
2019-06-28 09:42:25.045621194,100088,488,100068,288,100094,100,100067,100,100163,100,100060,100,100192,100,100057,200,100249,100,100053,142,100364,100,100033,200,100403,100,100026,100,100481,100,100013,100,100504,100,99992,100,100524,100,99953,100
2019-06-28 09:42:30.000000000,100088,488,100067,388,100094,100,100060,100,100163,100,100057,200,100192,100,100053,142,100249,100,100033,200,100364,100,100026,100,100403,100,100013,100,100481,100,99992,100,100504,100,99953,100,100524,100,99934,100
2019-06-28 09:42:34.682721472,100088,488,100067,288,100094,100,100060,100,100163,100,100057,200,100192,100,100053,142,100249,100,100033,200,100364,100,100026,100,100403,100,100013,100,100481,100,99992,100,100504,100,99953,100,100524,100,99934,100
2019-06-28 09:42:40.000000000,100088,488,100060,388,100094,100,100057,200,100163,100,100053,142,100192,100,100033,200,100249,100,100026,100,100364,100,100013,100,100403,100,99992,100,100481,100,99953,100,100504,100,99934,100,100524,100,99891,100
2019-06-28 09:42:43.889976463,100088,488,100060,388,100094,100,100057,200,100163,100,100053,142,100192,100,100033,200,100249,100,100026,100,100364,100,100013,100,100403,100,99992,100,100481,100,99953,100,100504,100,99934,100,100524,100,99891,100
2019-06-28 09:42:50.000000000,100088,344,100060,244,100094,244,100057,344,100163,100,100053,142,100192,100,100033,200,100249,100,100026,100,100364,100,100013,100,100403,100,99992,100,100481,100,99953,100,100504,100,99934,100,100524,100,99891,100
2019-06-28 09:43:00.000000000,100088,258,100060,158,100094,158,100057,258,100163,158,100053,200,100192,158,100033,258,100249,158,100026,158,100364,100,100013,100,100403,100,99992,100,100481,100,99953,100,100504,100,99934,100,100524,100,99891,100
2019-06-28 09:43:10.000000000,100088,298,100060,198,100094,195,100057,295,100163,195,100053,237,100192,100,100033,200,100249,100,100026,100,100364,100,100013,100,100403,100,99992,100,100481,100,99953,100,100504,100,99934,100,100524,100,99891,100
2019-06-28 09:43:11.780250760,100088,298,100060,198,100094,195,100057,295,100163,195,100053,237,100192,100,100033,200,100249,100,100026,100,100364,100,100013,100,100403,100,99992,100,100481,100,99953,100,100504,100,99934,100,100524,100,99891,100
2019-06-28 09:43:20.000000000,100088,344,100060,244,100094,244,100057,344,100163,100,100053,142,100192,100,100033,200,100249,100,100026,100,100364,100,100013,100,100403,100,99992,100,100481,100,99953,100,100504,100,99934,100,100524,100,99891,100
2019-06-28 09:43:30.000000000,100088,272,100060,172,100094,172,100057,272,100163,172,100053,214,100192,172,100033,272,100249,100,100026,100,100364,100,100013,100,100403,100,99992,100,100481,100,99953,100,100504,100,99934,100,100524,100,99891,100
2019-06-28 09:43:38.100534720,100088,272,100060,172,100094,172,100057,272,100163,172,100053,172,100192,172,100033,272,100249,100,100026,100,100364,100,100013,100,100403,100,99992,100,100481,100,99953,100,100504,100,99934,100,100524,100,99891,100
2019-06-28 09:43:40.000000000,100088,344,100060,244,100094,244,100057,344,100163,100,100053,100,100192,100,100033,200,100249,100,100026,100,100364,100,100013,100,100403,100,99992,100,100481,100,99953,100,100504,100,99934,100,100524,100,99891,100
2019-06-28 09:43:50.000000000,100088,272,100060,172,100094,172,100057,272,100163,172,100053,172,100192,172,100033,272,100249,100,100026,100,100364,100,100013,100,100403,100,99992,100,100481,100,99953,100,100504,100,99934,100,100524,100,99891,100
2019-06-28 09:43:59.532570406,100068,100,100060,172,100088,272,100057,272,100094,172,100053,172,100163,172,100033,272,100192,172,100026,100,100249,100,100013,100,100364,100,99992,100,100403,100,99953,100,100481,100,99891,100,100504,100,99761,100
2019-06-28 09:44:00.000000000,100068,198,100060,198,100088,295,100057,295,100094,195,100053,195,100163,100,100033,200,100192,100,100026,100,100249,100,100013,100,100364,100,99992,100,100403,100,99953,100,100481,100,99891,100,100504,100,99761,100
2019-06-28 09:44:08.958376108,100068,298,100060,198,100088,295,100057,195,100094,195,100053,195,100163,100,100033,200,100192,100,100026,100,100249,100,100013,100,100364,100,99992,100,100403,100,99953,100,100481,100,99891,100,100504,100,99761,100
2019-06-28 09:44:10.000000000,100068,344,100060,244,100088,344,100057,244,100094,100,100053,100,100163,100,100033,200,100192,100,100026,100,100249,100,100013,100,100364,100,99992,100,100403,100,99953,100,100481,100,99891,100,100504,100,99761,100
2019-06-28 09:44:15.243976777,100068,344,100060,244,100088,344,100057,244,100094,100,100053,100,100163,100,100033,200,100192,100,100026,100,100249,100,100013,100,100364,100,99992,100,100403,100,99953,100,100481,100,99891,100,100504,100,99761,100
2019-06-28 09:44:20.000000000,100068,488,100060,388,100088,200,100057,100,100094,100,100053,100,100163,100,100033,200,100192,100,100026,100,100249,100,100013,100,100364,100,99992,100,100403,100,99953,100,100481,100,99891,100,100504,100,99761,100
2019-06-28 09:44:30.000000000,100068,272,100060,172,100088,272,100057,172,100094,172,100053,172,100163,172,100033,272,100192,100,100026,100,100249,100,100013,100,100364,100,99992,100,100403,100,99953,100,100481,100,99891,100,100504,100,99761,100
2019-06-28 09:44:40.000000000,100068,344,100060,244,100088,344,100057,244,100094,100,100053,100,100163,100,100033,200,100192,100,100026,100,100249,100,100013,100,100364,100,99992,100,100403,100,99953,100,100481,100,99891,100,100504,100,99761,100
2019-06-28 09:44:50.000000000,100068,488,100060,388,100088,200,100057,100,100094,100,100053,100,100163,100,100033,200,100192,100,100026,100,100249,100,100013,100,100364,100,99992,100,100403,100,99953,100,100481,100,99891,100,100504,100,99761,100
2019-06-28 09:45:00.000000000,100068,272,100060,172,100088,272,100057,172,100094,172,100053,172,100163,172,100033,272,100192,100,100026,100,100249,100,100013,100,100364,100,99992,100,100403,100,99953,100,100481,100,99891,100,100504,100,99761,100
2019-06-28 09:45:10.000000000,100068,344,100060,244,100088,344,100057,244,100094,100,100053,100,100163,100,100033,200,100192,100,100026,100,100249,100,100013,100,100364,100,99992,100,100403,100,99953,100,100481,100,99891,100,100504,100,99761,100
2019-06-28 09:45:20.000000000,100068,344,100060,244,100088,344,100057,244,100094,100,100053,100,100163,100,100033,200,100192,100,100026,100,100249,100,100013,100,100364,100,99992,100,100403,100,99953,100,100481,100,99891,100,100504,100,99761,100
2019-06-28 09:45:26.031220398,100068,344,100060,244,100088,344,100057,244,100094,100,100053,100,100163,100,100033,200,100192,100,100026,100,100249,100,100013,100,100364,100,99992,100,100403,100,99953,100,100481,100,99891,100,100504,100,99761,100
2019-06-28 09:45:30.000000000,100068,258,100060,158,100088,258,100057,158,100094,158,100053,158,100163,158,100033,258,100192,158,100026,158,100249,100,100013,100,100364,100,99992,100,100403,100,99953,100,100481,100,99891,100,100504,100,99761,100
2019-06-28 09:45:31.369554693,100068,258,100060,58,100088,258,100057,158,100094,158,100053,158,100163,158,100033,258,100192,158,100026,158,100249,100,100013,100,100364,100,99992,100,100403,100,99953,100,100481,100,99891,100,100504,100,99761,100
2019-06-28 09:45:40.000000000,100068,344,100057,244,100088,344,100053,244,100094,100,100033,200,100163,100,100026,100,100192,100,100013,100,100249,100,99992,100,100364,100,99953,100,100403,100,99891,100,100481,100,99761,100,100504,100,99360,100
2019-06-28 09:45:45.892711439,100068,344,100057,144,100088,344,100053,244,100094,100,100033,200,100163,100,100026,100,100192,100,100013,100,100249,100,99992,100,100364,100,99953,100,100403,100,99891,100,100481,100,99761,100,100504,100,99360,100
2019-06-28 09:45:50.000000000,100068,298,100053,198,100088,295,100033,295,100094,195,100026,195,100163,100,100013,100,100192,100,99992,100,100249,100,99953,100,100364,100,99891,100,100403,100,99761,100,100481,100,99360,100,100504,100,99337,100
2019-06-28 09:45:56.604725853,100060,100,100053,198,100068,298,100033,195,100088,295,100026,195,100094,195,100013,100,100163,100,99992,100,100192,100,99953,100,100249,100,99891,100,100364,100,99761,100,100403,100,99360,100,100481,100,99337,100
2019-06-28 09:46:00.000000000,100060,198,100053,198,100068,295,100033,195,100088,295,100026,195,100094,100,100013,100,100163,100,99992,100,100192,100,99953,100,100249,100,99891,100,100364,100,99761,100,100403,100,99360,100,100481,100,99337,100
2019-06-28 09:46:04.551238439,100060,298,100053,198,100068,295,100033,195,100088,295,100026,195,100094,100,100013,100,100163,100,99992,100,100192,100,99953,100,100249,100,99891,100,100364,100,99761,100,100403,100,99360,100,100481,100,99337,100
2019-06-28 09:46:07.189662092,100060,298,100053,198,100068,295,100033,195,100088,195,100026,195,100094,100,100013,100,100163,100,99992,100,100192,100,99953,100,100249,100,99891,100,100364,100,99761,100,100403,100,99674,100,100481,100,99360,100
2019-06-28 09:46:10.000000000,100060,272,100053,172,100068,272,100033,172,100088,172,100026,172,100094,172,100013,172,100163,100,99992,100,100192,100,99953,100,100249,100,99891,100,100364,100,99761,100,100403,100,99674,100,100481,100,99360,100
2019-06-28 09:46:15.833016789,100060,272,100053,72,100068,272,100033,172,100088,172,100026,172,100094,172,100013,172,100163,100,99992,100,100192,100,99953,100,100249,100,99891,100,100364,100,99761,100,100403,100,99674,100,100481,100,99360,100
2019-06-28 09:46:19.683908467,100053,28,100033,172,100060,272,100026,172,100068,272,100013,172,100088,172,99992,100,100094,172,99953,100,100163,100,99891,100,100192,100,99761,100,100249,100,99674,100,100364,100,99360,100,100403,100,99337,100
2019-06-28 09:46:20.000000000,100053,316,100033,388,100060,200,100026,100,100068,200,100013,100,100088,100,99992,100,100094,100,99953,100,100163,100,99891,100,100192,100,99761,100,100249,100,99674,100,100364,100,99360,100,100403,100,99337,100
2019-06-28 09:46:23.415449430,100053,316,100033,288,100060,200,100026,100,100068,200,100013,100,100088,100,99992,100,100094,100,99953,100,100163,100,99891,100,100192,100,99761,100,100249,100,99674,100,100364,100,99360,100,100403,100,99337,100
2019-06-28 09:46:30.000000000,100053,316,100026,388,100060,200,100013,100,100068,200,99992,100,100088,100,99953,100,100094,100,99891,100,100163,100,99761,100,100192,100,99674,100,100249,100,99360,100,100364,100,99337,100,100403,100,99306,100
2019-06-28 09:46:34.175614337,100053,316,100026,288,100060,200,99992,100,100068,200,99953,100,100088,100,99891,100,100094,100,99761,100,100163,100,99674,100,100192,100,99360,100,100249,100,99337,100,100364,100,99306,100,100403,100,99192,100
2019-06-28 09:46:37.874311827,100053,316,100026,288,100060,200,99992,100,100068,200,99953,100,100088,100,99891,100,100094,100,99849,100,100163,100,99761,100,100192,100,99674,100,100249,100,99360,100,100364,100,99337,100,100481,100,99306,100
2019-06-28 09:46:40.000000000,100053,316,99992,388,100060,200,99953,100,100068,200,99891,100,100088,100,99849,100,100094,100,99761,100,100163,100,99674,100,100192,100,99360,100,100249,100,99337,100,100364,100,99306,100,100481,100,99192,100
2019-06-28 09:46:40.683090271,100053,316,99992,288,100060,200,99953,100,100068,200,99891,100,100088,100,99849,100,100094,100,99761,100,100192,100,99674,100,100249,100,99360,100,100364,100,99337,100,100481,100,99306,100,100504,100,99192,100
2019-06-28 09:46:45.357900236,100053,316,99992,188,100060,200,99953,100,100068,200,99891,100,100088,100,99849,100,100094,100,99761,100,100192,100,99674,100,100249,100,99360,100,100364,100,99337,100,100481,100,99306,100,100504,100,99192,100
2019-06-28 09:46:50.000000000,100053,316,99953,388,100060,200,99891,100,100068,200,99849,100,100088,100,99761,100,100094,100,99674,100,100192,100,99360,100,100249,100,99337,100,100364,100,99306,100,100481,100,99192,100,100504,100,,
2019-06-28 09:47:00.000000000,100053,100,99953,172,100060,272,99891,172,100068,272,99849,172,100088,172,99761,172,100094,100,99674,100,100192,100,99360,100,100249,100,99337,100,100364,100,99306,100,100481,100,99192,100,100504,100,,
2019-06-28 09:47:10.000000000,100053,100,99953,172,100060,272,99891,172,100068,272,99849,172,100088,172,99761,172,100094,100,99674,100,100192,100,99360,100,100249,100,99337,100,100364,100,99306,100,100481,100,99192,100,100504,100,,
2019-06-28 09:47:10.579762657,100053,100,99953,172,100060,272,99891,172,100068,272,99849,172,100088,172,99761,172,100094,100,99674,100,100192,100,99360,100,100249,100,99337,100,100364,100,99306,100,100481,100,99192,100,100504,100,99152,100
2019-06-28 09:47:20.000000000,100053,126,99953,198,100060,295,99891,195,100068,295,99849,195,100088,100,99761,100,100094,100,99674,100,100192,100,99360,100,100249,100,99337,100,100364,100,99306,100,100481,100,99192,100,100504,100,99152,100
2019-06-28 09:47:21.047777110,100053,126,99953,198,100060,295,99891,195,100068,295,99849,95,100088,100,99761,100,100094,100,99674,100,100192,100,99360,100,100249,100,99337,100,100364,100,99306,100,100481,100,99192,100,100504,100,99152,100
2019-06-28 09:47:30.000000000,100053,126,99953,198,100060,295,99891,195,100068,295,99761,195,100088,100,99674,100,100094,100,99360,100,100192,100,99337,100,100249,100,99306,100,100364,100,99192,100,100481,100,99152,100,100504,100,99091,100
2019-06-28 09:47:40.000000000,100053,316,99953,388,100060,200,99891,100,100068,200,99761,100,100088,100,99674,100,100094,100,99360,100,100192,100,99337,100,100249,100,99306,100,100364,100,99192,100,100481,100,99152,100,100504,100,99091,100
2019-06-28 09:47:50.000000000,100053,172,99953,244,100060,344,99891,244,100068,200,99761,100,100088,100,99674,100,100094,100,99360,100,100192,100,99337,100,100249,100,99306,100,100364,100,99192,100,100481,100,99152,100,100504,100,99091,100
2019-06-28 09:47:54.341043348,100053,172,99953,144,100060,344,99891,244,100068,200,99761,100,100088,100,99674,100,100094,100,99360,100,100192,100,99337,100,100249,100,99306,100,100364,100,99192,100,100481,100,99152,100,100504,100,99091,100
2019-06-28 09:48:00.000000000,100053,172,99891,244,100060,344,99761,244,100068,200,99674,100,100088,100,99360,100,100094,100,99337,100,100192,100,99306,100,100249,100,99192,100,100364,100,99152,100,100481,100,99091,100,100504,100,,
2019-06-28 09:48:10.000000000,100053,100,99891,172,100060,272,99761,172,100068,272,99674,172,100088,172,99360,172,100094,100,99337,100,100192,100,99306,100,100249,100,99192,100,100364,100,99152,100,100481,100,99091,100,100504,100,,
2019-06-28 09:48:20.000000000,100053,316,99891,388,100060,200,99761,100,100068,200,99674,100,100088,100,99360,100,100094,100,99337,100,100192,100,99306,100,100249,100,99192,100,100364,100,99152,100,100481,100,99091,100,100504,100,,
2019-06-28 09:48:30.000000000,100053,316,99891,388,100060,200,99761,100,100068,200,99674,100,100088,100,99360,100,100094,100,99337,100,100192,100,99306,100,100249,100,99192,100,100364,100,99152,100,100481,100,99091,100,100504,100,,
2019-06-28 09:48:39.309552509,100053,316,99891,288,100060,200,99761,100,100068,200,99674,100,100088,100,99360,100,100094,100,99337,100,100192,100,99306,100,100249,100,99192,100,100364,100,99152,100,100481,100,99091,100,100504,100,,
2019-06-28 09:48:40.000000000,100053,126,99761,198,100060,295,99674,195,100068,295,99360,195,100088,100,99337,100,100094,100,99306,100,100192,100,99192,100,100249,100,99152,100,100364,100,99091,100,100481,100,,,100504,100,,
2019-06-28 09:48:50.000000000,100053,316,99761,388,100060,200,99674,100,100068,200,99360,100,100088,100,99337,100,100094,100,99306,100,100192,100,99192,100,100249,100,99152,100,100364,100,99091,100,100481,100,,,100504,100,,
2019-06-28 09:49:00.000000000,100053,172,99761,244,100060,344,99674,244,100068,200,99360,100,100088,100,99337,100,100094,100,99306,100,100192,100,99192,100,100249,100,99152,100,100364,100,99091,100,100481,100,,,100504,100,,
2019-06-28 09:49:05.634877923,100053,172,99859,100,100060,344,99761,244,100068,200,99674,244,100088,100,99360,100,100094,100,99337,100,100192,100,99306,100,100249,100,99192,100,100364,100,99152,100,100481,100,99091,100,100504,100,,
2019-06-28 09:49:10.000000000,100053,126,99859,198,100060,295,99761,195,100068,295,99674,195,100088,100,99360,100,100094,100,99337,100,100192,100,99306,100,100249,100,99192,100,100364,100,99152,100,100481,100,99091,100,100504,100,,
2019-06-28 09:49:10.408380089,99953,100,99859,198,100053,126,99761,195,100060,295,99674,195,100068,295,99360,100,100088,100,99337,100,100094,100,99306,100,100192,100,99192,100,100249,100,99152,100,100364,100,99091,100,100481,100,,
2019-06-28 09:49:10.683193229,99953,100,99859,98,100053,126,99761,195,100060,295,99674,195,100068,295,99360,100,100088,100,99337,100,100094,100,99306,100,100192,100,99192,100,100249,100,99152,100,100364,100,99091,100,100481,100,,
2019-06-28 09:49:20.000000000,99953,158,99761,158,100053,86,99674,158,100060,258,99360,158,100068,258,99337,158,100088,158,99306,158,100094,100,99192,100,100192,100,99152,100,100249,100,99091,100,100364,100,,,100481,100,,
2019-06-28 09:49:24.594525064,99953,158,99761,158,100053,86,99674,158,100060,258,99360,158,100068,258,99337,158,100088,158,99306,158,100094,100,99192,100,100192,100,99091,100,100228,100,,,100249,100,,,100364,100,,
2019-06-28 09:49:30.000000000,99953,388,99761,388,100053,28,99674,100,100060,200,99360,100,100068,200,99337,100,100088,100,99306,100,100094,100,99192,100,100192,100,99091,100,100228,100,,,100249,100,,,100364,100,,
2019-06-28 09:49:30.830195557,99953,288,99761,388,100053,28,99674,100,100060,200,99360,100,100068,200,99337,100,100088,100,99306,100,100094,100,99192,100,100192,100,99091,100,100228,100,,,100249,100,,,100364,100,,
2019-06-28 09:49:38.183983892,99953,288,99761,388,100053,28,99674,100,100060,200,99360,100,100068,200,99337,100,100088,100,99306,100,100094,100,99192,100,100192,100,99091,100,100228,100,,,100249,100,,,100322,100,,
2019-06-28 09:49:39.769385338,99953,288,99860,100,100053,28,99761,388,100060,200,99674,100,100068,200,99360,100,100088,100,99337,100,100094,100,99306,100,100192,100,99192,100,100228,100,99091,100,100249,100,,,100322,100,,
2019-06-28 09:49:40.000000000,100053,172,99860,244,100060,344,99761,244,100068,200,99674,100,100088,100,99360,100,100094,100,99337,100,100192,100,99306,100,100228,100,99192,100,100249,100,99091,100,100322,100,,,100364,100,,
2019-06-28 09:49:50.000000000,100053,100,99860,172,100060,272,99761,172,100068,272,99674,172,100088,172,99360,172,100094,100,99337,100,100192,100,99306,100,100228,100,99192,100,100249,100,99091,100,100322,100,,,100364,100,,
2019-06-28 09:50:00.000000000,100053,86,99860,158,100060,258,99761,158,100068,258,99674,158,100088,158,99360,158,100094,158,99337,158,100192,100,99306,100,100228,100,99192,100,100249,100,99091,100,100322,100,,,100364,100,,
2019-06-28 09:50:10.000000000,100053,316,99860,388,100060,200,99761,100,100068,200,99674,100,100088,100,99360,100,100094,100,99337,100,100192,100,99306,100,100228,100,99192,100,100249,100,99091,100,100322,100,,,100364,100,,
2019-06-28 09:50:12.470695025,100053,316,99860,288,100060,200,99761,100,100068,200,99674,100,100088,100,99360,100,100094,100,99306,100,100192,100,99192,100,100228,100,99091,100,100249,100,,,100322,100,,,100364,100,,
2019-06-28 09:50:16.526368118,100053,316,99860,188,100060,200,99761,100,100068,200,99674,100,100088,100,99360,100,100094,100,99306,100,100192,100,99192,100,100228,100,99091,100,100249,100,,,100322,100,,,100364,100,,
2019-06-28 09:50:20.000000000,100053,86,99761,158,100060,258,99674,158,100068,258,99360,158,100088,158,99306,158,100094,158,99192,158,100192,100,99091,100,100228,100,,,100249,100,,,100322,100,,,100364,100,,
2019-06-28 09:50:30.000000000,100053,172,99761,244,100060,344,99674,244,100068,200,99360,100,100088,100,99306,100,100094,100,99192,100,100192,100,99091,100,100228,100,,,100249,100,,,100322,100,,,100364,100,,
2019-06-28 09:50:31.447289688,99860,100,99761,244,100053,172,99674,244,100060,344,99360,100,100068,200,99306,100,100088,100,99192,100,100094,100,99091,100,100192,100,,,100228,100,,,100249,100,,,100322,100,,
2019-06-28 09:50:40.000000000,99860,158,99761,158,100053,86,99674,158,100060,258,99360,158,100068,258,99306,158,100088,158,99192,158,100094,100,99091,100,100192,100,,,100228,100,,,100249,100,,,100322,100,,
2019-06-28 09:50:43.388882571,99860,258,99761,158,100053,86,99674,158,100060,258,99360,158,100068,258,99306,158,100088,158,99192,158,100094,100,99091,100,100192,100,,,100228,100,,,100249,100,,,100322,100,,
2019-06-28 09:50:50.000000000,99860,258,99761,158,100053,86,99674,158,100060,258,99360,158,100068,258,99306,158,100088,158,99192,158,100094,100,99091,100,100192,100,,,100228,100,,,100249,100,,,100322,100,,
2019-06-28 09:50:52.917841946,99860,358,99761,158,100053,86,99674,158,100060,258,99360,158,100068,258,99306,158,100088,158,99192,158,100094,100,99091,100,100192,100,,,100228,100,,,100249,100,,,100322,100,,
2019-06-28 09:51:00.000000000,99860,444,99761,244,100053,172,99674,244,100060,200,99360,100,100068,200,99306,100,100088,100,99192,100,100094,100,99091,100,100192,100,,,100228,100,,,100249,100,,,100322,100,,
2019-06-28 09:51:02.033756534,99860,444,99761,244,100053,172,99674,244,100060,200,99447,100,100068,200,99360,100,100088,100,99306,100,100094,100,99192,100,100192,100,99091,100,100228,100,,,100249,100,,,100322,100,,
2019-06-28 09:51:10.000000000,99860,444,99761,244,100053,172,99674,244,100060,200,99447,100,100068,200,99360,100,100088,100,99306,100,100094,100,99192,100,100192,100,99091,100,100228,100,,,100249,100,,,100322,100,,
2019-06-28 09:51:18.705332152,99860,444,99841,100,100053,172,99761,244,100060,200,99674,244,100068,200,99447,100,100088,100,99360,100,100094,100,99306,100,100192,100,99192,100,100228,100,99091,100,100249,100,,,100322,100,,
2019-06-28 09:51:20.000000000,99860,372,99841,172,100053,100,99761,172,100060,272,99674,172,100068,272,99447,172,100088,100,99360,100,100094,100,99306,100,100192,100,99192,100,100228,100,99091,100,100249,100,,,100322,100,,
2019-06-28 09:51:30.000000000,99860,444,99841,244,100053,172,99761,244,100060,200,99674,100,100068,200,99447,100,100088,100,99360,100,100094,100,99306,100,100192,100,99192,100,100228,100,99091,100,100249,100,,,100322,100,,
2019-06-28 09:51:40.000000000,99860,444,99841,244,100053,172,99761,244,100060,200,99674,100,100068,200,99447,100,100088,100,99360,100,100094,100,99306,100,100192,100,99192,100,100228,100,99091,100,100249,100,,,100322,100,,
2019-06-28 09:51:50.000000000,99860,444,99841,244,100053,172,99761,244,100060,200,99674,100,100068,200,99447,100,100088,100,99360,100,100094,100,99306,100,100192,100,99192,100,100228,100,99091,100,100249,100,,,100322,100,,
2019-06-28 09:51:54.611795164,99860,344,99841,244,100053,172,99761,244,100060,200,99674,100,100068,200,99360,100,100088,100,99306,100,100094,100,99192,100,100192,100,99091,100,100228,100,,,100249,100,,,100322,100,,
2019-06-28 09:51:55.554335039,99860,244,99841,244,100053,172,99761,244,100060,200,99674,100,100068,200,99360,100,100088,100,99306,100,100192,100,99192,100,100228,100,99091,100,100249,100,,,100322,100,,,100364,100,,
2019-06-28 09:52:00.000000000,99860,172,99841,172,100053,100,99761,172,100060,272,99674,172,100068,272,99360,172,100088,100,99306,100,100192,100,99192,100,100228,100,99091,100,100249,100,,,100322,100,,,100364,100,,
2019-06-28 09:52:10.000000000,99860,244,99841,244,100053,172,99761,244,100060,200,99674,100,100068,200,99360,100,100088,100,99306,100,100192,100,99192,100,100228,100,99091,100,100249,100,,,100322,100,,,100364,100,,
2019-06-28 09:52:20.000000000,99860,244,99841,244,100053,172,99761,244,100060,200,99674,100,100068,200,99360,100,100088,100,99306,100,100192,100,99192,100,100228,100,99091,100,100249,100,,,100322,100,,,100364,100,,
2019-06-28 09:52:29.070518480,99860,244,99841,244,100009,100,99761,244,100053,172,99674,100,100060,200,99360,100,100068,200,99306,100,100088,100,99192,100,100192,100,99091,100,100228,100,,,100249,100,,,100322,100,,
2019-06-28 09:52:30.000000000,99860,244,99841,244,100009,244,99761,244,100053,28,99674,100,100060,200,99360,100,100068,200,99306,100,100088,100,99192,100,100192,100,99091,100,100228,100,,,100249,100,,,100322,100,,
2019-06-28 09:52:40.000000000,99860,172,99841,172,100009,172,99761,172,100053,100,99674,172,100060,272,99360,172,100068,200,99306,100,100088,100,99192,100,100192,100,99091,100,100228,100,,,100249,100,,,100322,100,,
2019-06-28 09:52:46.088283758,99855,100,99841,172,99860,172,99761,172,100009,172,99674,172,100053,100,99360,172,100060,272,99306,100,100068,200,99192,100,100088,100,99091,100,100228,100,,,100249,100,,,100322,100,,
2019-06-28 09:52:50.000000000,99855,158,99841,158,99860,158,99761,158,100009,158,99674,158,100053,86,99360,158,100060,258,99306,158,100068,200,99192,100,100088,100,99091,100,100228,100,,,100249,100,,,100322,100,,
2019-06-28 09:52:51.338427627,99855,58,99841,158,99860,158,99761,158,100009,158,99674,158,100053,86,99360,158,100060,258,99306,158,100068,200,99192,100,100088,100,99091,100,100228,100,,,100249,100,,,100322,100,,
2019-06-28 09:53:00.000000000,99860,244,99841,244,100009,244,99761,244,100053,28,99674,100,100060,200,99360,100,100068,200,99306,100,100088,100,99192,100,100228,100,99091,100,100249,100,,,100322,100,,,100364,100,,
2019-06-28 09:53:08.206663654,99860,244,99841,244,100009,244,99761,244,100053,28,99752,100,100060,200,99674,100,100068,200,99360,100,100088,100,99306,100,100228,100,99192,100,100249,100,99091,100,100322,100,,,100364,100,,
2019-06-28 09:53:10.000000000,99860,172,99841,172,100009,172,99761,172,100053,100,99752,172,100060,272,99674,172,100068,200,99360,100,100088,100,99306,100,100228,100,99192,100,100249,100,99091,100,100322,100,,,100364,100,,
2019-06-28 09:53:20.000000000,99860,158,99841,158,100009,158,99761,158,100053,86,99752,158,100060,258,99674,158,100068,258,99360,158,100088,100,99306,100,100228,100,99192,100,100249,100,99091,100,100322,100,,,100364,100,,
2019-06-28 09:53:30.000000000,99860,158,99841,158,100009,158,99761,158,100053,86,99752,158,100060,258,99674,158,100068,258,99360,158,100088,100,99306,100,100228,100,99192,100,100249,100,99091,100,100322,100,,,100364,100,,
2019-06-28 09:53:34.783135782,99860,158,99841,158,100009,158,99761,158,100053,58,99752,158,100060,258,99674,158,100068,258,99360,158,100077,100,99306,100,100088,100,99192,100,100228,100,99091,100,100249,100,,,100322,100,,
2019-06-28 09:53:37.653450318,99860,158,99841,158,100009,158,99830,100,100053,58,99761,158,100060,258,99752,158,100068,258,99674,158,100077,100,99360,158,100088,100,99306,100,100228,100,99192,100,100249,100,99091,100,100322,100,,
2019-06-28 09:53:40.000000000,99860,198,99841,198,100009,195,99830,195,100060,295,99761,195,100068,200,99752,100,100077,100,99674,100,100088,100,99360,100,100228,100,99306,100,100249,100,99192,100,100322,100,99091,100,100364,100,,
2019-06-28 09:53:50.000000000,99860,158,99841,158,100009,158,99830,158,100060,258,99761,158,100068,258,99752,158,100077,158,99674,158,100088,100,99360,100,100228,100,99306,100,100249,100,99192,100,100322,100,99091,100,100364,100,,
2019-06-28 09:54:00.000000000,99860,244,99841,244,100009,244,99830,244,100060,200,99761,100,100068,200,99752,100,100077,100,99674,100,100088,100,99360,100,100228,100,99306,100,100249,100,99192,100,100322,100,99091,100,100364,100,,
2019-06-28 09:54:01.952412610,99860,244,99841,244,100009,244,99830,244,100060,200,99761,100,100068,200,99752,100,100077,100,99674,100,100088,100,99643,100,100228,100,99360,100,100249,100,99306,100,100322,100,99192,100,100364,100,99091,100
2019-06-28 09:54:07.859015817,99860,244,99841,144,100009,244,99830,244,100060,200,99761,100,100068,200,99752,100,100077,100,99674,100,100088,100,99643,100,100228,100,99360,100,100249,100,99306,100,100322,100,99192,100,100364,100,99091,100
2019-06-28 09:54:10.000000000,99860,158,99830,158,100009,158,99761,158,100060,258,99752,158,100068,258,99674,158,100077,158,99643,158,100088,100,99360,100,100228,100,99306,100,100249,100,99192,100,100322,100,99091,100,100364,100,,
2019-06-28 09:54:12.206005221,99854,100,99830,158,99860,158,99761,158,100009,158,99752,158,100060,258,99674,158,100068,258,99643,158,100077,158,99360,100,100088,100,99306,100,100228,100,99192,100,100249,100,99091,100,100322,100,,
2019-06-28 09:54:20.000000000,99854,388,99830,388,99860,100,99761,100,100009,100,99752,100,100060,200,99674,100,100068,200,99643,100,100077,100,99360,100,100088,100,99306,100,100228,100,99192,100,100249,100,99091,100,100322,100,,
2019-06-28 09:54:30.000000000,99854,198,99830,198,99860,195,99761,195,100009,195,99752,195,100060,200,99674,100,100068,200,99643,100,100077,100,99360,100,100088,100,99306,100,100228,100,99192,100,100249,100,99091,100,100322,100,,
2019-06-28 09:54:40.000000000,99854,388,99830,388,99860,100,99761,100,100009,100,99752,100,100060,200,99674,100,100068,200,99643,100,100077,100,99360,100,100088,100,99306,100,100228,100,99192,100,100249,100,99091,100,100322,100,,
2019-06-28 09:54:49.761917535,99854,388,99830,388,99860,100,99761,100,100009,100,99752,100,100060,200,99674,100,100068,200,99643,100,100077,100,99360,100,100088,100,99306,100,100130,100,99192,100,100228,100,99091,100,100249,100,,
2019-06-28 09:54:50.000000000,99854,172,99830,172,99860,172,99761,172,100009,172,99752,172,100060,272,99674,172,100068,200,99643,100,100077,100,99360,100,100088,100,99306,100,100130,100,99192,100,100228,100,99091,100,100249,100,,
2019-06-28 09:55:00.000000000,99854,198,99830,198,99860,195,99761,195,100009,195,99752,195,100060,200,99674,100,100068,200,99643,100,100077,100,99360,100,100088,100,99306,100,100130,100,99192,100,100228,100,99091,100,100249,100,,
2019-06-28 09:55:06.043348047,99854,198,99830,98,99860,195,99761,195,100009,195,99752,195,100060,200,99674,100,100068,200,99643,100,100077,100,99360,100,100088,100,99306,100,100130,100,99192,100,100228,100,99091,100,100249,100,,
2019-06-28 09:55:10.000000000,99854,158,99761,158,99860,158,99752,158,100009,158,99674,158,100060,258,99643,158,100068,258,99360,158,100077,100,99306,100,100088,100,99192,100,100130,100,99091,100,100228,100,,,100249,100,,
2019-06-28 09:55:20.000000000,99854,244,99761,244,99860,244,99752,244,100009,100,99674,100,100060,200,99643,100,100068,200,99360,100,100077,100,99306,100,100088,100,99192,100,100130,100,99091,100,100228,100,,,100249,100,,
2019-06-28 09:55:30.000000000,99854,172,99761,172,99860,172,99752,172,100009,172,99674,172,100060,272,99643,172,100068,200,99360,100,100077,100,99306,100,100088,100,99192,100,100130,100,99091,100,100228,100,,,100249,100,,
2019-06-28 09:55:37.708712341,99854,172,99761,172,99860,172,99752,172,99887,100,99674,172,100009,172,99643,172,100060,272,99360,100,100068,200,99306,100,100077,100,99192,100,100088,100,99091,100,100130,100,,,100228,100,,
2019-06-28 09:55:40.000000000,99854,172,99761,172,99860,172,99752,172,99887,172,99674,172,100009,172,99643,172,100060,200,99360,100,100068,200,99306,100,100077,100,99192,100,100088,100,99091,100,100130,100,,,100228,100,,
2019-06-28 09:55:50.000000000,99854,172,99761,172,99860,172,99752,172,99887,172,99674,172,100009,172,99643,172,100060,200,99360,100,100068,200,99306,100,100077,100,99192,100,100088,100,99091,100,100130,100,,,100228,100,,
2019-06-28 09:55:51.700769906,99854,72,99761,172,99860,172,99752,172,99887,72,99674,172,100009,172,99643,172,100060,200,99360,100,100068,200,99306,100,100077,100,99192,100,100088,100,99091,100,100130,100,,,100228,100,,
2019-06-28 09:55:56.845940270,99853,100,99761,172,99854,72,99752,172,99860,172,99674,172,99887,72,99643,172,100009,172,99360,100,100060,200,99306,100,100068,200,99192,100,100077,100,99091,100,100088,100,,,100130,100,,
2019-06-28 09:56:00.000000000,99853,388,99761,388,99860,100,99752,100,100009,100,99674,100,100060,200,99643,100,100068,200,99360,100,100077,100,99306,100,100088,100,99192,100,100130,100,99091,100,100228,100,,,100249,100,,
2019-06-28 09:56:10.000000000,99853,244,99761,244,99860,244,99752,244,100009,100,99674,100,100060,200,99643,100,100068,200,99360,100,100077,100,99306,100,100088,100,99192,100,100130,100,99091,100,100228,100,,,100249,100,,
2019-06-28 09:56:20.000000000,99853,244,99761,244,99860,244,99752,244,100009,100,99674,100,100060,200,99643,100,100068,200,99360,100,100077,100,99306,100,100088,100,99192,100,100130,100,99091,100,100228,100,,,100249,100,,
2019-06-28 09:56:23.717907279,99853,244,99761,244,99860,244,99752,244,100009,100,99697,100,100060,200,99674,100,100068,200,99643,100,100077,100,99360,100,100088,100,99306,100,100130,100,99192,100,100228,100,99091,100,100249,100,,
2019-06-28 09:56:30.000000000,99853,388,99761,388,99860,100,99752,100,100009,100,99697,100,100060,200,99674,100,100068,200,99643,100,100077,100,99360,100,100088,100,99306,100,100130,100,99192,100,100228,100,99091,100,100249,100,,
2019-06-28 09:56:40.000000000,99853,198,99761,198,99860,195,99752,195,100009,195,99697,195,100060,200,99674,100,100068,200,99643,100,100077,100,99360,100,100088,100,99306,100,100130,100,99192,100,100228,100,99091,100,100249,100,,
2019-06-28 09:56:49.530575919,99853,198,99761,198,99860,195,99752,195,100009,195,99697,195,100060,200,99674,100,100068,200,99643,100,100077,100,99360,100,100088,100,99306,100,100130,100,99192,100,100228,100,99173,100,100249,100,99091,100
2019-06-28 09:56:50.000000000,99853,244,99761,244,99860,244,99752,244,100009,100,99697,100,100060,200,99674,100,100068,200,99643,100,100077,100,99360,100,100088,100,99306,100,100130,100,99192,100,100228,100,99173,100,100249,100,99091,100
2019-06-28 09:57:00.000000000,99853,198,99761,198,99860,195,99752,195,100009,195,99697,195,100060,200,99674,100,100068,200,99643,100,100077,100,99360,100,100088,100,99306,100,100130,100,99192,100,100228,100,99173,100,100249,100,99091,100
2019-06-28 09:57:08.946123749,99853,298,99761,198,99860,195,99752,195,100009,195,99697,195,100060,200,99674,100,100068,200,99643,100,100077,100,99360,100,100088,100,99306,100,100130,100,99192,100,100228,100,99173,100,100249,100,99091,100
2019-06-28 09:57:10.000000000,99853,298,99761,198,99860,195,99752,195,100009,195,99697,195,100060,200,99674,100,100068,200,99643,100,100077,100,99360,100,100088,100,99306,100,100130,100,99192,100,100228,100,99173,100,100249,100,99091,100
2019-06-28 09:57:20.000000000,99853,258,99761,158,99860,158,99752,158,100009,158,99697,158,100060,258,99674,158,100068,258,99643,158,100077,100,99360,100,100088,100,99306,100,100130,100,99192,100,100228,100,99173,100,100249,100,99091,100
2019-06-28 09:57:24.707345284,99853,258,99761,158,99860,158,99752,158,100009,158,99697,158,100060,258,99682,100,100068,258,99674,158,100077,100,99643,158,100088,100,99360,100,100130,100,99306,100,100228,100,99192,100,100249,100,99173,100
2019-06-28 09:57:28.666492084,99853,258,99761,58,99860,158,99752,158,100009,158,99697,158,100060,258,99682,100,100068,258,99674,158,100077,100,99643,158,100088,100,99360,100,100130,100,99306,100,100228,100,99192,100,100249,100,99173,100
2019-06-28 09:57:30.000000000,99853,488,99752,388,99860,100,99697,100,100009,100,99682,100,100060,200,99674,100,100068,200,99643,100,100077,100,99360,100,100088,100,99306,100,100130,100,99192,100,100228,100,99173,100,100249,100,99091,100
2019-06-28 09:57:40.000000000,99853,344,99752,244,99860,244,99697,244,100009,100,99682,100,100060,200,99674,100,100068,200,99643,100,100077,100,99360,100,100088,100,99306,100,100130,100,99192,100,100228,100,99173,100,100249,100,99091,100
2019-06-28 09:57:50.000000000,99853,298,99752,198,99860,195,99697,195,100009,195,99682,195,100060,200,99674,100,100068,200,99643,100,100077,100,99360,100,100088,100,99306,100,100130,100,99192,100,100228,100,99173,100,100249,100,99091,100
2019-06-28 09:57:59.472483558,99853,298,99752,198,99860,195,99697,195,100009,195,99682,195,100060,200,99674,100,100068,200,99643,100,100077,100,99476,100,100088,100,99360,100,100130,100,99306,100,100228,100,99192,100,100249,100,99173,100
2019-06-28 09:58:00.000000000,99853,272,99752,172,99860,172,99697,172,100009,172,99682,172,100060,272,99674,172,100068,200,99643,100,100077,100,99476,100,100088,100,99360,100,100130,100,99306,100,100228,100,99192,100,100249,100,99173,100
2019-06-28 09:58:10.000000000,99853,258,99752,158,99860,158,99697,158,100009,158,99682,158,100060,258,99674,158,100068,258,99643,158,100077,100,99476,100,100088,100,99360,100,100130,100,99306,100,100228,100,99192,100,100249,100,99173,100
2019-06-28 09:58:16.730992003,99853,258,99752,158,99860,158,99708,100,100009,158,99697,158,100060,258,99682,158,100068,258,99674,158,100077,100,99643,158,100088,100,99476,100,100130,100,99360,100,100228,100,99306,100,100249,100,99192,100
2019-06-28 09:58:20.000000000,99853,272,99752,172,99860,172,99708,172,100009,172,99697,172,100060,272,99682,172,100068,200,99674,100,100077,100,99643,100,100088,100,99476,100,100130,100,99360,100,100228,100,99306,100,100249,100,99192,100
2019-06-28 09:58:24.443473892,99853,272,99752,72,99860,172,99708,172,100009,172,99697,172,100060,272,99682,172,100068,200,99674,100,100077,100,99643,100,100088,100,99476,100,100130,100,99360,100,100228,100,99306,100,100249,100,99192,100
2019-06-28 09:58:27.405719845,99853,272,99752,72,99860,172,99708,172,100009,172,99697,172,100060,272,99682,172,100068,200,99674,100,100077,100,99643,100,100088,100,99485,100,100130,100,99476,100,100228,100,99360,100,100249,100,99192,100
2019-06-28 09:58:30.000000000,99853,298,99708,198,99860,195,99697,195,100009,195,99682,195,100060,200,99674,100,100068,200,99643,100,100077,100,99485,100,100088,100,99476,100,100130,100,99360,100,100228,100,99192,100,100249,100,99173,100
2019-06-28 09:58:32.097871339,99853,298,99708,198,99860,195,99697,195,100009,195,99682,195,100060,200,99674,100,100068,200,99643,100,100077,100,99485,100,100088,100,99476,100,100130,100,99460,100,100249,100,99360,100,100322,100,99192,100
2019-06-28 09:58:40.000000000,99853,258,99708,158,99860,158,99697,158,100009,158,99682,158,100060,258,99674,158,100068,258,99643,158,100077,100,99485,100,100088,100,99476,100,100130,100,99460,100,100249,100,99360,100,100322,100,99192,100
2019-06-28 09:58:50.000000000,99853,272,99708,172,99860,172,99697,172,100009,172,99682,172,100060,272,99674,172,100068,200,99643,100,100077,100,99485,100,100088,100,99476,100,100130,100,99460,100,100249,100,99360,100,100322,100,99192,100
2019-06-28 09:58:51.890064681,99853,272,99708,72,99860,172,99697,172,100009,172,99682,172,100060,272,99674,172,100068,200,99643,100,100077,100,99485,100,100088,100,99476,100,100130,100,99460,100,100249,100,99360,100,100322,100,99192,100
2019-06-28 09:59:00.000000000,99853,272,99697,172,99860,172,99682,172,100009,172,99674,172,100060,272,99643,172,100068,200,99485,100,100077,100,99476,100,100088,100,99460,100,100130,100,99360,100,100249,100,99192,100,100322,100,99173,100
2019-06-28 09:59:10.000000000,99853,488,99697,388,99860,100,99682,100,100009,100,99674,100,100060,200,99643,100,100068,200,99485,100,100077,100,99476,100,100088,100,99460,100,100130,100,99360,100,100249,100,99192,100,100322,100,99173,100
2019-06-28 09:59:20.000000000,99853,298,99697,198,99860,195,99682,195,100009,195,99674,195,100060,200,99643,100,100068,200,99485,100,100077,100,99476,100,100088,100,99460,100,100130,100,99360,100,100249,100,99192,100,100322,100,99173,100
2019-06-28 09:59:25.274551769,99853,298,99697,198,99860,195,99682,95,100009,195,99674,195,100060,200,99643,100,100068,200,99485,100,100077,100,99476,100,100088,100,99460,100,100130,100,99360,100,100249,100,99289,100,100322,100,99192,100
2019-06-28 09:59:30.000000000,99853,298,99697,198,99860,195,99674,195,100009,195,99643,195,100060,200,99485,100,100068,200,99476,100,100077,100,99460,100,100088,100,99360,100,100130,100,99289,100,100249,100,99192,100,100322,100,99173,100
2019-06-28 09:59:40.000000000,99853,298,99697,198,99860,195,99674,195,100009,195,99643,195,100060,200,99485,100,100068,200,99476,100,100077,100,99460,100,100088,100,99360,100,100130,100,99289,100,100249,100,99192,100,100322,100,99173,100
2019-06-28 09:59:41.193798074,99752,100,99697,198,99853,298,99674,195,99860,195,99643,195,100009,195,99485,100,100060,200,99476,100,100068,200,99460,100,100077,100,99360,100,100088,100,99289,100,100130,100,99192,100,100249,100,99173,100
2019-06-28 09:59:50.000000000,99752,244,99697,244,99853,344,99674,244,99860,100,99643,100,100009,100,99485,100,100060,200,99476,100,100068,200,99460,100,100077,100,99360,100,100088,100,99289,100,100130,100,99192,100,100249,100,99173,100
2019-06-28 10:00:00.000000000,99752,244,99697,244,99853,344,99674,244,99860,100,99643,100,100009,100,99485,100,100060,200,99476,100,100068,200,99460,100,100077,100,99360,100,100088,100,99289,100,100130,100,99192,100,100249,100,99173,100
2019-06-28 10:00:10.000000000,99752,244,99697,244,99853,344,99674,244,99860,100,99643,100,100009,100,99485,100,100060,200,99476,100,100068,200,99460,100,100077,100,99360,100,100088,100,99289,100,100130,100,99192,100,100249,100,99173,100
2019-06-28 10:00:20.000000000,99752,158,99697,158,99853,258,99674,158,99860,158,99643,158,100009,158,99485,158,100060,258,99476,158,100068,200,99460,100,100077,100,99360,100,100088,100,99289,100,100130,100,99192,100,100249,100,99173,100
2019-06-28 10:00:20.084634121,99752,158,99697,158,99853,258,99674,158,99860,158,99643,158,100009,158,99485,158,100060,258,99476,158,100068,200,99460,100,100077,100,99360,100,100088,100,99289,100,100130,100,99192,100,100249,100,99173,100
2019-06-28 10:00:30.000000000,99752,198,99697,198,99853,295,99674,195,99860,195,99643,195,100009,100,99485,100,100060,200,99476,100,100068,200,99460,100,100077,100,99360,100,100088,100,99289,100,100130,100,99192,100,100249,100,99173,100
2019-06-28 10:00:40.000000000,99752,158,99697,158,99853,258,99674,158,99860,158,99643,158,100009,158,99485,158,100060,258,99476,158,100068,200,99460,100,100077,100,99360,100,100088,100,99289,100,100130,100,99192,100,100249,100,99173,100
2019-06-28 10:00:50.000000000,99752,172,99697,172,99853,272,99674,172,99860,172,99643,172,100009,172,99485,172,100060,200,99476,100,100068,200,99460,100,100077,100,99360,100,100088,100,99289,100,100130,100,99192,100,100249,100,99173,100
2019-06-28 10:01:00.000000000,99752,158,99697,158,99853,258,99674,158,99860,158,99643,158,100009,158,99485,158,100060,258,99476,158,100068,200,99460,100,100077,100,99360,100,100088,100,99289,100,100130,100,99192,100,100249,100,99173,100
2019-06-28 10:01:05.531137267,99752,158,99697,58,99853,258,99674,158,99860,158,99643,158,100009,158,99485,158,100060,258,99476,158,100068,200,99460,100,100077,100,99360,100,100088,100,99289,100,100130,100,99192,100,100249,100,99173,100
2019-06-28 10:01:10.000000000,99752,158,99674,158,99853,258,99643,158,99860,158,99485,158,100009,158,99476,158,100060,258,99460,158,100068,200,99360,100,100077,100,99289,100,100088,100,99192,100,100130,100,99173,100,100249,100,99091,100
2019-06-28 10:01:20.000000000,99752,158,99674,158,99853,258,99643,158,99860,158,99485,158,100009,158,99476,158,100060,258,99460,158,100068,200,99360,100,100077,100,99289,100,100088,100,99192,100,100130,100,99173,100,100249,100,99091,100
2019-06-28 10:01:30.000000000,99752,172,99674,172,99853,272,99643,172,99860,172,99485,172,100009,172,99476,172,100060,200,99460,100,100068,200,99360,100,100077,100,99289,100,100088,100,99192,100,100130,100,99173,100,100249,100,99091,100
2019-06-28 10:01:37.914990453,99752,172,99674,172,99853,272,99643,172,99860,172,99485,172,100009,172,99476,172,100060,200,99460,100,100068,200,99360,100,100077,100,99289,100,100088,100,99192,100,100130,100,99173,100,100249,100,99091,100
2019-06-28 10:01:40.000000000,99752,198,99674,198,99853,295,99643,195,99860,195,99485,195,100009,100,99476,100,100060,200,99460,100,100068,200,99360,100,100077,100,99289,100,100088,100,99192,100,100130,100,99173,100,100249,100,99091,100
2019-06-28 10:01:50.000000000,99752,172,99674,172,99853,272,99643,172,99860,172,99485,172,100009,172,99476,172,100060,200,99460,100,100068,200,99360,100,100077,100,99289,100,100088,100,99192,100,100130,100,99173,100,100249,100,99091,100
2019-06-28 10:01:53.102369680,99752,172,99674,172,99853,272,99643,172,99860,172,99485,172,100009,172,99476,172,100060,200,99460,100,100068,200,99360,100,100077,100,99289,100,100088,100,99192,100,100130,100,99173,100,100249,100,99091,100
2019-06-28 10:01:56.005098024,99752,172,99674,72,99853,272,99643,172,99860,172,99485,172,100009,172,99476,172,100060,200,99460,100,100068,200,99360,100,100077,100,99289,100,100088,100,99192,100,100130,100,99173,100,100249,100,99091,100
2019-06-28 10:01:56.740460571,99697,100,99674,72,99752,172,99643,172,99853,272,99485,172,99860,172,99476,172,100009,172,99460,100,100060,100,99360,100,100068,200,99289,100,100077,100,99192,100,100088,100,99173,100,100130,100,99091,100
2019-06-28 10:02:00.000000000,99697,244,99643,244,99752,244,99485,244,99853,200,99476,100,99860,100,99460,100,100009,100,99360,100,100060,100,99289,100,100068,200,99192,100,100077,100,99173,100,100088,100,99091,100,100130,100,99010,100
2019-06-28 10:02:02.354539469,99697,344,99643,244,99752,144,99485,244,99853,200,99476,100,99860,100,99460,100,100009,100,99360,100,100060,100,99289,100,100068,200,99192,100,100077,100,99173,100,100088,100,99091,100,100130,100,99010,100
2019-06-28 10:02:08.074945418,99697,344,99643,244,99752,144,99485,244,99853,200,99476,100,99860,100,99460,100,100009,100,99360,100,100060,100,99289,100,100068,200,99192,100,100077,100,99173,100,100088,100,99091,100,100130,100,99010,100
2019-06-28 10:02:10.000000000,99697,298,99643,198,99853,295,99485,195,99860,195,99476,195,100009,100,99460,100,100060,100,99360,100,100068,200,99289,100,100077,100,99192,100,100088,100,99173,100,100130,100,99091,100,100249,100,99010,100
2019-06-28 10:02:13.424503136,99697,398,99643,198,99853,295,99485,195,99860,195,99476,195,100009,100,99460,100,100068,200,99360,100,100077,100,99289,100,100088,100,99192,100,100130,100,99173,100,100249,100,99091,100,100322,100,99010,100
2019-06-28 10:02:17.995803034,99697,398,99643,98,99853,295,99485,195,99860,195,99476,195,100009,100,99460,100,100068,200,99360,100,100077,100,99289,100,100088,100,99192,100,100130,100,99091,100,100249,100,99010,100,100322,100,98078,100
2019-06-28 10:02:20.000000000,99697,398,99485,198,99853,295,99476,195,99860,195,99460,195,100009,100,99360,100,100068,200,99289,100,100077,100,99192,100,100088,100,99091,100,100130,100,99010,100,100249,100,98078,100,100322,100,97896,100
2019-06-28 10:02:20.852940167,99697,398,99485,198,99853,295,99476,195,99860,195,99460,195,100009,100,99360,100,100068,200,99289,100,100077,100,99192,100,100088,100,99091,100,100130,100,99010,100,100249,100,98078,100,100322,100,97966,100
2019-06-28 10:02:25.387206803,99697,398,99485,98,99853,295,99476,195,99860,195,99460,195,100009,100,99360,100,100068,200,99289,100,100077,100,99192,100,100088,100,99091,100,100130,100,99010,100,100249,100,98078,100,100322,100,97966,100
2019-06-28 10:02:30.000000000,99697,588,99476,388,99853,200,99460,100,99860,100,99360,100,100009,100,99289,100,100068,200,99192,100,100077,100,99091,100,100088,100,99010,100,100130,100,98078,100,100249,100,97966,100,100322,100,97896,100
2019-06-28 10:02:40.000000000,99697,358,99476,158,99853,258,99460,158,99860,158,99360,158,100009,158,99289,158,100068,258,99192,158,100077,100,99091,100,100088,100,99010,100,100130,100,98078,100,100249,100,97966,100,100322,100,97896,100
2019-06-28 10:02:50.000000000,99697,398,99476,198,99853,295,99460,195,99860,195,99360,195,100009,100,99289,100,100068,200,99192,100,100077,100,99091,100,100088,100,99010,100,100130,100,98078,100,100249,100,97966,100,100322,100,97896,100
2019-06-28 10:02:50.702761055,99697,398,99476,198,99853,295,99460,195,99860,195,99360,195,100068,200,99289,100,100077,100,99192,100,100088,100,99091,100,100130,100,99010,100,100249,100,98183,100,100322,100,98078,100,100364,100,97966,100
2019-06-28 10:03:00.000000000,99697,372,99476,172,99853,272,99460,172,99860,172,99360,172,100068,272,99289,172,100077,100,99192,100,100088,100,99091,100,100130,100,99010,100,100249,100,98183,100,100322,100,98078,100,100364,100,97966,100
2019-06-28 10:03:10.000000000,99697,588,99476,388,99853,200,99460,100,99860,100,99360,100,100068,200,99289,100,100077,100,99192,100,100088,100,99091,100,100130,100,99010,100,100249,100,98183,100,100322,100,98078,100,100364,100,97966,100
2019-06-28 10:03:13.347231039,99643,100,99476,388,99697,588,99460,100,99853,200,99360,100,99860,100,99289,100,100068,200,99192,100,100077,100,99091,100,100088,100,99010,100,100130,100,98183,100,100249,100,98078,100,100322,100,97966,100
2019-06-28 10:03:20.000000000,99643,198,99476,198,99697,395,99460,195,99853,295,99360,195,99860,100,99289,100,100068,200,99192,100,100077,100,99091,100,100088,100,99010,100,100130,100,98183,100,100249,100,98078,100,100322,100,97966,100
2019-06-28 10:03:30.000000000,99643,198,99476,198,99697,395,99460,195,99853,295,99360,195,99860,100,99289,100,100068,200,99192,100,100077,100,99091,100,100088,100,99010,100,100130,100,98183,100,100249,100,98078,100,100322,100,97966,100
2019-06-28 10:03:40.000000000,99643,158,99476,158,99697,358,99460,158,99853,258,99360,158,99860,158,99289,158,100068,258,99192,158,100077,100,99091,100,100088,100,99010,100,100130,100,98183,100,100249,100,98078,100,100322,100,97966,100
2019-06-28 10:03:49.443767329,99643,158,99476,58,99697,358,99460,158,99853,258,99360,158,99860,158,99289,158,100068,258,99192,158,100077,100,99091,100,100088,100,99010,100,100130,100,98183,100,100249,100,98078,100,100364,100,97966,100
2019-06-28 10:03:50.000000000,99643,172,99460,172,99697,372,99360,172,99853,272,99289,172,99860,172,99192,172,100068,200,99091,100,100077,100,99010,100,100088,100,98183,100,100130,100,98078,100,100249,100,97966,100,100364,100,97896,100
2019-06-28 10:03:55.621762953,99460,28,99360,172,99643,172,99289,172,99697,372,99192,172,99853,272,99091,100,99860,172,99010,100,100068,200,98183,100,100077,100,98078,100,100088,100,97966,100,100130,100,97896,100,100249,100,97835,100
2019-06-28 10:04:00.000000000,99460,126,99360,198,99643,195,99289,195,99697,395,99192,195,99853,200,99091,100,99860,100,99010,100,100068,200,98183,100,100077,100,98078,100,100088,100,97966,100,100130,100,97896,100,100249,100,97835,100
2019-06-28 10:04:06.409773838,99460,126,99360,98,99643,195,99289,195,99697,395,99192,195,99853,200,99091,100,99860,100,99010,100,100068,200,98183,100,100077,100,98078,100,100088,100,97966,100,100130,100,97896,100,100249,100,97835,100
2019-06-28 10:04:10.000000000,99460,100,99289,172,99643,172,99192,172,99697,372,99091,172,99853,272,99010,172,99860,100,98183,100,100068,200,98078,100,100077,100,97966,100,100088,100,97896,100,100130,100,97835,100,100249,100,,
2019-06-28 10:04:12.521484681,99460,100,99289,72,99643,172,99192,172,99697,372,99091,172,99853,272,99010,172,99860,100,98183,100,100068,200,98078,100,100077,100,97966,100,100088,100,97896,100,100130,100,97835,100,100249,100,,
2019-06-28 10:04:13.907120500,99360,100,99289,72,99460,100,99192,172,99643,172,99091,172,99697,372,99010,172,99853,272,98183,100,99860,100,98078,100,100068,200,97966,100,100077,100,97896,100,100088,100,97835,100,100130,100,,
2019-06-28 10:04:20.000000000,99360,158,99192,158,99460,86,99091,158,99643,158,99010,158,99697,358,98183,158,99853,258,98078,158,99860,100,97966,100,100068,200,97896,100,100077,100,97835,100,100088,100,,,100130,100,,
2019-06-28 10:04:30.000000000,99360,244,99192,244,99460,172,99091,244,99643,100,99010,100,99697,300,98183,100,99853,200,98078,100,99860,100,97966,100,100068,200,97896,100,100077,100,97835,100,100088,100,,,100130,100,,
2019-06-28 10:04:38.896441814,99360,244,99192,144,99460,172,99091,244,99643,100,99010,100,99697,300,98183,100,99853,200,98078,100,99860,100,97966,100,100068,200,97896,100,100077,100,97835,100,100088,100,,,100130,100,,
2019-06-28 10:04:40.000000000,99360,198,99091,198,99460,123,99010,195,99643,195,98183,195,99697,300,98078,100,99853,200,97966,100,99860,100,97896,100,100068,200,97835,100,100077,100,,,100088,100,,,100130,100,,
2019-06-28 10:04:50.000000000,99360,172,99091,172,99460,100,99010,172,99643,172,98183,172,99697,372,98078,172,99853,200,97966,100,99860,100,97896,100,100068,200,97835,100,100077,100,,,100088,100,,,100130,100,,
2019-06-28 10:05:00.000000000,99360,244,99091,244,99460,172,99010,244,99643,100,98183,100,99697,300,98078,100,99853,200,97966,100,99860,100,97896,100,100068,200,97835,100,100077,100,,,100088,100,,,100130,100,,
2019-06-28 10:05:10.000000000,99360,388,99091,388,99460,28,99010,100,99643,100,98183,100,99697,300,98078,100,99853,200,97966,100,99860,100,97896,100,100068,200,97835,100,100077,100,,,100088,100,,,100130,100,,
2019-06-28 10:05:20.000000000,99360,388,99091,388,99460,28,99010,100,99643,100,98183,100,99697,300,98078,100,99853,200,97966,100,99860,100,97896,100,100068,200,97835,100,100077,100,,,100088,100,,,100130,100,,
2019-06-28 10:05:28.080869608,99360,388,99091,288,99460,28,99010,100,99643,100,98183,100,99697,300,98078,100,99853,200,97966,100,99860,100,97896,100,100068,200,97835,100,100077,100,,,100088,100,,,100130,100,,
2019-06-28 10:05:30.000000000,99360,172,99010,172,99460,100,98183,172,99643,172,98078,172,99697,372,97966,172,99853,200,97896,100,99860,100,97835,100,100068,200,,,100077,100,,,100088,100,,,100130,100,,
2019-06-28 10:05:40.000000000,99360,198,99010,198,99460,123,98183,195,99643,195,98078,195,99697,300,97966,100,99853,200,97896,100,99860,100,97835,100,100068,200,,,100077,100,,,100088,100,,,100130,100,,
2019-06-28 10:05:44.649491312,99360,198,99010,198,99460,123,98525,100,99643,195,98183,195,99697,300,98078,195,99853,200,97966,100,99860,100,97896,100,100068,200,,,100077,100,,,100088,100,,,100130,100,,
2019-06-28 10:05:50.000000000,99360,388,99010,388,99460,28,98525,100,99643,100,98183,100,99697,300,98078,100,99853,200,97966,100,99860,100,97896,100,100068,200,,,100077,100,,,100088,100,,,100130,100,,
2019-06-28 10:06:00.000000000,99360,244,99010,244,99460,172,98525,244,99643,100,98183,100,99697,300,98078,100,99853,200,97966,100,99860,100,97896,100,100068,200,,,100077,100,,,100088,100,,,100130,100,,
2019-06-28 10:06:10.000000000,99360,244,99010,244,99460,172,98525,244,99643,100,98183,100,99697,300,98078,100,99853,200,97966,100,99860,100,97896,100,100068,200,,,100077,100,,,100088,100,,,100130,100,,
2019-06-28 10:06:19.966041444,99360,244,99010,244,99460,172,98525,244,99643,100,98400,100,99697,300,98183,100,99853,200,98078,100,99860,100,97966,100,100068,200,97896,100,100077,100,,,100088,100,,,100130,100,,
2019-06-28 10:06:20.000000000,99360,158,99010,158,99460,86,98525,158,99643,158,98400,158,99697,358,98183,158,99853,258,98078,158,99860,100,97966,100,100068,200,97896,100,100077,100,,,100088,100,,,100130,100,,
2019-06-28 10:06:24.890209336,99360,158,99010,158,99460,86,98525,158,99643,158,98480,100,99697,358,98400,158,99853,258,98183,158,99860,100,98078,158,100068,200,97966,100,100077,100,97896,100,100088,100,,,100130,100,,
2019-06-28 10:06:26.988890088,99360,158,99010,158,99460,86,98525,158,99643,158,98480,100,99697,358,98400,158,99853,258,98254,100,99860,100,98183,158,100068,200,98078,158,100077,100,97966,100,100088,100,97896,100,100130,100,,
2019-06-28 10:06:30.000000000,99360,198,99010,198,99460,123,98525,195,99643,195,98480,195,99697,300,98400,100,99853,200,98254,100,99860,100,98183,100,100068,200,98078,100,100077,100,97966,100,100088,100,97896,100,100130,100,,
2019-06-28 10:06:36.391466023,99360,198,99010,98,99460,123,98525,195,99643,195,98480,195,99697,300,98400,100,99853,200,98254,100,99860,100,98183,100,100068,200,98078,100,100077,100,97966,100,100088,100,97896,100,100130,100,,
2019-06-28 10:06:40.000000000,99360,388,98525,388,99460,28,98480,100,99643,100,98400,100,99697,300,98254,100,99853,200,98183,100,99860,100,98078,100,100068,200,97966,100,100077,100,97896,100,100088,100,,,100130,100,,
2019-06-28 10:06:50.000000000,99360,158,98525,158,99460,86,98480,158,99643,158,98400,158,99697,358,98254,158,99853,258,98183,158,99860,100,98078,100,100068,200,97966,100,100077,100,97896,100,100088,100,,,100130,100,,
2019-06-28 10:06:51.214425439,99360,158,98525,58,99460,86,98480,158,99643,158,98400,158,99697,358,98254,158,99853,258,98183,158,99860,100,98078,100,100068,200,97966,100,100077,100,97896,100,100088,100,,,100130,100,,
2019-06-28 10:06:59.647455147,99360,158,98525,58,99460,86,98480,158,99643,158,98400,158,99697,358,98254,158,99853,258,98183,158,99860,100,98078,200,100068,200,97966,100,100077,100,97896,100,100088,100,,,100130,100,,
2019-06-28 10:07:00.000000000,99360,388,98480,388,99460,28,98400,100,99643,100,98254,100,99697,300,98183,100,99853,200,98078,200,99860,100,97966,100,100068,200,97896,100,100077,100,,,100088,100,,,100130,100,,
2019-06-28 10:07:08.485147812,98531,100,98480,388,99360,388,98400,100,99460,28,98254,100,99643,100,98183,100,99697,300,98078,200,99853,200,97966,100,99860,100,97896,100,100068,200,,,100077,100,,,100088,100,,
2019-06-28 10:07:10.000000000,98531,172,98480,172,99360,172,98400,172,99460,100,98254,172,99643,172,98183,172,99697,300,98078,200,99853,200,97966,100,99860,100,97896,100,100068,200,,,100077,100,,,100088,100,,
2019-06-28 10:07:20.000000000,98531,172,98480,172,99360,172,98400,172,99460,100,98254,172,99643,172,98183,172,99697,300,98078,200,99853,200,97966,100,99860,100,97896,100,100068,200,,,100077,100,,,100088,100,,
2019-06-28 10:07:30.000000000,98531,244,98480,244,99360,244,98400,244,99460,28,98254,100,99643,100,98183,100,99697,300,98078,200,99853,200,97966,100,99860,100,97896,100,100068,200,,,100077,100,,,100088,100,,
2019-06-28 10:07:40.000000000,98531,244,98480,244,99360,244,98400,244,99460,28,98254,100,99643,100,98183,100,99697,300,98078,200,99853,200,97966,100,99860,100,97896,100,100068,200,,,100077,100,,,100088,100,,
2019-06-28 10:07:50.000000000,98531,244,98480,244,99360,244,98400,244,99460,28,98254,100,99643,100,98183,100,99697,300,98078,200,99853,200,97966,100,99860,100,97896,100,100068,200,,,100077,100,,,100088,100,,
2019-06-28 10:08:00.000000000,98531,388,98480,388,99360,100,98400,100,99460,28,98254,100,99643,100,98183,100,99697,300,98078,200,99853,200,97966,100,99860,100,97896,100,100068,200,,,100077,100,,,100088,100,,
2019-06-28 10:08:10.000000000,98531,388,98480,388,99360,100,98400,100,99460,28,98254,100,99643,100,98183,100,99697,300,98078,200,99853,200,97966,100,99860,100,97896,100,100068,200,,,100077,100,,,100088,100,,
2019-06-28 10:08:15.008563740,98531,288,98480,388,99360,100,98400,100,99460,28,98254,100,99643,100,98183,100,99697,300,98078,100,99853,200,97966,100,99860,100,97896,100,100068,200,,,100077,100,,,100088,100,,
2019-06-28 10:08:20.000000000,99360,244,98480,244,99460,172,98400,244,99643,100,98254,100,99697,300,98183,100,99853,200,98078,100,99860,100,97966,100,100068,200,97896,100,100077,100,,,100088,100,,,100130,100,,
2019-06-28 10:08:30.000000000,99360,172,98480,172,99460,100,98400,172,99643,172,98254,172,99697,372,98183,172,99853,200,98078,100,99860,100,97966,100,100068,200,97896,100,100077,100,,,100088,100,,,100130,100,,
2019-06-28 10:08:40.000000000,99360,158,98480,158,99460,86,98400,158,99643,158,98254,158,99697,358,98183,158,99853,258,98078,158,99860,100,97966,100,100068,200,97896,100,100077,100,,,100088,100,,,100130,100,,
2019-06-28 10:08:44.503358500,99360,158,98526,100,99460,86,98480,158,99643,158,98400,158,99697,358,98254,158,99853,258,98183,158,99860,100,98078,158,100068,200,97966,100,100077,100,97896,100,100088,100,,,100130,100,,
2019-06-28 10:08:50.000000000,99360,158,98526,158,99460,86,98480,158,99643,158,98400,158,99697,358,98254,158,99853,258,98183,158,99860,100,98078,100,100068,200,97966,100,100077,100,97896,100,100088,100,,,100130,100,,
2019-06-28 10:08:56.556127870,99360,158,98526,258,99460,86,98480,158,99643,58,98400,158,99697,358,98254,158,99853,258,98183,158,99860,100,98078,100,100068,200,97966,100,100077,100,97896,100,100088,100,,,100130,100,,
2019-06-28 10:08:59.267645251,99360,58,98526,258,99460,86,98480,158,99643,58,98400,158,99697,358,98254,158,99853,258,98183,158,99860,100,98078,100,100068,200,97966,100,100077,100,97896,100,100088,100,,,100130,100,,
