,ask_price_1,ask_size_1,bid_price_1,bid_size_1,ask_price_2,ask_size_2,bid_price_2,bid_size_2,ask_price_3,ask_size_3,bid_price_3,bid_size_3,ask_price_4,ask_size_4,bid_price_4,bid_size_4,ask_price_5,ask_size_5,bid_price_5,bid_size_5,ask_price_6,ask_size_6,bid_price_6,bid_size_6,ask_price_7,ask_size_7,bid_price_7,bid_size_7,ask_price_8,ask_size_8,bid_price_8,bid_size_8,ask_price_9,ask_size_9,bid_price_9,bid_size_9,ask_price_10,ask_size_10,bid_price_10,bid_size_10
2019-06-28 09:30:00.000000002,100212,100,,,,,,,,,,,,,,,,,,,,,,,,,,,,,,,,,,,,,,
2019-06-28 09:30:00.000000003,100212,100,99950,100,,,99947,100,,,,,,,,,,,,,,,,,,,,,,,,,,,,,,,,
2019-06-28 09:30:00.000000004,100060,100,99950,100,100212,100,99947,100,,,,,,,,,,,,,,,,,,,,,,,,,,,,,,,,
2019-06-28 09:30:00.000000005,100060,100,99950,100,100145,100,99947,100,100212,100,,,,,,,,,,,,,,,,,,,,,,,,,,,,,,
2019-06-28 09:30:00.000000006,100005,100,99950,100,100014,100,99947,100,100060,100,,,100105,100,,,100145,100,,,100212,100,,,,,,,,,,,,,,,,,,
2019-06-28 09:30:00.000000008,100005,100,99962,100,100014,100,99950,100,100060,100,99947,100,100105,100,,,100145,100,,,100212,100,,,,,,,,,,,,,,,,,,
2019-06-28 09:30:00.000000009,100005,100,99962,100,100014,100,99950,100,100060,100,99947,100,100105,100,99901,100,100145,100,,,100212,100,,,,,,,,,,,,,,,,,,
2019-06-28 09:30:00.000000011,100005,100,99962,100,100014,100,99950,100,100060,100,99947,100,100105,100,99901,100,100128,100,,,100145,100,,,100212,100,,,,,,,,,,,,,,
2019-06-28 09:30:00.000000014,100005,100,99962,100,100014,100,99950,100,100060,100,99947,100,100105,100,99901,100,100128,100,,,100145,100,,,100212,100,,,,,,,,,,,,,,
2019-06-28 09:30:00.000000015,100005,100,99962,100,100014,100,99950,100,100060,100,99947,100,100105,100,99901,100,100128,100,99811,100,100145,100,,,100212,100,,,,,,,,,,,,,,
2019-06-28 09:30:00.000000017,100005,100,99962,100,100014,100,99950,100,100060,100,99947,100,100105,100,99901,100,100114,100,99811,100,100128,100,,,100138,100,,,100145,100,,,100212,100,,,,,,
2019-06-28 09:30:00.000000019,100005,100,99962,100,100014,100,99950,100,100060,100,99947,100,100105,100,99901,100,100114,100,99811,100,100128,100,99805,100,100138,100,,,100145,100,,,100212,100,,,,,,
2019-06-28 09:30:00.000000021,100005,100,99962,100,100014,100,99956,100,100060,100,99950,100,100105,100,99947,100,100114,100,99901,100,100128,100,99811,100,100138,100,99805,100,100145,100,,,100170,100,,,100212,100,,
2019-06-28 09:30:00.000000022,100005,100,99962,100,100014,100,99956,100,100060,100,99950,100,100070,100,99947,100,100105,100,99901,100,100114,100,99811,100,100128,100,99805,100,100138,100,,,100145,100,,,100170,100,,
2019-06-28 09:30:00.000000023,99979,100,99962,100,100005,100,99956,100,100014,100,99950,100,100060,100,99947,100,100070,100,99941,100,100105,100,99901,100,100114,100,99811,100,100128,100,99805,100,100138,100,,,100145,100,,
2019-06-28 09:30:00.000000024,99979,100,99962,100,100005,100,99956,100,100014,100,99950,100,100060,100,99947,100,100070,100,99941,100,100105,100,99910,100,100114,100,99901,100,100128,100,99811,100,100138,100,99805,100,100145,100,,
2019-06-28 09:30:00.000000025,99979,100,99962,100,100005,100,99956,100,100014,100,99950,100,100033,100,99947,100,100060,100,99941,100,100070,100,99910,100,100105,100,99901,100,100114,100,99811,100,100128,100,99805,100,100138,100,,
2019-06-28 09:30:00.000000027,99979,100,99962,100,99980,100,99956,100,100005,100,99950,100,100014,100,99947,100,100033,100,99941,100,100060,100,99910,100,100070,100,99901,100,100105,100,99811,100,100114,100,99805,100,100128,100,,
2019-06-28 09:30:00.000000028,99979,100,99962,100,99980,100,99956,100,100005,100,99950,100,100014,100,99947,100,100033,100,99941,100,100060,100,99910,100,100070,100,99901,100,100094,100,99811,100,100105,100,99805,100,100114,100,,
2019-06-28 09:30:00.000000029,99980,100,99962,100,100005,100,99956,100,100014,100,99950,100,100033,100,99947,100,100060,100,99941,100,100070,100,99910,100,100094,100,99901,100,100105,100,99811,100,100114,100,99805,100,100128,100,,
2019-06-28 09:30:00.000000033,99979,100,99962,100,99980,100,99956,100,100005,100,99950,100,100014,100,99947,100,100033,100,99941,100,100060,100,99910,100,100070,100,99901,100,100094,100,99811,100,100105,100,99805,100,100114,100,,
2019-06-28 09:30:00.000000036,99979,100,99962,100,99980,100,99956,100,100005,100,99950,100,100014,100,99947,100,100033,100,99941,100,100060,100,99910,100,100070,100,99901,100,100094,100,99811,100,100105,100,99805,100,100114,100,,
2019-06-28 09:30:00.000000041,99980,100,99962,100,100005,100,99956,100,100014,100,99950,100,100033,100,99947,100,100060,100,99941,100,100070,100,99910,100,100094,100,99901,100,100105,100,99811,100,100107,100,99805,100,100114,100,,
2019-06-28 09:30:00.000000046,99980,100,99962,100,99993,100,99956,100,100005,100,99950,100,100014,100,99947,100,100033,100,99941,100,100060,100,99910,100,100070,100,99901,100,100094,100,99811,100,100105,100,99805,100,100107,100,,
2019-06-28 09:30:00.000000050,99979,100,99962,100,99980,100,99956,100,99993,100,99950,100,100005,100,99947,100,100014,100,99941,100,100033,100,99910,100,100060,100,99901,100,100070,100,99811,100,100094,100,99805,100,100105,100,,
2019-06-28 09:30:00.000000051,99980,100,99956,100,99993,100,99950,100,100005,100,99947,100,100014,100,99941,100,100033,100,99910,100,100060,100,99901,100,100070,100,99811,100,100094,100,99805,100,100105,100,,,100107,100,,
2019-06-28 09:30:00.000000055,99980,100,99962,100,99993,100,99956,100,100005,100,99950,100,100014,100,99947,100,100033,100,99941,100,100060,100,99910,100,100070,100,99901,100,100094,100,99811,100,100105,100,99805,100,100107,100,,
2019-06-28 09:30:00.000000056,99980,100,99962,100,99993,100,99956,100,100005,100,99950,100,100014,100,99947,100,100017,100,99941,100,100033,100,99910,100,100060,100,99901,100,100070,100,99811,100,100094,100,99805,100,100105,100,,
2019-06-28 09:30:00.000000061,99993,100,99962,100,100005,100,99956,100,100014,100,99950,100,100017,100,99947,100,100033,100,99941,100,100060,100,99910,100,100070,100,99901,100,100094,100,99893,100,100105,100,99811,100,100107,100,99805,100
2019-06-28 09:30:00.000000064,99993,100,99962,100,100005,100,99956,100,100014,100,99955,100,100017,100,99950,100,100033,100,99947,100,100060,100,99941,100,100070,100,99910,100,100082,100,99901,100,100094,100,99893,100,100105,100,99811,100
2019-06-28 09:30:00.000000067,99993,100,99962,100,100005,100,99956,100,100014,100,99955,100,100017,100,99950,100,100033,100,99947,100,100060,100,99941,100,100065,100,99910,100,100070,100,99901,100,100082,100,99893,100,100094,100,99811,100
2019-06-28 09:30:00.000000068,99993,100,99962,100,100005,100,99956,100,100014,100,99955,100,100017,100,99950,100,100033,100,99947,100,100041,100,99941,100,100060,100,99910,100,100065,100,99901,100,100070,100,99893,100,100082,100,99811,100
2019-06-28 09:30:00.000000069,99993,100,99963,100,100005,100,99962,100,100014,100,99956,100,100017,100,99955,100,100033,100,99950,100,100041,100,99947,100,100060,100,99941,100,100065,100,99910,100,100070,100,99901,100,100082,100,99893,100
2019-06-28 09:30:00.000000070,99993,100,99963,100,100005,100,99962,100,100014,100,99956,100,100017,100,99955,100,100033,100,99950,100,100041,100,99947,100,100060,100,99941,100,100065,100,99910,100,100068,100,99901,100,100070,100,99893,100
2019-06-28 09:30:00.000000072,100005,100,99963,100,100014,100,99962,100,100017,100,99956,100,100033,100,99955,100,100041,100,99950,100,100060,100,99947,100,100065,100,99941,100,100068,100,99910,100,100070,100,99901,100,100082,100,99893,100
2019-06-28 09:30:00.000000074,100005,100,99963,100,100014,100,99962,100,100017,100,99956,100,100033,100,99955,100,100041,100,99950,100,100060,100,99947,100,100065,100,99941,100,100068,100,99910,100,100070,100,99901,100,100082,100,99893,100
2019-06-28 09:30:00.000000076,100005,100,99962,100,100014,100,99956,100,100017,100,99955,100,100033,100,99950,100,100041,100,99947,100,100060,100,99941,100,100065,100,99910,100,100068,100,99901,100,100070,100,99893,100,100082,100,99811,100
2019-06-28 09:30:00.000000077,100005,100,99962,100,100014,100,99956,100,100017,100,99955,100,100033,100,99950,100,100041,100,99947,100,100060,100,99941,100,100065,100,99910,100,100066,100,99901,100,100068,100,99893,100,100070,100,99811,100
2019-06-28 09:30:00.000000078,100005,100,99963,100,100014,100,99962,100,100017,100,99956,100,100033,100,99955,100,100041,100,99950,100,100060,100,99947,100,100065,100,99941,100,100066,100,99910,100,100068,100,99901,100,100070,100,99893,100
2019-06-28 09:30:00.000000080,100005,100,99963,200,100014,100,99962,100,100017,100,99956,100,100033,100,99955,100,100041,100,99950,100,100060,100,99947,100,100065,100,99941,100,100066,100,99910,100,100068,100,99901,100,100070,100,99893,100
2019-06-28 09:30:00.000000082,100005,100,99963,200,100014,100,99962,100,100017,100,99956,100,100033,100,99955,100,100041,100,99950,100,100060,100,99947,100,100065,100,99941,100,100066,100,99910,100,100068,200,99901,100,100070,100,99893,100
2019-06-28 09:30:00.000000085,100005,100,99963,300,100014,100,99962,100,100017,100,99956,100,100033,100,99955,100,100041,100,99950,100,100060,100,99947,100,100065,100,99941,100,100066,100,99910,100,100068,200,99901,100,100070,100,99893,100
2019-06-28 09:30:00.000000086,99991,100,99963,300,100005,100,99962,100,100014,100,99956,100,100017,100,99955,100,100033,100,99950,100,100041,100,99947,100,100060,100,99941,100,100065,100,99910,100,100066,100,99901,100,100068,200,99893,100
2019-06-28 09:30:00.000000090,99991,100,99973,100,100005,100,99963,300,100014,100,99962,100,100017,100,99956,100,100030,100,99955,100,100033,100,99950,100,100041,100,99947,100,100060,100,99941,100,100065,100,99910,100,100066,100,99901,100
2019-06-28 09:30:00.000000091,99991,100,99973,100,100005,100,99963,300,100014,100,99962,100,100017,100,99956,100,100030,100,99955,100,100033,100,99950,100,100041,100,99947,100,100060,100,99941,100,100065,100,99910,100,100066,100,99901,100
2019-06-28 09:30:00.000000092,99991,100,99973,100,100005,100,99963,300,100014,100,99962,100,100017,100,99956,100,100030,100,99955,100,100033,100,99950,100,100041,100,99947,100,100060,100,99941,100,100065,100,99910,100,100066,100,99906,100
2019-06-28 09:30:00.000000093,99991,100,99973,100,100005,100,99963,300,100014,100,99962,100,100017,100,99956,100,100030,100,99955,100,100033,100,99950,100,100041,100,99947,100,100060,100,99941,100,100065,100,99910,100,100066,100,99906,100
2019-06-28 09:30:00.000000096,99991,100,99973,100,100005,100,99963,300,100014,100,99962,100,100017,100,99956,100,100030,100,99955,100,100033,100,99950,100,100041,100,99947,100,100060,100,99941,100,100065,100,99910,100,100066,100,99906,100
2019-06-28 09:30:00.000000097,99991,100,99973,100,100005,100,99963,300,100014,100,99962,100,100017,100,99956,100,100030,100,99955,100,100033,100,99950,100,100041,100,99947,100,100060,100,99941,100,100065,100,99910,100,100066,100,99906,100
2019-06-28 09:30:00.000000099,99991,100,99973,100,100005,100,99963,400,100014,100,99962,100,100017,100,99956,100,100030,100,99955,100,100033,100,99950,100,100041,100,99947,100,100060,100,99941,100,100065,100,99910,100,100066,100,99906,100
2019-06-28 09:30:02.612794163,99991,100,99973,100,100005,100,99963,400,100014,100,99962,100,100017,100,99956,100,100030,100,99955,100,100033,100,99950,100,100041,100,99947,100,100060,100,99941,100,100065,100,99910,100,100066,100,99906,100
2019-06-28 09:30:10.000000000,99991,206,99973,206,100005,206,99963,506,100014,206,99962,206,100017,206,99956,206,100030,100,99955,100,100033,100,99950,100,100041,100,99947,100,100060,100,99941,100,100065,100,99910,100,100066,100,99906,100
2019-06-28 09:30:17.049186691,99991,206,99973,206,100005,206,99963,506,100014,206,99962,206,100017,206,99956,206,100030,100,99955,100,100033,100,99950,100,100041,100,99947,100,100060,100,99941,100,100065,100,99910,100,100066,100,99906,100
2019-06-28 09:30:20.000000000,99991,206,99973,206,100005,206,99963,506,100014,206,99962,206,100017,206,99956,206,100030,100,99955,100,100033,100,99950,100,100041,100,99947,100,100060,100,99941,100,100065,100,99910,100,100066,100,99906,100
2019-06-28 09:30:24.601182408,99991,206,99973,206,100005,206,99963,506,100014,206,99962,206,100017,206,99956,206,100030,100,99955,100,100033,100,99952,100,100041,100,99950,100,100060,100,99947,100,100065,100,99941,100,100066,100,99910,100
2019-06-28 09:30:30.000000000,99991,206,99973,206,100005,206,99963,506,100014,206,99962,206,100017,206,99956,206,100030,100,99955,100,100033,100,99952,100,100041,100,99950,100,100060,100,99947,100,100065,100,99941,100,100066,100,99910,100
2019-06-28 09:30:30.309531248,99991,206,99973,206,100005,206,99963,506,100014,206,99962,206,100017,206,99956,206,100030,100,99955,100,100033,100,99952,100,100041,100,99950,100,100060,100,99947,100,100065,100,99941,100,100066,100,99910,100
2019-06-28 09:30:40.000000000,99991,245,99973,245,100005,241,99963,541,100014,241,99962,241,100017,100,99956,100,100030,100,99955,100,100033,100,99952,100,100041,100,99950,100,100060,100,99947,100,100065,100,99941,100,100066,100,99910,100
2019-06-28 09:30:40.347273982,99991,245,99973,245,100005,241,99963,541,100014,241,99962,241,100017,100,99956,100,100030,100,99955,100,100033,100,99952,100,100041,100,99950,100,100060,100,99947,100,100065,100,99941,100,100066,100,99910,100
2019-06-28 09:30:50.000000000,99991,245,99973,245,100005,241,99963,541,100014,241,99962,241,100017,100,99956,100,100030,100,99955,100,100033,100,99952,100,100041,100,99950,100,100060,100,99947,100,100065,100,99941,100,100066,100,99910,100
2019-06-28 09:30:58.332973947,99991,245,99973,245,100005,241,99963,541,100014,241,99962,241,100017,100,99956,100,100030,100,99955,100,100033,100,99952,100,100041,100,99950,100,100060,100,99947,100,100065,100,99941,100,100066,100,99910,100
2019-06-28 09:31:00.000000000,99991,206,99973,206,100005,206,99963,506,100014,206,99962,206,100017,206,99956,206,100030,100,99955,100,100033,100,99952,100,100041,100,99950,100,100060,100,99947,100,100065,100,99941,100,100066,100,99910,100
2019-06-28 09:31:10.000000000,99991,206,99973,206,100005,206,99963,506,100014,206,99962,206,100017,206,99956,206,100030,100,99955,100,100033,100,99952,100,100041,100,99950,100,100060,100,99947,100,100065,100,99941,100,100066,100,99910,100
2019-06-28 09:31:15.325149523,99991,206,99973,206,100005,206,99963,506,100014,206,99962,206,100017,206,99956,206,100033,100,99955,100,100041,100,99952,100,100060,100,99950,100,100065,100,99947,100,100066,100,99941,100,100068,200,99910,100
2019-06-28 09:31:20.000000000,99991,185,99973,185,100005,185,99963,485,100014,185,99962,185,100017,185,99956,185,100033,185,99955,185,100041,100,99952,100,100060,100,99950,100,100065,100,99947,100,100066,100,99941,100,100068,200,99910,100
2019-06-28 09:31:28.795626309,99991,185,99973,185,100005,185,99963,485,100014,185,99962,185,100017,185,99956,185,100033,185,99955,185,100041,100,99952,100,100060,100,99950,100,100065,100,99947,100,100066,100,99941,100,100068,200,99910,100
2019-06-28 09:31:30.000000000,99991,313,99973,313,100005,313,99963,613,100014,100,99962,100,100017,100,99956,100,100033,100,99955,100,100041,100,99952,100,100060,100,99950,100,100065,100,99947,100,100066,100,99941,100,100068,200,99910,100
2019-06-28 09:31:32.938242949,99991,313,99973,313,100005,313,99963,613,100014,100,99962,100,100017,100,99956,100,100033,100,99955,100,100041,100,99952,100,100060,100,99950,100,100065,100,99947,100,100066,100,99941,100,100068,200,99910,100
2019-06-28 09:31:40.000000000,99991,313,99973,313,100005,313,99963,613,100014,100,99962,100,100017,100,99956,100,100033,100,99955,100,100041,100,99952,100,100060,100,99950,100,100065,100,99947,100,100066,100,99941,100,100068,200,99910,100
2019-06-28 09:31:49.407574383,99991,213,99973,313,100005,313,99963,613,100014,100,99962,100,100017,100,99956,100,100033,100,99955,100,100041,100,99952,100,100060,100,99950,100,100065,100,99947,100,100066,100,99941,100,100068,200,99910,100
2019-06-28 09:31:50.000000000,100005,245,99973,245,100014,241,99963,541,100017,241,99962,241,100033,100,99956,100,100041,100,99955,100,100060,100,99952,100,100065,100,99950,100,100066,100,99947,100,100068,200,99941,100,100072,100,99910,100
2019-06-28 09:31:53.205063831,100005,245,99973,245,100014,241,99963,541,100017,241,99962,241,100033,100,99956,100,100041,100,99955,100,100060,100,99952,100,100065,100,99950,100,100066,100,99947,100,100068,100,99941,100,100072,100,99910,100
2019-06-28 09:32:00.000000000,100005,185,99973,185,100014,185,99963,485,100017,185,99962,185,100033,185,99956,185,100041,185,99955,185,100060,100,99952,100,100065,100,99950,100,100066,100,99947,100,100068,100,99941,100,100072,100,99910,100
2019-06-28 09:32:10.000000000,100005,313,99973,313,100014,313,99963,613,100017,100,99962,100,100033,100,99956,100,100041,100,99955,100,100060,100,99952,100,100065,100,99950,100,100066,100,99947,100,100068,100,99941,100,100072,100,99910,100
2019-06-28 09:32:16.342283677,99990,100,99973,313,100005,313,99963,613,100014,313,99962,100,100017,100,99956,100,100033,100,99955,100,100041,100,99952,100,100060,100,99950,100,100065,100,99947,100,100066,100,99941,100,100068,100,99910,100
2019-06-28 09:32:20.000000000,99990,526,99973,526,100005,100,99963,400,100014,100,99962,100,100017,100,99956,100,100033,100,99955,100,100041,100,99952,100,100060,100,99950,100,100065,100,99947,100,100066,100,99941,100,100068,100,99910,100
2019-06-28 09:32:30.000000000,99990,526,99973,526,100005,100,99963,400,100014,100,99962,100,100017,100,99956,100,100033,100,99955,100,100041,100,99952,100,100060,100,99950,100,100065,100,99947,100,100066,100,99941,100,100068,100,99910,100
2019-06-28 09:32:37.318420594,99990,526,99973,526,100005,100,99963,400,100014,100,99962,100,100017,100,99956,100,100033,100,99955,100,100041,100,99952,100,100060,100,99950,100,100065,100,99947,100,100066,100,99941,100,100068,100,99910,100
2019-06-28 09:32:40.000000000,99990,206,99973,206,100005,206,99963,506,100014,206,99962,206,100017,206,99956,206,100033,100,99955,100,100041,100,99952,100,100060,100,99950,100,100065,100,99947,100,100066,100,99941,100,100068,100,99910,100
2019-06-28 09:32:40.394616936,99990,206,99973,106,100005,206,99963,506,100014,206,99962,206,100017,206,99956,206,100033,100,99955,100,100041,100,99952,100,100060,100,99950,100,100065,100,99947,100,100066,100,99941,100,100068,100,99910,100
2019-06-28 09:32:42.752325389,99990,206,99973,6,100005,206,99963,506,100014,206,99962,206,100017,206,99956,206,100033,100,99955,100,100041,100,99952,100,100065,100,99950,100,100066,100,99947,100,100068,100,99941,100,100072,100,99910,100
2019-06-28 09:32:48.077683625,99973,94,99963,506,99990,206,99962,206,100005,206,99956,206,100014,206,99955,100,100017,206,99952,100,100041,100,99950,100,100065,100,99947,100,100066,100,99941,100,100068,100,99910,100,100072,100,99906,100
2019-06-28 09:32:50.000000000,99973,307,99963,613,99990,313,99962,313,100005,100,99956,100,100014,100,99955,100,100017,100,99952,100,100041,100,99950,100,100065,100,99947,100,100066,100,99941,100,100068,100,99910,100,100072,100,99906,100
2019-06-28 09:33:00.000000000,99973,200,99963,506,99990,206,99962,206,100005,206,99956,206,100014,206,99955,206,100017,100,99952,100,100041,100,99950,100,100065,100,99947,100,100066,100,99941,100,100068,100,99910,100,100072,100,99906,100
2019-06-28 09:33:05.296410613,99973,200,99963,506,99990,206,99962,206,100005,206,99956,206,100014,206,99955,206,100017,100,99952,100,100041,100,99950,100,100065,100,99947,100,100066,100,99941,100,100068,100,99910,100,100072,100,99906,100
2019-06-28 09:33:10.000000000,99973,200,99963,506,99990,206,99962,206,100005,206,99956,206,100014,206,99955,206,100017,100,99952,100,100041,100,99950,100,100065,100,99947,100,100066,100,99941,100,100068,100,99910,100,100072,100,99906,100
2019-06-28 09:33:20.000000000,99973,307,99963,613,99990,313,99962,313,100005,100,99956,100,100014,100,99955,100,100017,100,99952,100,100041,100,99950,100,100065,100,99947,100,100066,100,99941,100,100068,100,99910,100,100072,100,99906,100
2019-06-28 09:33:28.354639663,99973,307,99963,613,99990,313,99962,313,100005,100,99956,100,100014,100,99955,100,100017,100,99952,100,100041,100,99950,100,100065,100,99947,100,100066,100,99946,100,100068,100,99941,100,100072,100,99910,100
2019-06-28 09:33:30.000000000,99973,179,99963,485,99990,185,99962,185,100005,185,99956,185,100014,185,99955,185,100017,185,99952,185,100041,100,99950,100,100065,100,99947,100,100066,100,99946,100,100068,100,99941,100,100072,100,99910,100
2019-06-28 09:33:40.000000000,99973,520,99963,826,99990,100,99962,100,100005,100,99956,100,100014,100,99955,100,100017,100,99952,100,100041,100,99950,100,100065,100,99947,100,100066,100,99946,100,100068,100,99941,100,100072,100,99910,100
2019-06-28 09:33:40.064153717,99973,620,99963,826,99990,100,99962,100,100005,100,99956,100,100014,100,99955,100,100017,100,99952,100,100041,100,99950,100,100065,100,99947,100,100066,100,99946,100,100068,100,99941,100,100072,100,99910,100
2019-06-28 09:33:50.000000000,99973,300,99963,506,99990,206,99962,206,100005,206,99956,206,100014,206,99955,206,100017,100,99952,100,100041,100,99950,100,100065,100,99947,100,100066,100,99946,100,100068,100,99941,100,100072,100,99910,100
2019-06-28 09:33:54.689174609,99973,300,99963,406,99990,206,99962,206,100005,206,99956,206,100014,206,99955,206,100017,100,99952,100,100041,100,99950,100,100065,100,99947,100,100066,100,99946,100,100068,100,99941,100,100072,100,99910,100
2019-06-28 09:34:00.000000000,99973,339,99963,445,99990,241,99962,241,100005,241,99956,241,100014,100,99955,100,100017,100,99952,100,100041,100,99950,100,100065,100,99947,100,100066,100,99946,100,100068,100,99941,100,100072,100,99910,100
2019-06-28 09:34:03.820090907,99973,339,99963,445,99990,241,99962,241,100005,241,99956,241,100014,100,99955,100,100017,100,99952,100,100041,100,99950,100,100065,100,99947,100,100066,100,99946,100,100068,100,99941,100,100072,100,99910,100
2019-06-28 09:34:10.000000000,99973,407,99963,513,99990,313,99962,313,100005,100,99956,100,100014,100,99955,100,100017,100,99952,100,100041,100,99950,100,100065,100,99947,100,100066,100,99946,100,100068,100,99941,100,100072,100,99910,100
2019-06-28 09:34:12.880349901,99973,407,99963,513,99990,313,99962,313,100005,100,99956,100,100014,200,99955,100,100017,100,99952,100,100041,100,99950,100,100065,100,99947,100,100066,100,99946,100,100068,100,99941,100,100072,100,99910,100
2019-06-28 09:34:17.218652856,99973,407,99963,513,99990,313,99962,313,100005,100,99956,100,100014,200,99955,100,100017,100,99952,100,100041,100,99950,100,100065,100,99947,100,100066,100,99946,100,100068,100,99941,100,100072,100,99903,100
2019-06-28 09:34:20.000000000,99973,339,99963,445,99990,241,99962,241,100005,241,99956,241,100014,200,99955,100,100017,100,99952,100,100041,100,99950,100,100065,100,99947,100,100066,100,99946,100,100068,100,99941,100,100072,100,99903,100
2019-06-28 09:34:26.629108685,99973,239,99963,445,99990,241,99962,241,100005,241,99956,241,100014,200,99955,100,100017,100,99952,100,100041,100,99950,100,100065,100,99947,100,100066,100,99946,100,100068,100,99941,100,100072,100,99903,100
2019-06-28 09:34:30.000000000,99973,520,99963,726,99990,100,99962,100,100005,100,99956,100,100014,200,99955,100,100017,100,99952,100,100041,100,99950,100,100065,100,99947,100,100066,100,99946,100,100068,100,99941,100,100072,100,99903,100
2019-06-28 09:34:30.534945805,99972,100,99963,726,99973,520,99962,100,99990,100,99956,100,100005,100,99955,100,100014,200,99952,100,100017,100,99950,100,100041,100,99947,100,100065,100,99946,100,100066,100,99941,100,100068,100,99903,100
2019-06-28 09:34:35.305251563,99972,100,99964,100,99973,520,99963,726,99990,100,99956,100,100005,100,99955,100,100014,200,99952,100,100017,100,99950,100,100041,100,99947,100,100065,100,99946,100,100066,100,99941,100,100068,100,99903,100
2019-06-28 09:34:35.911623080,99973,520,99964,100,99990,100,99963,726,100005,100,99956,100,100014,200,99955,100,100017,100,99952,100,100041,100,99950,100,100066,100,99947,100,100068,100,99946,100,100072,100,99941,100,100092,100,99903,100
2019-06-28 09:34:40.000000000,99973,200,99964,206,99990,206,99963,406,100005,206,99956,206,100014,306,99955,206,100017,100,99952,100,100041,100,99950,100,100066,100,99947,100,100068,100,99946,100,100072,100,99941,100,100092,100,99903,100
2019-06-28 09:34:50.000000000,99973,200,99964,206,99990,206,99963,406,100005,206,99956,206,100014,306,99955,206,100017,100,99952,100,100041,100,99950,100,100066,100,99947,100,100068,100,99946,100,100072,100,99941,100,100092,100,99903,100
2019-06-28 09:35:00.000000000,99973,179,99964,185,99990,185,99963,385,100005,185,99956,185,100014,285,99955,185,100017,185,99952,185,100041,100,99950,100,100066,100,99947,100,100068,100,99946,100,100072,100,99941,100,100092,100,99903,100
2019-06-28 09:35:06.904198958,99973,179,99964,185,99990,185,99963,385,100005,185,99956,185,100014,285,99955,185,100017,185,99952,185,100041,100,99950,100,100066,100,99947,100,100068,100,99946,100,100072,100,99941,100,100092,100,99903,100
2019-06-28 09:35:10.000000000,99973,307,99964,313,99990,313,99963,513,100005,100,99956,100,100014,200,99955,100,100017,100,99952,100,100041,100,99950,100,100066,100,99947,100,100068,100,99946,100,100072,100,99941,100,100092,100,99903,100
2019-06-28 09:35:13.683709461,99972,100,99964,313,99973,307,99963,513,99990,213,99956,100,100005,100,99955,100,100014,200,99952,100,100017,100,99950,100,100041,100,99947,100,100066,100,99946,100,100068,100,99941,100,100072,100,99903,100
2019-06-28 09:35:20.000000000,99972,313,99964,313,99973,307,99963,513,100005,100,99956,100,100014,200,99955,100,100017,100,99952,100,100041,100,99950,100,100066,100,99947,100,100068,100,99946,100,100072,100,99941,100,100092,100,99903,100
2019-06-28 09:35:20.069008472,99972,313,99964,213,99973,307,99963,513,100005,100,99956,100,100014,200,99955,100,100017,100,99952,100,100041,100,99950,100,100066,100,99947,100,100068,100,99946,100,100072,100,99941,100,100092,100,99903,100
2019-06-28 09:35:30.000000000,99972,206,99963,406,99973,200,99956,206,100005,206,99955,206,100014,306,99952,206,100017,100,99950,100,100041,100,99947,100,100066,100,99946,100,100068,100,99941,100,100072,100,99903,100,100092,100,99901,100
2019-06-28 09:35:37.952189886,99972,106,99963,406,99973,200,99956,206,100005,206,99955,206,100014,306,99952,206,100017,100,99950,100,100041,100,99947,100,100066,100,99946,100,100068,100,99941,100,100072,100,99903,100,100092,100,99901,100
2019-06-28 09:35:40.000000000,99973,520,99963,726,100005,100,99956,100,100014,200,99955,100,100017,100,99952,100,100041,100,99950,100,100066,100,99947,100,100068,100,99946,100,100072,100,99941,100,100092,100,99903,100,100094,100,99901,100
2019-06-28 09:35:50.000000000,99973,239,99963,445,100005,241,99956,241,100014,341,99955,241,100017,100,99952,100,100041,100,99950,100,100066,100,99947,100,100068,100,99946,100,100072,100,99941,100,100092,100,99903,100,100094,100,99901,100
2019-06-28 09:36:00.000000000,99973,307,99963,513,100005,313,99956,313,100014,200,99955,100,100017,100,99952,100,100041,100,99950,100,100066,100,99947,100,100068,100,99946,100,100072,100,99941,100,100092,100,99903,100,100094,100,99901,100
2019-06-28 09:36:10.000000000,99973,200,99963,406,100005,206,99956,206,100014,306,99955,206,100017,206,99952,206,100041,100,99950,100,100066,100,99947,100,100068,100,99946,100,100072,100,99941,100,100092,100,99903,100,100094,100,99901,100
2019-06-28 09:36:20.000000000,99973,200,99963,406,100005,206,99956,206,100014,306,99955,206,100017,206,99952,206,100041,100,99950,100,100066,100,99947,100,100068,100,99946,100,100072,100,99941,100,100092,100,99903,100,100094,100,99901,100
2019-06-28 09:36:30.000000000,99973,239,99963,445,100005,241,99956,241,100014,341,99955,241,100017,100,99952,100,100041,100,99950,100,100066,100,99947,100,100068,100,99946,100,100072,100,99941,100,100092,100,99903,100,100094,100,99901,100
2019-06-28 09:36:32.968419657,99971,100,99963,345,99973,239,99956,241,100005,241,99955,241,100014,341,99952,100,100017,100,99950,100,100041,100,99947,100,100066,100,99946,100,100068,100,99941,100,100072,100,99903,100,100092,100,99901,100
2019-06-28 09:36:34.427013141,99971,100,99963,245,99973,239,99956,241,100005,241,99955,241,100014,341,99952,100,100017,100,99950,100,100041,100,99947,100,100066,100,99946,100,100068,100,99941,100,100072,100,99903,100,100092,100,99901,100
2019-06-28 09:36:40.000000000,99971,245,99963,245,99973,235,99956,241,100005,241,99955,241,100014,200,99952,100,100017,100,99950,100,100041,100,99947,100,100066,100,99946,100,100068,100,99941,100,100072,100,99903,100,100092,100,99901,100
2019-06-28 09:36:41.029014028,99970,100,99963,245,99971,245,99956,241,99973,235,99955,241,100005,241,99952,100,100014,200,99950,100,100017,100,99947,100,100041,100,99946,100,100066,100,99941,100,100068,100,99903,100,100072,100,99901,100
2019-06-28 09:36:50.000000000,99970,185,99963,185,99971,185,99956,185,99973,179,99955,185,100005,185,99952,185,100014,285,99950,185,100017,100,99947,100,100041,100,99946,100,100066,100,99941,100,100068,100,99903,100,100072,100,99901,100
2019-06-28 09:36:52.014599825,99970,285,99963,185,99971,185,99956,185,99973,179,99955,185,100005,185,99952,185,100014,285,99950,185,100017,100,99947,100,100041,100,99946,100,100066,100,99941,100,100068,100,99903,100,100072,100,99901,100
2019-06-28 09:37:00.000000000,99970,306,99963,206,99971,206,99956,206,99973,200,99955,206,100005,206,99952,206,100014,200,99950,100,100017,100,99947,100,100041,100,99946,100,100066,100,99941,100,100068,100,99903,100,100072,100,99901,100
2019-06-28 09:37:05.330723886,99970,306,99963,106,99971,206,99956,206,99973,200,99955,206,100005,206,99952,206,100014,200,99950,100,100017,100,99947,100,100066,100,99946,100,100068,100,99941,100,100072,100,99903,100,100092,100,99901,100
2019-06-28 09:37:10.000000000,99970,626,99956,526,99971,100,99955,100,99973,94,99952,100,100005,100,99950,100,100014,200,99947,100,100017,100,99946,100,100066,100,99941,100,100068,100,99903,100,100072,100,99901,100,100092,100,99893,100
2019-06-28 09:37:20.000000000,99970,345,99956,245,99971,241,99955,241,99973,235,99952,241,100005,100,99950,100,100014,200,99947,100,100017,100,99946,100,100066,100,99941,100,100068,100,99903,100,100072,100,99901,100,100092,100,99893,100
2019-06-28 09:37:20.063487906,99970,345,99956,145,99971,241,99955,241,99973,235,99952,241,100005,100,99950,100,100014,200,99947,100,100017,100,99946,100,100066,100,99941,100,100068,100,99903,100,100072,100,99901,100,100092,100,99893,100
2019-06-28 09:37:28.343580619,99963,100,99956,145,99970,345,99955,241,99971,241,99952,241,99973,235,99950,100,100005,100,99947,100,100014,200,99946,100,100017,100,99941,100,100066,100,99903,100,100068,100,99901,100,100072,100,99893,100
2019-06-28 09:37:30.000000000,99963,245,99955,245,99970,341,99952,241,99971,241,99950,241,99973,94,99947,100,100005,100,99946,100,100014,200,99941,100,100017,100,99903,100,100066,100,99901,100,100068,100,99893,100,100072,100,99889,100
2019-06-28 09:37:40.000000000,99963,526,99955,526,99970,200,99952,100,99971,100,99950,100,99973,94,99947,100,100005,100,99946,100,100014,200,99941,100,100017,100,99903,100,100066,100,99901,100,100068,100,99893,100,100072,100,99889,100
2019-06-28 09:37:45.501943236,99963,626,99955,526,99970,200,99952,100,99971,100,99950,100,99973,94,99947,100,100005,100,99946,100,100014,200,99941,100,100017,100,99903,100,100066,100,99901,100,100068,100,99893,100,100072,100,99889,100
2019-06-28 09:37:50.000000000,99963,345,99955,245,99970,341,99952,241,99971,241,99950,241,99973,94,99947,100,100005,100,99946,100,100014,200,99941,100,100017,100,99903,100,100066,100,99901,100,100068,100,99893,100,100072,100,99889,100
2019-06-28 09:38:00.000000000,99963,306,99955,206,99970,306,99952,206,99971,206,99950,206,99973,200,99947,206,100005,100,99946,100,100014,200,99941,100,100017,100,99903,100,100066,100,99901,100,100068,100,99893,100,100072,100,99889,100
2019-06-28 09:38:10.000000000,99963,626,99955,526,99970,200,99952,100,99971,100,99950,100,99973,94,99947,100,100005,100,99946,100,100014,200,99941,100,100017,100,99903,100,100066,100,99901,100,100068,100,99893,100,100072,100,99889,100
2019-06-28 09:38:20.000000000,99963,306,99955,206,99970,306,99952,206,99971,206,99950,206,99973,200,99947,206,100005,100,99946,100,100014,200,99941,100,100017,100,99903,100,100066,100,99901,100,100068,100,99893,100,100072,100,99889,100
2019-06-28 09:38:30.000000000,99963,285,99955,185,99970,285,99952,185,99971,185,99950,185,99973,179,99947,185,100005,185,99946,185,100014,200,99941,100,100017,100,99903,100,100066,100,99901,100,100068,100,99893,100,100072,100,99889,100
2019-06-28 09:38:40.000000000,99963,345,99955,245,99970,341,99952,241,99971,241,99950,241,99973,94,99947,100,100005,100,99946,100,100014,200,99941,100,100017,100,99903,100,100066,100,99901,100,100068,100,99893,100,100072,100,99889,100
2019-06-28 09:38:42.162533742,99963,345,99955,145,99970,341,99952,241,99971,241,99950,241,99973,94,99947,100,100005,100,99946,100,100014,200,99941,100,100017,100,99903,100,100066,100,99901,100,100068,100,99893,100,100072,100,99889,100
2019-06-28 09:38:50.000000000,99963,413,99952,313,99970,413,99950,313,99971,100,99947,100,99973,94,99946,100,100005,100,99941,100,100014,200,99903,100,100017,100,99901,100,100066,100,99893,100,100068,100,99889,100,100072,100,99857,100
2019-06-28 09:39:00.000000000,99963,306,99952,206,99970,306,99950,206,99971,206,99947,206,99973,200,99946,206,100005,100,99941,100,100014,200,99903,100,100017,100,99901,100,100066,100,99893,100,100068,100,99889,100,100072,100,99857,100
2019-06-28 09:39:10.000000000,99963,306,99952,206,99970,306,99950,206,99971,206,99947,206,99973,200,99946,206,100005,100,99941,100,100014,200,99903,100,100017,100,99901,100,100066,100,99893,100,100068,100,99889,100,100072,100,99857,100
2019-06-28 09:39:13.704140605,99963,306,99952,206,99970,306,99950,206,99971,206,99947,206,99973,200,99946,206,100005,100,99941,100,100014,200,99903,100,100017,100,99901,100,100066,100,99893,100,100068,100,99889,100,100072,100,99857,100
2019-06-28 09:39:20.000000000,99963,285,99952,185,99970,285,99950,185,99971,185,99947,185,99973,179,99946,185,100005,185,99941,185,100014,200,99903,100,100017,100,99901,100,100066,100,99893,100,100068,100,99889,100,100072,100,99857,100
2019-06-28 09:39:29.304357221,99963,285,99952,185,99970,285,99950,185,99971,185,99947,185,99973,179,99946,185,100005,185,99941,185,100014,200,99903,100,100017,100,99901,100,100066,100,99893,100,100068,100,99889,100,100072,100,99857,100
2019-06-28 09:39:30.000000000,99963,413,99952,313,99970,413,99950,313,99971,100,99947,100,99973,94,99946,100,100005,100,99941,100,100014,200,99903,100,100017,100,99901,100,100066,100,99893,100,100068,100,99889,100,100072,100,99857,100
2019-06-28 09:39:40.000000000,99963,626,99952,526,99970,200,99950,100,99971,100,99947,100,99973,94,99946,100,100005,100,99941,100,100014,200,99903,100,100017,100,99901,100,100066,100,99893,100,100068,100,99889,100,100072,100,99857,100
2019-06-28 09:39:47.645269088,99963,626,99952,526,99970,200,99950,100,99971,100,99947,100,99973,94,99946,100,100005,100,99941,100,100014,200,99903,100,100017,100,99901,100,100066,100,99893,100,100068,100,99889,100,100072,100,99857,100
2019-06-28 09:39:50.000000000,99963,345,99952,245,99970,341,99950,241,99971,241,99947,241,99973,94,99946,100,100005,100,99941,100,100014,200,99903,100,100017,100,99901,100,100066,100,99893,100,100068,100,99889,100,100072,100,99857,100
2019-06-28 09:39:57.468936135,99956,100,99952,245,99963,345,99950,241,99970,241,99947,241,99971,241,99946,100,99973,94,99941,100,100005,100,99903,100,100014,200,99901,100,100017,100,99893,100,100066,100,99889,100,100068,100,99857,100
2019-06-28 09:40:00.000000000,99956,206,99952,206,99963,306,99950,206,99970,206,99947,206,99971,206,99946,206,99973,94,99941,100,100005,100,99903,100,100014,200,99901,100,100017,100,99893,100,100066,100,99889,100,100068,100,99857,100
2019-06-28 09:40:09.167516320,99956,306,99952,206,99963,306,99950,206,99970,106,99947,206,99971,206,99946,206,99973,94,99941,100,100005,100,99903,100,100014,200,99901,100,100017,100,99893,100,100066,100,99889,100,100068,100,99857,100
2019-06-28 09:40:10.000000000,99956,345,99952,245,99963,341,99950,241,99971,241,99947,241,99973,94,99946,100,100005,100,99941,100,100014,200,99903,100,100017,100,99901,100,100066,100,99893,100,100068,100,99889,100,100072,100,99857,100
2019-06-28 09:40:20.000000000,99956,345,99952,245,99963,341,99950,241,99971,241,99947,241,99973,94,99946,100,100005,100,99941,100,100014,200,99903,100,100017,100,99901,100,100066,100,99893,100,100068,100,99889,100,100072,100,99857,100
2019-06-28 09:40:27.169621244,99956,445,99952,245,99963,341,99950,241,99971,241,99947,241,99973,94,99946,100,100005,100,99941,100,100014,200,99903,100,100017,100,99901,100,100066,100,99893,100,100068,100,99889,100,100072,100,99857,100
2019-06-28 09:40:30.000000000,99956,726,99952,526,99963,200,99950,100,99971,100,99947,100,99973,94,99946,100,100005,100,99941,100,100014,200,99903,100,100017,100,99901,100,100066,100,99893,100,100068,100,99889,100,100072,100,99857,100
2019-06-28 09:40:30.422427539,99956,726,99952,426,99963,200,99950,100,99971,100,99947,100,99973,94,99946,100,100005,100,99941,100,100014,200,99903,100,100017,100,99901,100,100066,100,99893,100,100068,100,99889,100,100072,100,99857,100
2019-06-28 09:40:34.913440918,99956,726,99952,426,99963,200,99950,100,99971,100,99947,100,99973,94,99946,100,100005,100,99941,100,100014,200,99903,100,100017,100,99901,100,100066,100,99893,100,100068,100,99889,100,100072,100,99857,100
2019-06-28 09:40:40.000000000,99956,513,99950,313,99963,413,99947,313,99971,100,99946,100,99973,94,99941,100,100005,100,99903,100,100014,200,99901,100,100017,100,99893,100,100066,100,99889,100,100068,100,99857,100,100072,100,99815,100
2019-06-28 09:40:50.000000000,99956,406,99950,206,99963,306,99947,206,99971,206,99946,206,99973,200,99941,206,100005,100,99903,100,100014,200,99901,100,100017,100,99893,100,100066,100,99889,100,100068,100,99857,100,100072,100,99815,100
2019-06-28 09:41:00.000000000,99956,513,99950,313,99963,413,99947,313,99971,100,99946,100,99973,94,99941,100,100005,100,99903,100,100014,200,99901,100,100017,100,99893,100,100066,100,99889,100,100068,100,99857,100,100072,100,99815,100
2019-06-28 09:41:07.413669257,99955,100,99950,313,99956,513,99947,213,99963,413,99946,100,99971,100,99941,100,99973,94,99903,100,100005,100,99901,100,100014,200,99893,100,100017,100,99889,100,100066,100,99857,100,100068,100,99815,100
2019-06-28 09:41:10.000000000,99955,185,99950,185,99956,385,99946,185,99963,285,99941,185,99971,185,99903,185,99973,179,99901,185,100005,100,99893,100,100014,200,99889,100,100017,100,99857,100,100066,100,99815,100,100068,100,99811,100
2019-06-28 09:41:20.000000000,99955,313,99950,313,99956,513,99946,313,99963,200,99941,100,99971,100,99903,100,99973,94,99901,100,100005,100,99893,100,100014,200,99889,100,100017,100,99857,100,100066,100,99815,100,100068,100,99811,100
2019-06-28 09:41:25.361154620,99955,313,99950,213,99956,513,99946,313,99963,200,99941,100,99971,100,99903,100,99973,94,99901,100,100005,100,99893,100,100014,200,99889,100,100017,100,99857,100,100066,100,99815,100,100068,100,99811,100
2019-06-28 09:41:30.000000000,99955,313,99946,313,99956,513,99941,313,99963,200,99903,100,99971,100,99901,100,99973,94,99893,100,100005,100,99889,100,100014,200,99857,100,100017,100,99815,100,100066,100,99811,100,100068,100,99805,100
2019-06-28 09:41:40.000000000,99955,206,99946,206,99956,406,99941,206,99963,306,99903,206,99971,206,99901,206,99973,94,99893,100,100005,100,99889,100,100014,200,99857,100,100017,100,99815,100,100066,100,99811,100,100068,100,99805,100
2019-06-28 09:41:50.000000000,99955,313,99946,313,99956,513,99941,313,99963,200,99903,100,99971,100,99901,100,99973,94,99893,100,100005,100,99889,100,100014,200,99857,100,100017,100,99815,100,100066,100,99811,100,100068,100,99805,100
2019-06-28 09:41:57.968999254,99955,313,99946,313,99956,513,99941,313,99963,200,99903,100,99971,100,99901,100,99973,94,99893,100,100005,100,99889,100,100014,200,99857,100,100017,100,99811,100,100066,100,99805,100,100068,100,99737,100
2019-06-28 09:42:00.000000000,99955,206,99946,206,99956,406,99941,206,99963,306,99903,206,99971,206,99901,206,99973,94,99893,100,100005,100,99889,100,100014,200,99857,100,100017,100,99811,100,100066,100,99805,100,100068,100,99737,100
2019-06-28 09:42:10.000000000,99955,313,99946,313,99956,513,99941,313,99963,200,99903,100,99971,100,99901,100,99973,94,99893,100,100005,100,99889,100,100014,200,99857,100,100017,100,99811,100,100066,100,99805,100,100068,100,99737,100
2019-06-28 09:42:20.000000000,99955,245,99946,245,99956,441,99941,241,99963,341,99903,241,99971,100,99901,100,99973,94,99893,100,100005,100,99889,100,100014,200,99857,100,100017,100,99811,100,100066,100,99805,100,100068,100,99737,100
2019-06-28 09:42:30.000000000,99955,245,99946,245,99956,441,99941,241,99963,341,99903,241,99971,100,99901,100,99973,94,99893,100,100005,100,99889,100,100014,200,99857,100,100017,100,99811,100,100066,100,99805,100,100068,100,99737,100
2019-06-28 09:42:35.370141422,99955,245,99946,245,99956,441,99941,241,99963,341,99903,241,99971,100,99901,100,99973,94,99893,100,100005,100,99889,100,100014,200,99857,100,100066,100,99811,100,100068,100,99805,100,100072,100,99737,100
2019-06-28 09:42:40.000000000,99955,245,99946,245,99956,441,99941,241,99963,341,99903,241,99971,100,99901,100,99973,94,99893,100,100005,100,99889,100,100014,200,99857,100,100066,100,99811,100,100068,100,99805,100,100072,100,99737,100
2019-06-28 09:42:50.000000000,99955,185,99946,185,99956,385,99941,185,99963,285,99903,185,99971,185,99901,185,99973,179,99893,185,100005,100,99889,100,100014,200,99857,100,100066,100,99811,100,100068,100,99805,100,100072,100,99737,100
2019-06-28 09:43:00.000000000,99955,245,99946,245,99956,441,99941,241,99963,341,99903,241,99971,100,99901,100,99973,94,99893,100,100005,100,99889,100,100014,200,99857,100,100066,100,99811,100,100068,100,99805,100,100072,100,99737,100
2019-06-28 09:43:10.000000000,99955,245,99946,245,99956,441,99941,241,99963,341,99903,241,99971,100,99901,100,99973,94,99893,100,100005,100,99889,100,100014,200,99857,100,100066,100,99811,100,100068,100,99805,100,100072,100,99737,100
2019-06-28 09:43:20.000000000,99955,206,99946,206,99956,406,99941,206,99963,306,99903,206,99971,206,99901,206,99973,94,99893,100,100005,100,99889,100,100014,200,99857,100,100066,100,99811,100,100068,100,99805,100,100072,100,99737,100
2019-06-28 09:43:30.000000000,99955,206,99946,206,99956,406,99941,206,99963,306,99903,206,99971,206,99901,206,99973,94,99893,100,100005,100,99889,100,100014,200,99857,100,100066,100,99811,100,100068,100,99805,100,100072,100,99737,100
2019-06-28 09:43:33.059489808,99955,206,99946,206,99956,406,99941,106,99963,306,99903,206,99971,206,99901,206,99973,94,99893,100,100005,100,99889,100,100014,200,99857,100,100066,100,99811,100,100068,100,99805,100,100072,100,99737,100
2019-06-28 09:43:36.935658142,99955,206,99946,106,99956,406,99941,106,99963,306,99903,206,99971,206,99901,206,99973,94,99893,100,100005,100,99889,100,100014,200,99857,100,100068,100,99811,100,100072,100,99805,100,100092,100,99737,100
2019-06-28 09:43:38.920122548,99955,206,99946,6,99956,406,99941,106,99963,306,99903,206,99971,206,99901,206,99973,94,99893,100,100005,100,99889,100,100014,200,99857,100,100068,100,99811,100,100072,100,99805,100,100092,100,99737,100
2019-06-28 09:43:40.000000000,99955,206,99903,206,99956,406,99901,206,99963,306,99893,206,99971,206,99889,206,99973,94,99857,100,100005,100,99811,100,100014,200,99805,100,100068,100,99737,100,100072,100,99631,100,100092,100,99248,100
2019-06-28 09:43:42.888066951,99955,206,99903,206,99956,406,99901,206,99963,306,99893,206,99971,206,99889,206,99973,94,99857,100,100005,100,99811,100,100014,200,99805,100,100068,100,99737,100,100072,100,99631,100,100092,100,99248,100
2019-06-28 09:43:50.000000000,99955,313,99903,313,99956,513,99901,313,99963,200,99893,100,99971,100,99889,100,99973,94,99857,100,100005,100,99811,100,100014,200,99805,100,100068,100,99737,100,100072,100,99631,100,100092,100,99248,100
2019-06-28 09:44:00.000000000,99955,185,99903,185,99956,385,99901,185,99963,285,99893,185,99971,185,99889,185,99973,179,99857,185,100005,100,99811,100,100014,200,99805,100,100068,100,99737,100,100072,100,99631,100,100092,100,99248,100
2019-06-28 09:44:01.530723595,99955,185,99903,185,99956,385,99901,185,99963,285,99893,185,99971,185,99889,185,99973,179,99857,185,100005,100,99811,100,100014,200,99805,100,100068,100,99737,100,100072,100,99631,100,100092,100,99248,100
2019-06-28 09:44:10.000000000,99955,206,99903,206,99956,406,99901,206,99963,306,99893,206,99971,206,99889,206,99973,94,99857,100,100005,100,99811,100,100014,200,99805,100,100068,100,99737,100,100072,100,99631,100,100092,100,99248,100
2019-06-28 09:44:10.842152526,99955,206,99903,206,99956,406,99901,206,99963,306,99893,206,99971,206,99889,206,99973,94,99857,100,100005,100,99811,100,100014,200,99805,100,100068,100,99737,100,100072,100,99631,100,100092,100,99248,100
2019-06-28 09:44:17.132929930,99946,100,99903,206,99955,206,99901,206,99956,406,99893,206,99963,306,99889,206,99971,206,99857,100,99973,94,99811,100,100005,100,99805,100,100014,200,99737,100,100068,100,99631,100,100072,100,99248,100
2019-06-28 09:44:20.000000000,99946,526,99903,526,99955,100,99901,100,99956,300,99893,100,99963,200,99889,100,99971,100,99857,100,99973,94,99811,100,100005,100,99805,100,100014,200,99737,100,100068,100,99631,100,100072,100,99248,100
2019-06-28 09:44:28.061323139,99946,526,99903,426,99955,100,99901,100,99956,300,99893,100,99963,200,99889,100,99971,100,99857,100,99973,94,99811,100,100005,100,99805,100,100014,200,99737,100,100072,100,99631,100,100092,100,99248,100
2019-06-28 09:44:30.000000000,99946,526,99901,526,99955,100,99893,100,99956,300,99889,100,99963,200,99857,100,99971,100,99811,100,99973,94,99805,100,100005,100,99737,100,100014,200,99631,100,100072,100,99248,100,100092,100,99181,100
2019-06-28 09:44:32.779604268,99946,526,99901,426,99955,100,99893,100,99956,300,99889,100,99963,200,99857,100,99971,100,99811,100,99973,94,99805,100,100005,100,99737,100,100014,200,99631,100,100072,100,99248,100,100092,100,99181,100
2019-06-28 09:44:40.000000000,99946,185,99893,185,99955,185,99889,185,99956,385,99857,185,99963,285,99811,185,99971,185,99805,185,99973,94,99737,100,100005,100,99631,100,100014,200,99248,100,100072,100,99181,100,100092,100,99063,100
2019-06-28 09:44:50.000000000,99946,313,99893,313,99955,313,99889,313,99956,300,99857,100,99963,200,99811,100,99971,100,99805,100,99973,94,99737,100,100005,100,99631,100,100014,200,99248,100,100072,100,99181,100,100092,100,99063,100
2019-06-28 09:44:54.361535588,99946,313,99893,213,99955,313,99889,313,99956,300,99857,100,99963,200,99811,100,99971,100,99805,100,99973,94,99737,100,100005,100,99631,100,100014,200,99248,100,100072,100,99181,100,100092,100,99063,100
2019-06-28 09:45:00.000000000,99946,185,99889,185,99955,185,99857,185,99956,385,99811,185,99963,285,99805,185,99971,185,99737,185,99973,94,99631,100,100005,100,99248,100,100014,200,99181,100,100072,100,99063,100,100092,100,99014,100
2019-06-28 09:45:05.384989576,99946,185,99889,85,99955,185,99857,185,99956,385,99811,185,99963,285,99805,185,99971,185,99737,185,99973,94,99631,100,100005,100,99248,100,100014,200,99181,100,100072,100,99063,100,100094,100,99014,100
2019-06-28 09:45:10.000000000,99946,245,99857,245,99955,241,99811,241,99956,441,99805,241,99963,200,99737,100,99971,100,99631,100,99973,94,99248,100,100005,100,99181,100,100014,200,99063,100,100072,100,99014,100,100094,100,98844,100
2019-06-28 09:45:20.000000000,99946,185,99857,185,99955,185,99811,185,99956,385,99805,185,99963,285,99737,185,99971,185,99631,185,99973,94,99248,100,100005,100,99181,100,100014,200,99063,100,100072,100,99014,100,100094,100,98844,100
2019-06-28 09:45:30.000000000,99946,206,99857,206,99955,206,99811,206,99956,406,99805,206,99963,306,99737,206,99971,100,99631,100,99973,94,99248,100,100005,100,99181,100,100014,200,99063,100,100072,100,99014,100,100094,100,98844,100
2019-06-28 09:45:30.684249450,99946,206,99857,106,99955,206,99811,206,99956,406,99805,206,99963,306,99737,206,99971,100,99631,100,99973,94,99248,100,100005,100,99181,100,100014,200,99063,100,100072,100,99014,100,100094,100,98844,100
2019-06-28 09:45:33.398657076,99946,206,99857,106,99955,206,99811,206,99956,406,99805,206,99963,306,99737,206,99971,100,99631,100,99973,94,99248,100,100005,100,99181,100,100014,200,99063,100,100072,100,99014,100,100094,100,98844,100
2019-06-28 09:45:40.000000000,99946,526,99811,526,99955,100,99805,100,99956,300,99737,100,99963,200,99631,100,99971,100,99248,100,99973,94,99181,100,100005,100,99063,100,100014,200,99014,100,100072,100,98844,100,100094,100,98777,100
2019-06-28 09:45:50.000000000,99946,245,99811,245,99955,241,99805,241,99956,441,99737,241,99963,200,99631,100,99971,100,99248,100,99973,94,99181,100,100005,100,99063,100,100014,200,99014,100,100072,100,98844,100,100094,100,98777,100
2019-06-28 09:46:00.000000000,99946,526,99811,526,99955,100,99805,100,99956,300,99737,100,99963,200,99631,100,99971,100,99248,100,99973,94,99181,100,100005,100,99063,100,100014,200,99014,100,100072,100,98844,100,100094,100,98777,100
2019-06-28 09:46:10.000000000,99946,185,99811,185,99955,185,99805,185,99956,385,99737,185,99963,285,99631,185,99971,185,99248,185,99973,94,99181,100,100005,100,99063,100,100014,200,99014,100,100072,100,98844,100,100094,100,98777,100
2019-06-28 09:46:14.347559506,99946,185,99811,85,99955,185,99805,185,99956,385,99737,185,99963,285,99631,185,99971,185,99248,185,99973,94,99181,100,100014,200,99063,100,100072,100,99014,100,100094,100,98844,100,100100,100,98777,100
2019-06-28 09:46:20.000000000,99946,245,99805,245,99955,241,99737,241,99956,441,99631,241,99963,200,99248,100,99971,100,99181,100,99973,94,99063,100,100014,200,99014,100,100072,100,98844,100,100094,100,98777,100,100100,100,98681,100
2019-06-28 09:46:27.317300627,99946,145,99805,245,99955,241,99737,241,99956,441,99631,241,99963,200,99248,100,99971,100,99181,100,99973,94,99063,100,100014,200,99014,100,100094,100,98844,100,100100,100,98777,100,100105,100,98681,100
2019-06-28 09:46:28.338712547,99946,45,99805,245,99955,241,99737,241,99956,441,99631,241,99963,200,99248,100,99971,100,99181,100,99973,94,99063,100,100014,200,99014,100,100094,100,98844,100,100100,100,98777,100,100105,100,98681,100
2019-06-28 09:46:30.000000000,99955,206,99805,206,99956,406,99737,206,99963,306,99631,206,99971,206,99248,206,99973,94,99181,100,100014,200,99063,100,100094,100,99014,100,100100,100,98844,100,100105,100,98777,100,100114,200,98681,100
2019-06-28 09:46:34.045363350,99955,206,99805,206,99956,406,99737,206,99963,306,99631,206,99971,206,99248,206,99973,94,99181,100,100014,200,99063,100,100064,100,99014,100,100094,100,98844,100,100100,100,98777,100,100105,100,98681,100
2019-06-28 09:46:40.000000000,99955,185,99805,185,99956,385,99737,185,99963,285,99631,185,99971,185,99248,185,99973,179,99181,185,100014,200,99063,100,100064,100,99014,100,100094,100,98844,100,100100,100,98777,100,100105,100,98681,100
2019-06-28 09:46:48.409694850,99955,185,99805,185,99956,385,99737,185,99963,285,99631,185,99971,185,99248,185,99973,179,99181,185,100014,200,99063,100,100064,100,99014,100,100094,100,98844,100,100100,100,98777,100,100105,100,98681,100
2019-06-28 09:46:50.000000000,99955,313,99805,313,99956,513,99737,313,99963,200,99631,100,99971,100,99248,100,99973,94,99181,100,100014,200,99063,100,100064,100,99014,100,100094,100,98844,100,100100,100,98777,100,100105,100,98681,100
2019-06-28 09:46:51.034184070,99955,313,99805,313,99956,513,99737,313,99963,200,99631,100,99971,100,99248,100,99973,94,99181,100,100014,200,99063,100,100064,100,99014,100,100094,100,98844,100,100100,100,98777,100,100105,100,98681,100
2019-06-28 09:47:00.000000000,99955,206,99805,206,99956,406,99737,206,99963,306,99631,206,99971,206,99248,206,99973,94,99181,100,100014,200,99063,100,100064,100,99014,100,100094,100,98844,100,100100,100,98777,100,100105,100,98681,100
2019-06-28 09:47:10.000000000,99955,313,99805,313,99956,513,99737,313,99963,200,99631,100,99971,100,99248,100,99973,94,99181,100,100014,200,99063,100,100064,100,99014,100,100094,100,98844,100,100100,100,98777,100,100105,100,98681,100
2019-06-28 09:47:20.000000000,99955,245,99805,245,99956,441,99737,241,99963,341,99631,241,99971,100,99248,100,99973,94,99181,100,100014,200,99063,100,100064,100,99014,100,100094,100,98844,100,100100,100,98777,100,100105,100,98681,100
2019-06-28 09:47:30.000000000,99955,526,99805,526,99956,300,99737,100,99963,200,99631,100,99971,100,99248,100,99973,94,99181,100,100014,200,99063,100,100064,100,99014,100,100094,100,98844,100,100100,100,98777,100,100105,100,98681,100
2019-06-28 09:47:32.260922993,99955,526,99946,100,99956,300,99805,526,99963,200,99737,100,99971,100,99631,100,99973,94,99248,100,100014,200,99181,100,100064,100,99063,100,100094,100,99014,100,100100,100,98844,100,100105,100,98777,100
2019-06-28 09:47:40.000000000,99955,206,99946,206,99956,406,99805,206,99963,306,99737,206,99971,206,99631,206,99973,94,99248,100,100014,200,99181,100,100064,100,99063,100,100094,100,99014,100,100100,100,98844,100,100105,100,98777,100
2019-06-28 09:47:48.465449291,99955,206,99946,206,99956,406,99805,206,99963,306,99737,206,99971,206,99631,206,99973,94,99248,100,100014,200,99181,100,100043,100,99063,100,100064,100,99014,100,100094,100,98844,100,100100,100,98777,100
2019-06-28 09:47:50.000000000,99955,185,99946,185,99956,385,99805,185,99963,285,99737,185,99971,185,99631,185,99973,179,99248,185,100014,200,99181,100,100043,100,99063,100,100064,100,99014,100,100094,100,98844,100,100100,100,98777,100
2019-06-28 09:48:00.000000000,99955,313,99946,313,99956,513,99805,313,99963,200,99737,100,99971,100,99631,100,99973,94,99248,100,100014,200,99181,100,100043,100,99063,100,100064,100,99014,100,100094,100,98844,100,100100,100,98777,100
2019-06-28 09:48:04.280880658,99955,213,99946,413,99956,513,99805,313,99963,200,99737,100,99971,100,99631,100,99973,94,99248,100,100014,200,99181,100,100043,100,99063,100,100064,100,99014,100,100094,100,98844,100,100100,100,98777,100
2019-06-28 09:48:07.425622598,99955,213,99946,413,99956,513,99832,100,99963,200,99805,313,99971,100,99737,100,99973,94,99631,100,100014,200,99248,100,100043,100,99181,100,100064,100,99063,100,100094,100,99014,100,100100,100,98844,100
2019-06-28 09:48:10.000000000,99956,445,99946,345,99963,341,99832,241,99971,241,99805,241,99973,94,99737,100,100014,200,99631,100,100043,100,99248,100,100064,100,99181,100,100094,100,99063,100,100100,100,99014,100,100105,100,98844,100
2019-06-28 09:48:20.000000000,99956,513,99946,413,99963,413,99832,313,99971,100,99805,100,99973,94,99737,100,100014,200,99631,100,100043,100,99248,100,100064,100,99181,100,100094,100,99063,100,100100,100,99014,100,100105,100,98844,100
2019-06-28 09:48:30.000000000,99956,513,99946,413,99963,413,99832,313,99971,100,99805,100,99973,94,99737,100,100014,200,99631,100,100043,100,99248,100,100064,100,99181,100,100094,100,99063,100,100100,100,99014,100,100105,100,98844,100
2019-06-28 09:48:40.000000000,99956,726,99946,626,99963,200,99832,100,99971,100,99805,100,99973,94,99737,100,100014,200,99631,100,100043,100,99248,100,100064,100,99181,100,100094,100,99063,100,100100,100,99014,100,100105,100,98844,100
2019-06-28 09:48:40.858014146,99956,726,99946,626,99963,200,99832,100,99973,94,99805,100,100014,200,99737,100,100043,100,99631,100,100064,100,99248,100,100094,100,99181,100,100100,100,99063,100,100105,100,99014,100,100114,200,98844,100
2019-06-28 09:48:50.000000000,99956,406,99946,306,99963,306,99832,206,99973,200,99805,206,100014,306,99737,206,100043,100,99631,100,100064,100,99248,100,100094,100,99181,100,100100,100,99063,100,100105,100,99014,100,100114,200,98844,100
2019-06-28 09:48:54.710109875,99956,406,99946,306,99963,306,99832,206,99973,200,99805,206,100014,306,99737,206,100043,100,99631,100,100064,100,99248,100,100094,100,99181,100,100100,100,99063,100,100105,100,99014,100,100114,200,98844,100
2019-06-28 09:48:55.534695473,99956,406,99946,306,99963,306,99832,206,99973,200,99805,206,100014,206,99737,206,100043,100,99631,100,100064,100,99248,100,100079,100,99181,100,100094,100,99063,100,100100,100,99014,100,100105,100,98844,100
2019-06-28 09:49:00.000000000,99956,385,99946,285,99963,285,99832,185,99973,179,99805,185,100014,185,99737,185,100043,185,99631,185,100064,100,99248,100,100079,100,99181,100,100094,100,99063,100,100100,100,99014,100,100105,100,98844,100
2019-06-28 09:49:10.000000000,99956,513,99946,413,99963,413,99832,313,99973,94,99805,100,100014,100,99737,100,100043,100,99631,100,100064,100,99248,100,100079,100,99181,100,100094,100,99063,100,100100,100,99014,100,100105,100,98844,100
2019-06-28 09:49:13.934794193,99956,513,99946,413,99963,413,99832,313,100014,100,99805,100,100043,100,99737,100,100064,100,99631,100,100079,100,99248,100,100094,100,99181,100,100100,100,99063,100,100105,100,99014,100,100114,200,98844,100
2019-06-28 09:49:16.717791764,99956,513,99946,413,99963,413,99832,313,100014,100,99805,100,100043,100,99737,100,100064,100,99631,100,100079,100,99248,100,100094,100,99181,100,100100,100,99014,100,100105,100,98844,100,100114,200,98777,100
2019-06-28 09:49:20.000000000,99956,726,99946,626,99963,200,99832,100,100014,100,99805,100,100043,100,99737,100,100064,100,99631,100,100079,100,99248,100,100094,100,99181,100,100100,100,99014,100,100105,100,98844,100,100114,200,98777,100
2019-06-28 09:49:30.000000000,99956,513,99946,413,99963,413,99832,313,100014,100,99805,100,100043,100,99737,100,100064,100,99631,100,100079,100,99248,100,100094,100,99181,100,100100,100,99014,100,100105,100,98844,100,100114,200,98777,100
2019-06-28 09:49:32.962352353,99956,513,99946,413,99963,413,99832,313,100014,100,99805,100,100043,100,99737,100,100064,100,99631,100,100079,100,99248,100,100094,100,99181,100,100100,100,99014,100,100105,100,98844,100,100114,200,98777,100
2019-06-28 09:49:40.000000000,99956,726,99946,626,99963,200,99832,100,100014,100,99805,100,100043,100,99737,100,100064,100,99631,100,100079,100,99248,100,100094,100,99181,100,100100,100,99014,100,100105,100,98844,100,100114,200,98777,100
2019-06-28 09:49:41.829050412,99956,726,99946,626,99963,200,99832,100,100014,100,99805,100,100043,100,99737,100,100064,100,99631,100,100079,100,99248,100,100094,100,99181,100,100100,100,99014,100,100105,100,98844,100,100114,200,98777,100
2019-06-28 09:49:50.000000000,99956,445,99946,345,99963,341,99832,241,100014,241,99805,241,100043,100,99737,100,100064,100,99631,100,100079,100,99248,100,100094,100,99181,100,100100,100,99014,100,100105,100,98844,100,100114,200,98777,100
2019-06-28 09:50:00.000000000,99956,385,99946,285,99963,285,99832,185,100014,185,99805,185,100043,185,99737,185,100064,185,99631,185,100079,100,99248,100,100094,100,99181,100,100100,100,99014,100,100105,100,98844,100,100114,200,98777,100
2019-06-28 09:50:02.230334213,99956,385,99946,285,99963,285,99832,185,100014,185,99805,185,100043,185,99749,100,100064,185,99737,185,100079,100,99631,185,100094,100,99248,100,100100,100,99181,100,100105,100,99014,100,100114,200,98844,100
2019-06-28 09:50:02.268673262,99956,385,99946,285,99963,285,99832,185,100014,185,99805,185,100032,100,99749,100,100043,185,99737,185,100064,185,99631,185,100079,100,99248,100,100094,100,99181,100,100100,100,99014,100,100105,100,98844,100
2019-06-28 09:50:06.426882065,99956,385,99946,285,99963,285,99926,100,100014,185,99832,185,100032,100,99805,185,100043,185,99749,100,100064,185,99737,185,100079,100,99631,185,100094,100,99248,100,100100,100,99181,100,100105,100,99014,100
2019-06-28 09:50:10.000000000,99956,406,99946,306,99963,306,99926,206,100014,206,99832,206,100032,206,99805,206,100043,100,99749,100,100064,100,99737,100,100079,100,99631,100,100094,100,99248,100,100100,100,99181,100,100105,100,99014,100
2019-06-28 09:50:12.751211783,99956,406,99946,306,99963,306,99926,206,100005,100,99832,206,100014,206,99805,206,100032,206,99749,100,100043,100,99737,100,100064,100,99631,100,100079,100,99248,100,100094,100,99181,100,100100,100,99014,100
2019-06-28 09:50:13.007482113,99956,406,99946,306,99963,306,99926,206,100005,100,99832,106,100014,206,99816,100,100032,206,99805,206,100043,100,99749,100,100064,100,99737,100,100079,100,99631,100,100094,100,99248,100,100100,100,99181,100
2019-06-28 09:50:14.474154616,99956,406,99946,206,99963,306,99926,206,100005,100,99832,106,100014,206,99816,100,100032,206,99805,206,100043,100,99749,100,100064,100,99737,100,100079,100,99631,100,100100,100,99248,100,100105,100,99181,100
2019-06-28 09:50:20.000000000,99956,406,99946,206,99963,306,99926,206,100005,206,99816,206,100014,206,99805,206,100032,100,99749,100,100043,100,99737,100,100064,100,99631,100,100079,100,99248,100,100100,100,99181,100,100105,100,99014,100
2019-06-28 09:50:23.134572829,99956,406,99946,106,99963,306,99926,206,100005,206,99816,206,100014,206,99805,206,100032,100,99749,100,100043,100,99737,100,100064,100,99631,100,100079,100,99248,100,100100,100,99181,100,100105,100,99014,100
2019-06-28 09:50:30.000000000,99956,385,99926,185,99963,285,99816,185,100005,185,99805,185,100014,185,99749,185,100032,185,99737,185,100043,100,99631,100,100064,100,99248,100,100079,100,99181,100,100100,100,99014,100,100105,100,98844,100
2019-06-28 09:50:40.000000000,99956,406,99926,206,99963,306,99816,206,100005,206,99805,206,100014,206,99749,206,100032,100,99737,100,100043,100,99631,100,100064,100,99248,100,100079,100,99181,100,100100,100,99014,100,100105,100,98844,100
2019-06-28 09:50:50.000000000,99956,445,99926,245,99963,341,99816,241,100005,241,99805,241,100014,100,99749,100,100032,100,99737,100,100043,100,99631,100,100064,100,99248,100,100079,100,99181,100,100100,100,99014,100,100105,100,98844,100
2019-06-28 09:50:50.048946131,99946,100,99926,245,99956,445,99816,241,99963,341,99805,241,100005,241,99749,100,100014,100,99737,100,100032,100,99631,100,100043,100,99248,100,100064,100,99181,100,100079,100,99014,100,100100,100,98844,100
2019-06-28 09:51:00.000000000,99946,313,99926,313,99956,513,99816,313,99963,200,99805,100,100005,100,99749,100,100014,100,99737,100,100032,100,99631,100,100043,100,99248,100,100064,100,99181,100,100079,100,99014,100,100100,100,98844,100
2019-06-28 09:51:10.000000000,99946,206,99926,206,99956,406,99816,206,99963,306,99805,206,100005,206,99749,206,100014,100,99737,100,100032,100,99631,100,100043,100,99248,100,100064,100,99181,100,100079,100,99014,100,100100,100,98844,100
2019-06-28 09:51:20.000000000,99946,526,99926,526,99956,300,99816,100,99963,200,99805,100,100005,100,99749,100,100014,100,99737,100,100032,100,99631,100,100043,100,99248,100,100064,100,99181,100,100079,100,99014,100,100100,100,98844,100
2019-06-28 09:51:22.717850368,99946,626,99926,526,99956,200,99816,100,99963,200,99805,100,100005,100,99749,100,100014,100,99737,100,100032,100,99631,100,100043,100,99248,100,100064,100,99181,100,100079,100,99014,100,100100,100,98844,100
2019-06-28 09:51:30.000000000,99946,626,99926,526,99956,200,99816,100,99963,200,99805,100,100005,100,99749,100,100014,100,99737,100,100032,100,99631,100,100043,100,99248,100,100064,100,99181,100,100079,100,99014,100,100100,100,98844,100
2019-06-28 09:51:31.687616482,99946,626,99926,526,99956,200,99816,100,99963,200,99805,100,100005,100,99749,100,100014,100,99737,100,100032,100,99631,100,100043,100,99248,100,100064,100,99181,100,100079,100,99014,100,100100,100,98846,100
2019-06-28 09:51:38.673032801,99946,626,99926,426,99956,200,99816,100,99963,200,99805,100,100005,100,99749,100,100014,100,99737,100,100032,100,99631,100,100043,100,99248,100,100064,100,99181,100,100079,100,98846,100,100100,100,98844,100
2019-06-28 09:51:40.000000000,99946,345,99816,245,99956,341,99805,241,99963,341,99749,241,100005,100,99737,100,100014,100,99631,100,100032,100,99248,100,100043,100,99181,100,100064,100,98846,100,100079,100,98844,100,100100,100,98777,100
2019-06-28 09:51:45.023496671,99945,100,99816,245,99946,345,99805,241,99956,341,99749,241,99963,341,99737,100,100005,100,99631,100,100014,100,99248,100,100032,100,99181,100,100043,100,98846,100,100064,100,98844,100,100079,100,98777,100
2019-06-28 09:51:50.000000000,99945,313,99816,313,99946,413,99805,313,99956,200,99749,100,99963,200,99737,100,100005,100,99631,100,100014,100,99248,100,100032,100,99181,100,100043,100,98846,100,100064,100,98844,100,100079,100,98777,100
2019-06-28 09:52:00.000000000,99945,185,99816,185,99946,285,99805,185,99956,285,99749,185,99963,285,99737,185,100005,185,99631,185,100014,100,99248,100,100032,100,99181,100,100043,100,98846,100,100064,100,98844,100,100079,100,98777,100
2019-06-28 09:52:10.000000000,99945,526,99816,526,99946,200,99805,100,99956,200,99749,100,99963,200,99737,100,100005,100,99631,100,100014,100,99248,100,100032,100,99181,100,100043,100,98846,100,100064,100,98844,100,100079,100,98777,100
2019-06-28 09:52:20.000000000,99945,206,99816,206,99946,306,99805,206,99956,306,99749,206,99963,306,99737,206,100005,100,99631,100,100014,100,99248,100,100032,100,99181,100,100043,100,98846,100,100064,100,98844,100,100079,100,98777,100
2019-06-28 09:52:20.205081516,99945,206,99816,206,99946,306,99805,206,99956,306,99749,206,99963,206,99737,206,100005,100,99631,100,100014,100,99248,100,100032,100,99181,100,100043,100,98846,100,100064,100,98844,100,100079,100,98777,100
2019-06-28 09:52:30.000000000,99945,245,99816,245,99946,341,99805,241,99956,341,99749,241,99963,100,99737,100,100005,100,99631,100,100014,100,99248,100,100032,100,99181,100,100043,100,98846,100,100064,100,98844,100,100079,100,98777,100
2019-06-28 09:52:31.259683999,99945,345,99816,245,99946,341,99805,241,99956,341,99749,241,99963,100,99737,100,100005,100,99631,100,100014,100,99248,100,100032,100,99181,100,100043,100,98846,100,100064,100,98844,100,100079,100,98777,100
2019-06-28 09:52:40.000000000,99945,306,99816,206,99946,306,99805,206,99956,306,99749,206,99963,206,99737,206,100005,100,99631,100,100014,100,99248,100,100032,100,99181,100,100043,100,98846,100,100064,100,98844,100,100079,100,98777,100
2019-06-28 09:52:50.000000000,99945,345,99816,245,99946,341,99805,241,99956,341,99749,241,99963,100,99737,100,100005,100,99631,100,100014,100,99248,100,100032,100,99181,100,100043,100,98846,100,100064,100,98844,100,100079,100,98777,100
2019-06-28 09:52:57.684308588,99945,445,99816,245,99946,341,99805,241,99956,341,99749,241,99963,100,99737,100,100005,100,99631,100,100014,100,99248,100,100032,100,99181,100,100043,100,98846,100,100064,100,98844,100,100079,100,98777,100
2019-06-28 09:53:00.000000000,99945,406,99816,206,99946,306,99805,206,99956,306,99749,206,99963,206,99737,206,100005,100,99631,100,100014,100,99248,100,100032,100,99181,100,100043,100,98846,100,100064,100,98844,100,100079,100,98777,100
2019-06-28 09:53:10.000000000,99945,513,99816,313,99946,413,99805,313,99956,200,99749,100,99963,100,99737,100,100005,100,99631,100,100014,100,99248,100,100032,100,99181,100,100043,100,98846,100,100064,100,98844,100,100079,100,98777,100
2019-06-28 09:53:20.000000000,99945,726,99816,526,99946,200,99805,100,99956,200,99749,100,99963,100,99737,100,100005,100,99631,100,100014,100,99248,100,100032,100,99181,100,100043,100,98846,100,100064,100,98844,100,100079,100,98777,100
2019-06-28 09:53:30.000000000,99945,406,99816,206,99946,306,99805,206,99956,306,99749,206,99963,206,99737,206,100005,100,99631,100,100014,100,99248,100,100032,100,99181,100,100043,100,98846,100,100064,100,98844,100,100079,100,98777,100
2019-06-28 09:53:40.000000000,99945,445,99816,245,99946,341,99805,241,99956,341,99749,241,99963,100,99737,100,100005,100,99631,100,100014,100,99248,100,100032,100,99181,100,100043,100,98846,100,100064,100,98844,100,100079,100,98777,100
2019-06-28 09:53:41.322486019,99945,445,99816,245,99946,341,99805,241,99956,341,99749,241,99963,100,99737,100,100005,100,99631,100,100014,100,99248,100,100032,100,99181,100,100043,100,99170,100,100064,100,98846,100,100100,100,98844,100
2019-06-28 09:53:50.000000000,99945,726,99816,526,99946,200,99805,100,99956,200,99749,100,99963,100,99737,100,100005,100,99631,100,100014,100,99248,100,100032,100,99181,100,100043,100,99170,100,100064,100,98846,100,100100,100,98844,100
2019-06-28 09:54:00.000000000,99945,513,99816,313,99946,413,99805,313,99956,200,99749,100,99963,100,99737,100,100005,100,99631,100,100014,100,99248,100,100032,100,99181,100,100043,100,99170,100,100064,100,98846,100,100100,100,98844,100
2019-06-28 09:54:10.000000000,99945,445,99816,245,99946,341,99805,241,99956,341,99749,241,99963,100,99737,100,100005,100,99631,100,100014,100,99248,100,100032,100,99181,100,100043,100,99170,100,100064,100,98846,100,100100,100,98844,100
2019-06-28 09:54:20.000000000,99945,445,99816,245,99946,341,99805,241,99956,341,99749,241,99963,100,99737,100,100005,100,99631,100,100014,100,99248,100,100032,100,99181,100,100043,100,99170,100,100064,100,98846,100,100100,100,98844,100
2019-06-28 09:54:30.000000000,99945,385,99816,185,99946,285,99805,185,99956,285,99749,185,99963,185,99737,185,100005,185,99631,185,100014,100,99248,100,100032,100,99181,100,100043,100,99170,100,100064,100,98846,100,100100,100,98844,100
2019-06-28 09:54:31.359678095,99945,485,99816,185,99946,285,99805,185,99956,285,99749,185,99963,185,99737,185,100005,185,99631,185,100014,100,99248,100,100032,100,99181,100,100043,100,99170,100,100064,100,98846,100,100100,100,98844,100
2019-06-28 09:54:40.000000000,99945,485,99816,185,99946,285,99805,185,99956,285,99749,185,99963,185,99737,185,100005,185,99631,185,100014,100,99248,100,100032,100,99181,100,100043,100,99170,100,100064,100,98846,100,100100,100,98844,100
2019-06-28 09:54:45.010920639,99945,485,99816,85,99946,285,99805,185,99956,285,99749,185,99963,185,99737,185,100005,185,99631,185,100014,100,99248,100,100032,100,99181,100,100043,100,99170,100,100064,100,98846,100,100100,100,98844,100
2019-06-28 09:54:50.000000000,99945,485,99805,185,99946,285,99749,185,99956,285,99737,185,99963,185,99631,185,100005,185,99248,185,100014,100,99181,100,100032,100,99170,100,100043,100,98846,100,100064,100,98844,100,100100,100,98777,100
2019-06-28 09:54:59.334240881,99945,485,99805,185,99946,285,99749,185,99956,285,99737,185,99963,185,99631,185,100005,185,99248,185,100014,100,99181,100,100032,100,99170,100,100043,100,98846,100,100064,100,98844,100,100100,100,98777,100
2019-06-28 09:55:00.000000000,99945,826,99805,526,99946,200,99749,100,99956,200,99737,100,99963,100,99631,100,100005,100,99248,100,100014,100,99181,100,100032,100,99170,100,100043,100,98846,100,100064,100,98844,100,100100,100,98777,100
2019-06-28 09:55:10.000000000,99945,506,99805,206,99946,306,99749,206,99956,306,99737,206,99963,206,99631,206,100005,100,99248,100,100014,100,99181,100,100032,100,99170,100,100043,100,98846,100,100064,100,98844,100,100100,100,98777,100
2019-06-28 09:55:11.472668215,99945,506,99805,106,99946,306,99749,206,99956,306,99737,206,99963,206,99631,206,100005,100,99248,100,100014,100,99181,100,100032,100,99170,100,100043,100,98846,100,100064,100,98844,100,100100,100,98777,100
2019-06-28 09:55:20.000000000,99945,506,99749,206,99946,306,99737,206,99956,306,99631,206,99963,206,99248,206,100005,100,99181,100,100014,100,99170,100,100032,100,98846,100,100043,100,98844,100,100064,100,98777,100,100100,100,98488,100
2019-06-28 09:55:27.703846667,99945,506,99749,206,99946,306,99737,206,99956,306,99631,206,99963,206,99248,206,100005,100,99181,100,100014,100,99170,100,100043,100,98846,100,100064,100,98844,100,100100,100,98777,100,100105,100,98607,100
2019-06-28 09:55:30.000000000,99945,506,99749,206,99946,306,99737,206,99956,306,99631,206,99963,206,99248,206,100005,100,99181,100,100014,100,99170,100,100043,100,98846,100,100064,100,98844,100,100100,100,98777,100,100105,100,98607,100
2019-06-28 09:55:40.000000000,99945,506,99749,206,99946,306,99737,206,99956,306,99631,206,99963,206,99248,206,100005,100,99181,100,100014,100,99170,100,100043,100,98846,100,100064,100,98844,100,100100,100,98777,100,100105,100,98607,100
2019-06-28 09:55:44.542755013,99945,506,99749,206,99946,306,99737,206,99956,306,99631,206,99963,206,99248,206,100005,100,99181,100,100014,100,99170,100,100043,100,98846,100,100064,100,98777,100,100100,100,98621,100,100105,100,98607,100
2019-06-28 09:55:50.000000000,99945,506,99749,206,99946,306,99737,206,99956,306,99631,206,99963,206,99248,206,100005,100,99181,100,100014,100,99170,100,100043,100,98846,100,100064,100,98777,100,100100,100,98621,100,100105,100,98607,100
2019-06-28 09:56:00.000000000,99945,506,99749,206,99946,306,99737,206,99956,306,99631,206,99963,206,99248,206,100005,100,99181,100,100014,100,99170,100,100043,100,98846,100,100064,100,98777,100,100100,100,98621,100,100105,100,98607,100
2019-06-28 09:56:10.000000000,99945,485,99749,185,99946,285,99737,185,99956,285,99631,185,99963,185,99248,185,100005,185,99181,185,100014,100,99170,100,100043,100,98846,100,100064,100,98777,100,100100,100,98621,100,100105,100,98607,100
2019-06-28 09:56:20.000000000,99945,826,99749,526,99946,200,99737,100,99956,200,99631,100,99963,100,99248,100,100005,100,99181,100,100014,100,99170,100,100043,100,98846,100,100064,100,98777,100,100100,100,98621,100,100105,100,98607,100
2019-06-28 09:56:30.000000000,99945,485,99749,185,99946,285,99737,185,99956,285,99631,185,99963,185,99248,185,100005,185,99181,185,100014,100,99170,100,100043,100,98846,100,100064,100,98777,100,100100,100,98621,100,100105,100,98607,100
2019-06-28 09:56:36.494348806,99945,485,99749,185,99946,285,99737,185,99956,285,99631,185,99963,85,99248,185,100005,185,99181,185,100014,100,99170,100,100043,100,98846,100,100064,100,98777,100,100100,100,98621,100,100105,100,98607,100
2019-06-28 09:56:40.000000000,99945,506,99749,206,99946,306,99737,206,99956,306,99631,206,100005,206,99248,206,100014,100,99181,100,100043,100,99170,100,100064,100,98846,100,100100,100,98777,100,100105,100,98621,100,100114,200,98607,100
2019-06-28 09:56:50.000000000,99945,545,99749,245,99946,341,99737,241,99956,341,99631,241,100005,100,99248,100,100014,100,99181,100,100043,100,99170,100,100064,100,98846,100,100100,100,98777,100,100105,100,98621,100,100114,200,98607,100
2019-06-28 09:56:52.517120576,99945,545,99749,245,99946,341,99737,241,99956,341,99631,241,100005,100,99248,100,100014,100,99181,100,100043,100,99170,100,100064,100,98896,100,100100,100,98846,100,100105,100,98777,100,100114,200,98621,100
2019-06-28 09:57:00.000000000,99945,826,99749,526,99946,200,99737,100,99956,200,99631,100,100005,100,99248,100,100014,100,99181,100,100043,100,99170,100,100064,100,98896,100,100100,100,98846,100,100105,100,98777,100,100114,200,98621,100
2019-06-28 09:57:10.000000000,99945,826,99749,526,99946,200,99737,100,99956,200,99631,100,100005,100,99248,100,100014,100,99181,100,100043,100,99170,100,100064,100,98896,100,100100,100,98846,100,100105,100,98777,100,100114,200,98621,100
2019-06-28 09:57:20.000000000,99945,506,99749,206,99946,306,99737,206,99956,306,99631,206,100005,206,99248,206,100014,100,99181,100,100043,100,99170,100,100064,100,98896,100,100100,100,98846,100,100105,100,98777,100,100114,200,98621,100
2019-06-28 09:57:30.000000000,99945,826,99749,526,99946,200,99737,100,99956,200,99631,100,100005,100,99248,100,100014,100,99181,100,100043,100,99170,100,100064,100,98896,100,100100,100,98846,100,100105,100,98777,100,100114,200,98621,100
2019-06-28 09:57:31.094867249,99816,100,99749,526,99945,826,99737,100,99946,200,99631,100,99956,200,99248,100,100005,100,99181,100,100014,100,99170,100,100043,100,98896,100,100064,100,98846,100,100100,100,98777,100,100105,100,98621,100
2019-06-28 09:57:40.000000000,99816,185,99749,185,99945,485,99737,185,99946,285,99631,185,99956,285,99248,185,100005,185,99181,185,100014,100,99170,100,100043,100,98896,100,100064,100,98846,100,100100,100,98777,100,100105,100,98621,100
2019-06-28 09:57:50.000000000,99816,245,99749,245,99945,541,99737,241,99946,341,99631,241,99956,200,99248,100,100005,100,99181,100,100014,100,99170,100,100043,100,98896,100,100064,100,98846,100,100100,100,98777,100,100105,100,98621,100
2019-06-28 09:57:59.299489547,99816,245,99749,145,99945,541,99737,241,99946,341,99631,141,99956,200,99248,100,100005,100,99181,100,100014,100,99170,100,100043,100,98896,100,100064,100,98846,100,100100,100,98777,100,100105,100,98621,100
2019-06-28 09:58:00.000000000,99816,206,99737,206,99945,506,99248,206,99946,306,99181,206,99956,306,99170,206,100005,100,98896,100,100014,100,98846,100,100043,100,98777,100,100064,100,98621,100,100100,100,98607,100,100105,100,98488,100
2019-06-28 09:58:08.368644474,99816,206,99737,206,99945,506,99248,206,99946,306,99181,206,99956,306,99170,206,100005,100,98896,100,100014,100,98846,100,100043,100,98777,100,100064,100,98748,100,100100,100,98621,100,100105,100,98607,100
2019-06-28 09:58:10.000000000,99816,245,99737,245,99945,541,99248,241,99946,341,99181,241,99956,200,99170,100,100005,100,98896,100,100014,100,98846,100,100043,100,98777,100,100064,100,98748,100,100100,100,98621,100,100105,100,98607,100
2019-06-28 09:58:10.132417185,99816,245,99737,245,99945,541,99248,241,99946,341,99181,241,99956,200,99170,100,100005,100,99002,100,100014,100,98896,100,100043,100,98846,100,100064,100,98777,100,100100,100,98748,100,100105,100,98621,100
2019-06-28 09:58:20.000000000,99816,245,99737,245,99945,541,99248,241,99946,341,99181,241,99956,200,99170,100,100005,100,99002,100,100014,100,98896,100,100043,100,98846,100,100064,100,98777,100,100100,100,98748,100,100105,100,98621,100
2019-06-28 09:58:30.000000000,99816,245,99737,245,99945,541,99248,241,99946,341,99181,241,99956,200,99170,100,100005,100,99002,100,100014,100,98896,100,100043,100,98846,100,100064,100,98777,100,100100,100,98748,100,100105,100,98621,100
2019-06-28 09:58:34.789697679,99816,245,99737,145,99945,541,99248,241,99946,341,99181,241,99956,200,99170,100,100005,100,99002,100,100014,100,98896,100,100043,100,98846,100,100064,100,98777,100,100100,100,98748,100,100105,100,98621,100
2019-06-28 09:58:38.125302312,99816,245,99737,145,99945,541,99248,241,99946,341,99184,100,99956,200,99181,241,100005,100,99170,100,100014,100,99002,100,100043,100,98896,100,100064,100,98846,100,100105,100,98777,100,100114,200,98748,100
2019-06-28 09:58:40.000000000,99816,313,99248,313,99945,613,99184,313,99946,200,99181,100,99956,200,99170,100,100005,100,99002,100,100014,100,98896,100,100043,100,98846,100,100064,100,98777,100,100105,100,98748,100,100114,200,98621,100
2019-06-28 09:58:50.000000000,99816,245,99248,245,99945,541,99184,241,99946,341,99181,241,99956,200,99170,100,100005,100,99002,100,100014,100,98896,100,100043,100,98846,100,100064,100,98777,100,100105,100,98748,100,100114,200,98621,100
2019-06-28 09:59:00.000000000,99816,206,99248,206,99945,506,99184,206,99946,306,99181,206,99956,306,99170,206,100005,100,99002,100,100014,100,98896,100,100043,100,98846,100,100064,100,98777,100,100105,100,98748,100,100114,200,98621,100
2019-06-28 09:59:07.882601250,99749,100,99248,206,99816,206,99184,206,99945,506,99181,206,99946,306,99170,206,99956,306,99002,100,100005,100,98896,100,100014,100,98846,100,100043,100,98777,100,100064,100,98748,100,100105,100,98621,100
2019-06-28 09:59:10.000000000,99749,313,99248,313,99816,313,99184,313,99945,400,99181,100,99946,200,99170,100,99956,200,99002,100,100005,100,98896,100,100014,100,98846,100,100043,100,98777,100,100064,100,98748,100,100105,100,98621,100
2019-06-28 09:59:20.000000000,99749,185,99248,185,99816,185,99184,185,99945,485,99181,185,99946,285,99170,185,99956,285,99002,185,100005,100,98896,100,100014,100,98846,100,100043,100,98777,100,100064,100,98748,100,100105,100,98621,100
2019-06-28 09:59:30.000000000,99749,185,99248,185,99816,185,99184,185,99945,485,99181,185,99946,285,99170,185,99956,285,99002,185,100005,100,98896,100,100014,100,98846,100,100043,100,98777,100,100064,100,98748,100,100105,100,98621,100
2019-06-28 09:59:40.000000000,99749,206,99248,206,99816,206,99184,206,99945,506,99181,206,99946,306,99170,206,99956,200,99002,100,100005,100,98896,100,100014,100,98846,100,100043,100,98777,100,100064,100,98748,100,100105,100,98621,100
2019-06-28 09:59:45.963775522,99749,206,99248,206,99816,206,99230,100,99945,506,99184,206,99946,306,99181,206,99956,200,99170,206,100005,100,99002,100,100014,100,98896,100,100043,100,98846,100,100064,100,98777,100,100105,100,98748,100
2019-06-28 09:59:50.000000000,99749,526,99248,526,99816,100,99230,100,99945,400,99184,100,99946,200,99181,100,99956,200,99170,100,100005,100,99002,100,100014,100,98896,100,100043,100,98846,100,100064,100,98777,100,100105,100,98748,100
2019-06-28 10:00:00.000000000,99749,313,99248,313,99816,313,99230,313,99945,400,99184,100,99946,200,99181,100,99956,200,99170,100,100005,100,99002,100,100014,100,98896,100,100043,100,98846,100,100064,100,98777,100,100105,100,98748,100
2019-06-28 10:00:10.000000000,99749,185,99248,185,99816,185,99230,185,99945,485,99184,185,99946,285,99181,185,99956,285,99170,185,100005,100,99002,100,100014,100,98896,100,100043,100,98846,100,100064,100,98777,100,100105,100,98748,100
2019-06-28 10:00:14.709201713,99749,185,99248,185,99816,185,99230,185,99945,485,99184,185,99946,285,99181,185,99956,285,99170,185,100005,100,99002,100,100014,100,98896,100,100043,100,98873,100,100064,100,98846,100,100105,100,98777,100
2019-06-28 10:00:17.570206897,99749,185,99248,185,99816,185,99230,185,99945,485,99184,185,99946,285,99181,185,99956,285,99170,185,100005,100,99002,100,100014,100,98896,100,100043,100,98873,100,100064,100,98846,100,100105,100,98823,100
2019-06-28 10:00:20.000000000,99749,313,99248,313,99816,313,99230,313,99945,400,99184,100,99946,200,99181,100,99956,200,99170,100,100005,100,99002,100,100014,100,98896,100,100043,100,98873,100,100064,100,98846,100,100105,100,98823,100
2019-06-28 10:00:30.000000000,99749,526,99248,526,99816,100,99230,100,99945,400,99184,100,99946,200,99181,100,99956,200,99170,100,100005,100,99002,100,100014,100,98896,100,100043,100,98873,100,100064,100,98846,100,100105,100,98823,100
2019-06-28 10:00:30.754798234,99749,526,99248,526,99816,100,99230,100,99945,400,99184,100,99946,200,99181,100,99956,200,99170,100,100005,100,99127,100,100014,100,99002,100,100043,100,98896,100,100064,100,98873,100,100105,100,98823,100
2019-06-28 10:00:31.743944222,99749,526,99248,426,99816,100,99230,100,99945,400,99184,100,99946,200,99181,100,99956,200,99170,100,100005,100,99162,100,100014,100,99127,100,100043,100,99002,100,100064,100,98896,100,100105,100,98873,100
2019-06-28 10:00:34.850616562,99749,526,99248,426,99816,100,99230,100,99945,400,99184,100,99946,200,99181,100,99956,200,99170,100,100005,100,99162,100,100014,100,99127,100,100043,100,99002,100,100064,100,98896,100,100105,100,98873,100
2019-06-28 10:00:40.000000000,99749,313,99230,313,99816,313,99184,313,99945,400,99181,100,99946,200,99170,100,99956,200,99162,100,100005,100,99127,100,100014,100,99002,100,100043,100,98896,100,100064,100,98873,100,100105,100,98848,100
2019-06-28 10:00:44.579976800,99749,313,99230,213,99816,313,99184,313,99945,400,99181,100,99946,200,99170,100,99956,200,99162,100,100005,100,99127,100,100014,100,99002,100,100043,100,98896,100,100064,100,98873,100,100105,100,98848,100
2019-06-28 10:00:50.000000000,99749,313,99184,313,99816,313,99181,313,99945,400,99170,100,99946,200,99162,100,99956,200,99127,100,100005,100,99002,100,100014,100,98896,100,100043,100,98873,100,100064,100,98848,100,100105,100,98823,100
2019-06-28 10:01:00.000000000,99749,526,99184,526,99816,100,99181,100,99945,400,99170,100,99946,200,99162,100,99956,200,99127,100,100005,100,99002,100,100014,100,98896,100,100043,100,98873,100,100064,100,98848,100,100105,100,98823,100
2019-06-28 10:01:10.000000000,99749,526,99184,526,99816,100,99181,100,99945,400,99170,100,99946,200,99162,100,99956,200,99127,100,100005,100,99002,100,100014,100,98896,100,100043,100,98873,100,100064,100,98848,100,100105,100,98823,100
2019-06-28 10:01:20.000000000,99749,185,99184,185,99816,185,99181,185,99945,485,99170,185,99946,285,99162,185,99956,285,99127,185,100005,100,99002,100,100014,100,98896,100,100043,100,98873,100,100064,100,98848,100,100105,100,98823,100
2019-06-28 10:01:22.899897603,99749,185,99184,85,99816,185,99181,185,99945,485,99170,185,99946,285,99162,185,99956,285,99127,185,100005,100,99002,100,100043,100,98896,100,100064,100,98873,100,100105,100,98848,100,100114,200,98823,100
2019-06-28 10:01:30.000000000,99749,245,99181,245,99816,241,99170,241,99945,541,99162,241,99946,200,99127,100,99956,200,99002,100,100005,100,98896,100,100043,100,98873,100,100064,100,98848,100,100105,100,98823,100,100114,200,98748,100
2019-06-28 10:01:30.313232816,99749,245,99181,245,99816,241,99170,241,99945,541,99162,241,99946,200,99127,100,99956,200,99002,100,100005,100,98896,100,100043,100,98873,100,100064,100,98848,100,100105,100,98823,100,100114,200,98748,100
2019-06-28 10:01:30.694131917,99749,245,99181,245,99816,241,99170,241,99945,541,99162,241,99946,200,99127,100,99956,100,99002,100,100005,100,98896,100,100043,100,98873,100,100064,100,98848,100,100105,100,98823,100,100114,200,98748,100
2019-06-28 10:01:35.412572873,99248,100,99181,245,99749,245,99170,241,99816,241,99162,241,99945,541,99127,100,99946,200,99002,100,99956,100,98896,100,100005,100,98873,100,100043,100,98848,100,100064,100,98823,100,100105,100,98748,100
2019-06-28 10:01:40.000000000,99248,206,99181,206,99749,206,99170,206,99816,206,99162,206,99945,506,99127,206,99946,200,99002,100,99956,100,98896,100,100005,100,98873,100,100043,100,98848,100,100064,100,98823,100,100105,100,98748,100
2019-06-28 10:01:50.000000000,99248,313,99181,313,99749,313,99170,313,99816,100,99162,100,99945,400,99127,100,99946,200,99002,100,99956,100,98896,100,100005,100,98873,100,100043,100,98848,100,100064,100,98823,100,100105,100,98748,100
2019-06-28 10:01:56.666638431,99248,313,99181,313,99749,213,99170,313,99816,100,99162,100,99945,400,99127,100,99946,200,99002,100,99956,100,98896,100,100005,100,98873,100,100043,100,98848,100,100064,100,98823,100,100105,100,98748,100
2019-06-28 10:02:00.000000000,99248,245,99181,245,99816,241,99170,241,99945,541,99162,241,99946,200,99127,100,99956,100,99002,100,100005,100,98896,100,100043,100,98873,100,100064,100,98848,100,100105,100,98823,100,100114,200,98748,100
2019-06-28 10:02:02.746749404,99248,245,99181,245,99816,241,99170,241,99945,441,99162,241,99946,200,99127,100,99956,100,99002,100,100005,100,98896,100,100043,100,98873,100,100064,100,98848,100,100105,100,98823,100,100114,200,98748,100
2019-06-28 10:02:04.145746475,99248,245,99181,145,99816,241,99170,241,99945,441,99162,241,99946,200,99127,100,99956,100,99002,100,100005,100,98896,100,100043,100,98873,100,100064,100,98848,100,100105,100,98823,100,100114,200,98748,100
2019-06-28 10:02:10.000000000,99248,526,99170,526,99816,100,99162,100,99945,300,99127,100,99946,200,99002,100,99956,100,98896,100,100005,100,98873,100,100043,100,98848,100,100064,100,98823,100,100105,100,98748,100,100114,200,98621,100
2019-06-28 10:02:20.000000000,99248,206,99170,206,99816,206,99162,206,99945,406,99127,206,99946,306,99002,206,99956,100,98896,100,100005,100,98873,100,100043,100,98848,100,100064,100,98823,100,100105,100,98748,100,100114,200,98621,100
2019-06-28 10:02:30.000000000,99248,185,99170,185,99816,185,99162,185,99945,385,99127,185,99946,285,99002,185,99956,185,98896,185,100005,100,98873,100,100043,100,98848,100,100064,100,98823,100,100105,100,98748,100,100114,200,98621,100
2019-06-28 10:02:40.000000000,99248,206,99170,206,99816,206,99162,206,99945,406,99127,206,99946,306,99002,206,99956,100,98896,100,100005,100,98873,100,100043,100,98848,100,100064,100,98823,100,100105,100,98748,100,100114,200,98621,100
2019-06-28 10:02:50.000000000,99248,245,99170,245,99816,241,99162,241,99945,441,99127,241,99946,200,99002,100,99956,100,98896,100,100005,100,98873,100,100043,100,98848,100,100064,100,98823,100,100105,100,98748,100,100114,200,98621,100
2019-06-28 10:02:55.615575694,99248,245,99170,245,99816,241,99162,241,99945,441,99127,241,99946,200,99002,100,99956,100,98896,100,100005,100,98873,100,100043,100,98848,100,100064,100,98823,100,100105,100,98748,100,100114,200,98621,100
2019-06-28 10:02:56.376658409,99248,245,99170,245,99816,241,99162,241,99945,441,99127,141,99946,200,99002,100,99956,100,98896,100,100005,100,98873,100,100043,100,98848,100,100064,100,98823,100,100105,100,98748,100,100114,200,98621,100
2019-06-28 10:03:00.000000000,99248,526,99170,526,99816,100,99162,100,99945,300,99002,100,99946,200,98896,100,99956,100,98873,100,100005,100,98848,100,100043,100,98823,100,100064,100,98748,100,100105,100,98621,100,100114,200,98607,100
2019-06-28 10:03:01.180587414,99248,526,99170,526,99816,100,99162,100,99945,300,99002,100,99946,200,98896,100,99956,100,98873,100,100005,100,98848,100,100043,100,98823,100,100064,100,98748,100,100105,100,98621,100,100114,200,98607,100
2019-06-28 10:03:06.341137018,99248,526,99170,426,99816,100,99162,100,99945,300,99002,100,99946,200,98896,100,99956,100,98873,100,100005,100,98848,100,100043,100,98823,100,100064,100,98748,100,100105,100,98621,100,100114,200,98607,100
2019-06-28 10:03:10.000000000,99248,185,99162,185,99816,185,99002,185,99945,385,98896,185,99946,285,98873,185,99956,185,98848,185,100005,100,98823,100,100043,100,98748,100,100064,100,98621,100,100105,100,98607,100,100114,200,98541,100
2019-06-28 10:03:11.999392942,99248,185,99162,185,99816,185,99002,185,99945,385,98896,185,99946,285,98873,185,99956,185,98848,185,100005,100,98823,100,100043,100,98748,100,100064,100,98621,100,100105,100,98607,100,100114,200,98541,100
2019-06-28 10:03:20.000000000,99248,313,99162,313,99816,313,99002,313,99945,300,98896,100,99946,200,98873,100,99956,100,98848,100,100005,100,98823,100,100043,100,98748,100,100064,100,98621,100,100105,100,98607,100,100114,200,98541,100
2019-06-28 10:03:30.000000000,99248,313,99162,313,99816,313,99002,313,99945,300,98896,100,99946,200,98873,100,99956,100,98848,100,100005,100,98823,100,100043,100,98748,100,100064,100,98621,100,100105,100,98607,100,100114,200,98541,100
2019-06-28 10:03:35.475658807,99248,313,99162,213,99816,313,99002,313,99945,300,98896,100,99946,200,98873,100,99956,100,98848,100,100005,100,98823,100,100043,100,98748,100,100064,100,98621,100,100105,100,98607,100,100114,100,98541,100
2019-06-28 10:03:40.000000000,99248,185,99002,185,99816,185,98896,185,99945,385,98873,185,99946,285,98848,185,99956,185,98823,185,100005,100,98748,100,100043,100,98621,100,100064,100,98607,100,100105,100,98541,100,100114,100,98488,100
2019-06-28 10:03:44.971197195,99248,185,99002,185,99816,185,98896,185,99945,385,98873,185,99946,285,98848,185,99956,185,98823,185,100005,100,98748,100,100043,100,98621,100,100064,100,98607,100,100105,100,98541,100,100114,100,98488,100
2019-06-28 10:03:50.000000000,99248,313,99002,313,99816,313,98896,313,99945,300,98873,100,99946,200,98848,100,99956,100,98823,100,100005,100,98748,100,100043,100,98621,100,100064,100,98607,100,100105,100,98541,100,100114,100,98488,100
2019-06-28 10:04:00.000000000,99248,185,99002,185,99816,185,98896,185,99945,385,98873,185,99946,285,98848,185,99956,185,98823,185,100005,100,98748,100,100043,100,98621,100,100064,100,98607,100,100105,100,98541,100,100114,100,98488,100
2019-06-28 10:04:10.000000000,99248,185,99002,185,99816,185,98896,185,99945,385,98873,185,99946,285,98848,185,99956,185,98823,185,100005,100,98748,100,100043,100,98621,100,100064,100,98607,100,100105,100,98541,100,100114,100,98488,100
2019-06-28 10:04:10.899787797,99248,185,99002,185,99816,185,98896,185,99945,385,98873,185,99946,285,98848,185,99956,185,98823,185,100005,100,98748,100,100043,100,98621,100,100064,100,98607,100,100105,100,98541,100,100114,100,98488,100
2019-06-28 10:04:20.000000000,99248,313,99002,313,99816,313,98896,313,99945,300,98873,100,99946,200,98848,100,99956,100,98823,100,100005,100,98748,100,100043,100,98621,100,100064,100,98607,100,100105,100,98541,100,100114,100,98488,100
2019-06-28 10:04:20.227406073,99248,313,99002,213,99816,313,98896,313,99945,300,98873,100,99946,200,98848,100,99956,100,98823,100,100005,100,98748,100,100043,100,98621,100,100064,100,98607,100,100105,100,98541,100,100114,100,98488,100
2019-06-28 10:04:30.000000000,99248,206,98896,206,99816,206,98873,206,99945,406,98848,206,99946,306,98823,206,99956,100,98748,100,100005,100,98621,100,100043,100,98607,100,100064,100,98541,100,100105,100,98488,100,100114,100,98257,100
2019-06-28 10:04:30.296892219,99248,206,98896,206,99816,206,98873,206,99945,406,98848,206,99946,306,98823,206,99956,100,98748,100,100005,100,98621,100,100043,100,98607,100,100064,100,98541,100,100105,100,98488,100,100114,100,98257,100
2019-06-28 10:04:34.091761781,99248,206,98896,106,99816,206,98873,206,99945,406,98848,206,99946,306,98823,206,99956,100,98748,100,100043,100,98621,100,100064,100,98607,100,100105,100,98541,100,100114,100,98488,100,100167,100,98257,100
2019-06-28 10:04:40.000000000,99248,206,98873,206,99816,206,98848,206,99945,406,98823,206,99946,306,98748,206,99956,100,98621,100,100043,100,98607,100,100064,100,98541,100,100105,100,98488,100,100114,100,98257,100,100167,100,98192,100
2019-06-28 10:04:50.000000000,99248,313,98873,313,99816,313,98848,313,99945,300,98823,100,99946,200,98748,100,99956,100,98621,100,100043,100,98607,100,100064,100,98541,100,100105,100,98488,100,100114,100,98257,100,100167,100,98192,100
2019-06-28 10:04:52.884184502,99248,313,98873,213,99816,313,98848,313,99945,300,98823,100,99946,200,98748,100,99956,100,98621,100,100043,100,98607,100,100064,100,98541,100,100105,100,98488,100,100114,100,98257,100,100167,100,98192,100
2019-06-28 10:04:53.637813016,99248,313,98873,113,99816,313,98848,313,99945,300,98823,100,99946,200,98748,100,99956,100,98621,100,100043,100,98607,100,100064,100,98541,100,100105,100,98488,100,100114,100,98257,100,100167,100,98192,100
2019-06-28 10:05:00.000000000,99248,526,98848,526,99816,100,98823,100,99945,300,98748,100,99946,200,98621,100,99956,100,98607,100,100043,100,98541,100,100064,100,98488,100,100105,100,98257,100,100114,100,98192,100,100167,100,97628,100
2019-06-28 10:05:04.417748554,99248,526,98848,526,99816,100,98823,100,99945,300,98748,100,99946,200,98621,100,99956,100,98607,100,100043,100,98541,100,100064,100,98488,100,100105,100,98257,100,100114,100,98192,100,100167,100,97781,100
2019-06-28 10:05:10.000000000,99248,526,98848,526,99816,100,98823,100,99945,300,98748,100,99946,200,98621,100,99956,100,98607,100,100043,100,98541,100,100064,100,98488,100,100105,100,98257,100,100114,100,98192,100,100167,100,97781,100
2019-06-28 10:05:11.281394145,99248,526,98848,526,99816,100,98823,100,99945,300,98748,100,99946,200,98621,100,99956,100,98607,100,100043,100,98541,100,100064,100,98488,100,100105,100,98257,100,100114,100,98192,100,100167,100,97781,100
2019-06-28 10:05:20.000000000,99248,206,98848,206,99816,206,98823,206,99945,406,98748,206,99946,306,98621,206,99956,100,98607,100,100043,100,98541,100,100064,100,98488,100,100105,100,98257,100,100114,100,98192,100,100167,100,97781,100
2019-06-28 10:05:26.249792350,98873,100,98848,206,99248,206,98823,206,99816,206,98748,206,99945,406,98621,206,99946,306,98607,100,99956,100,98541,100,100043,100,98488,100,100064,100,98257,100,100105,100,98192,100,100114,100,97781,100
2019-06-28 10:05:30.000000000,98873,526,98848,526,99248,100,98823,100,99816,100,98748,100,99945,300,98621,100,99946,200,98607,100,99956,100,98541,100,100043,100,98488,100,100064,100,98257,100,100105,100,98192,100,100114,100,97781,100
2019-06-28 10:05:32.543333165,98873,526,98848,426,99248,100,98823,100,99816,100,98748,100,99945,300,98621,100,99946,200,98607,100,99956,100,98541,100,100043,100,98488,100,100064,100,98257,100,100105,100,98192,100,100167,100,97781,100
2019-06-28 10:05:36.175673034,98873,526,98848,326,99248,100,98823,100,99816,100,98748,100,99945,300,98621,100,99946,200,98607,100,99956,100,98541,100,100043,100,98488,100,100064,100,98257,100,100167,100,98192,100,100241,100,97781,100
2019-06-28 10:05:40.000000000,98873,185,98823,185,99248,185,98748,185,99816,185,98621,185,99945,385,98607,185,99946,285,98541,185,99956,100,98488,100,100043,100,98257,100,100064,100,98192,100,100167,100,97781,100,100241,100,97628,100
2019-06-28 10:05:50.000000000,98873,313,98823,313,99248,313,98748,313,99816,100,98621,100,99945,300,98607,100,99946,200,98541,100,99956,100,98488,100,100043,100,98257,100,100064,100,98192,100,100167,100,97781,100,100241,100,97628,100
2019-06-28 10:06:00.000000000,98873,526,98823,526,99248,100,98748,100,99816,100,98621,100,99945,300,98607,100,99946,200,98541,100,99956,100,98488,100,100043,100,98257,100,100064,100,98192,100,100167,100,97781,100,100241,100,97628,100
2019-06-28 10:06:03.101292744,98873,526,98823,426,99248,100,98748,100,99816,100,98607,100,99945,300,98541,100,99946,200,98488,100,99956,100,98257,100,100043,100,98192,100,100064,100,97781,100,100167,100,97628,100,100241,100,97507,100
2019-06-28 10:06:10.000000000,98873,526,98748,526,99248,100,98607,100,99816,100,98541,100,99945,300,98488,100,99946,200,98257,100,99956,100,98192,100,100043,100,97781,100,100064,100,97628,100,100167,100,97507,100,100241,100,97499,100
2019-06-28 10:06:20.000000000,98873,313,98748,313,99248,313,98607,313,99816,100,98541,100,99945,300,98488,100,99946,200,98257,100,99956,100,98192,100,100043,100,97781,100,100064,100,97628,100,100167,100,97507,100,100241,100,97499,100
2019-06-28 10:06:30.000000000,98873,526,98748,526,99248,100,98607,100,99816,100,98541,100,99945,300,98488,100,99946,200,98257,100,99956,100,98192,100,100043,100,97781,100,100064,100,97628,100,100167,100,97507,100,100241,100,97499,100
2019-06-28 10:06:38.163553646,98873,526,98748,526,99248,100,98607,100,99816,100,98541,100,99945,300,98488,100,99946,200,98257,100,99956,100,98192,100,100043,100,97781,100,100064,100,97668,100,100167,100,97628,100,100241,100,97507,100
2019-06-28 10:06:40.000000000,98873,206,98748,206,99248,206,98607,206,99816,206,98541,206,99945,406,98488,206,99946,200,98257,100,99956,100,98192,100,100043,100,97781,100,100064,100,97668,100,100167,100,97628,100,100241,100,97507,100
2019-06-28 10:06:50.000000000,98873,245,98748,245,99248,241,98607,241,99816,241,98541,241,99945,300,98488,100,99946,200,98257,100,99956,100,98192,100,100043,100,97781,100,100064,100,97668,100,100167,100,97628,100,100241,100,97507,100
2019-06-28 10:07:00.000000000,98873,185,98748,185,99248,185,98607,185,99816,185,98541,185,99945,385,98488,185,99946,285,98257,185,99956,100,98192,100,100043,100,97781,100,100064,100,97668,100,100167,100,97628,100,100241,100,97507,100
2019-06-28 10:07:00.026917086,98873,185,98748,85,99248,185,98607,185,99816,185,98541,185,99945,385,98488,185,99946,285,98257,185,99956,100,98192,100,100043,100,97781,100,100064,100,97668,100,100167,100,97628,100,100241,100,97507,100
2019-06-28 10:07:10.000000000,98873,185,98607,185,99248,185,98541,185,99816,185,98488,185,99945,385,98257,185,99946,285,98192,185,99956,100,97781,100,100043,100,97668,100,100064,100,97628,100,100167,100,97507,100,100241,100,97499,100
2019-06-28 10:07:18.774168134,98823,100,98607,185,98873,185,98541,185,99248,185,98488,185,99816,185,98257,185,99945,285,98192,185,99946,285,97781,100,99956,100,97668,100,100043,100,97628,100,100064,100,97507,100,100167,100,97499,100
2019-06-28 10:07:20.000000000,98823,185,98607,185,98873,185,98541,185,99248,185,98488,185,99816,185,98257,185,99945,285,98192,185,99946,200,97781,100,99956,100,97668,100,100043,100,97628,100,100064,100,97507,100,100167,100,97499,100
2019-06-28 10:07:30.000000000,98823,206,98607,206,98873,206,98541,206,99248,206,98488,206,99816,206,98257,206,99945,200,98192,100,99946,200,97781,100,99956,100,97668,100,100043,100,97628,100,100064,100,97507,100,100167,100,97499,100
2019-06-28 10:07:30.033890358,98823,206,98725,100,98873,206,98607,206,99248,206,98541,206,99816,206,98488,206,99945,200,98257,206,99946,200,98192,100,99956,100,97781,100,100043,100,97668,100,100064,100,97628,100,100167,100,97507,100
2019-06-28 10:07:36.715804528,98823,206,98607,206,98873,206,98541,206,99248,206,98488,206,99816,206,98257,206,99945,200,98192,100,99946,200,97781,100,99956,100,97668,100,100043,100,97628,100,100064,100,97507,100,100167,100,97499,100
