,ask_price_1,ask_size_1,bid_price_1,bid_size_1,ask_price_2,ask_size_2,bid_price_2,bid_size_2,ask_price_3,ask_size_3,bid_price_3,bid_size_3,ask_price_4,ask_size_4,bid_price_4,bid_size_4,ask_price_5,ask_size_5,bid_price_5,bid_size_5,ask_price_6,ask_size_6,bid_price_6,bid_size_6,ask_price_7,ask_size_7,bid_price_7,bid_size_7,ask_price_8,ask_size_8,bid_price_8,bid_size_8,ask_price_9,ask_size_9,bid_price_9,bid_size_9,ask_price_10,ask_size_10,bid_price_10,bid_size_10
2019-06-28 09:30:00.000000001,100099,100,,,,,,,,,,,,,,,,,,,,,,,,,,,,,,,,,,,,,,
2019-06-28 09:30:00.000000003,100099,100,99825,100,,,,,,,,,,,,,,,,,,,,,,,,,,,,,,,,,,,,
2019-06-28 09:30:00.000000009,100083,100,99825,100,100099,100,,,,,,,,,,,,,,,,,,,,,,,,,,,,,,,,,,
2019-06-28 09:30:00.000000010,100066,100,99825,100,100083,100,,,100099,100,,,100116,100,,,,,,,,,,,,,,,,,,,,,,,,,,
2019-06-28 09:30:00.000000011,100066,100,100043,100,100083,100,99825,100,100099,100,,,100116,100,,,,,,,,,,,,,,,,,,,,,,,,,,
2019-06-28 09:30:00.000000013,100066,100,100043,100,100083,100,99895,100,100099,100,99885,100,100116,100,99825,100,,,,,,,,,,,,,,,,,,,,,,,,
2019-06-28 09:30:00.000000015,100066,100,100043,100,100083,100,99895,100,100099,100,99885,100,100116,100,99852,100,,,99825,100,,,,,,,,,,,,,,,,,,,,
2019-06-28 09:30:00.000000017,100058,100,100043,100,100066,100,99895,100,100083,100,99885,100,100099,100,99852,100,100116,100,99825,100,,,,,,,,,,,,,,,,,,,,
2019-06-28 09:30:00.000000020,100058,100,99999,100,100066,100,99895,100,100083,100,99885,100,100099,100,99852,100,100116,100,99825,100,,,,,,,,,,,,,,,,,,,,
2019-06-28 09:30:00.000000023,100058,100,99999,100,100059,100,99895,100,100066,100,99885,100,100083,100,99852,100,100099,100,99825,100,100116,100,,,,,,,,,,,,,,,,,,
2019-06-28 09:30:00.000000025,100058,100,99999,100,100059,100,99895,100,100066,100,99885,100,100083,100,99883,100,100099,100,99852,100,100116,100,99825,100,,,,,,,,,,,,,,,,
2019-06-28 09:30:00.000000026,100058,100,99999,100,100059,100,99895,100,100066,100,99885,100,100083,100,99883,100,100099,100,99852,200,100116,100,99825,100,,,,,,,,,,,,,,,,
2019-06-28 09:30:00.000000027,100058,100,99999,100,100059,100,99981,100,100066,100,99904,100,100083,100,99895,100,100099,100,99885,100,100116,100,99883,100,,,99853,100,,,99852,200,,,99825,100,,,,
2019-06-28 09:30:00.000000028,100008,100,99999,100,100058,100,99981,100,100059,100,99956,100,100066,100,99904,100,100083,100,99895,100,100099,100,99885,100,100116,100,99883,100,,,99853,100,,,99852,200,,,99825,100
2019-06-28 09:30:00.000000031,100008,100,99999,100,100058,100,99981,100,100059,100,99956,100,100066,100,99944,100,100083,100,99904,100,100099,100,99895,100,100116,100,99885,100,,,99883,100,,,99853,100,,,99852,200
2019-06-28 09:30:00.000000033,100008,100,99999,100,100058,100,99981,100,100059,100,99956,100,100066,100,99944,100,100083,100,99904,100,100099,100,99896,100,100116,100,99895,100,,,99894,100,,,99885,100,,,99883,100
2019-06-28 09:30:00.000000034,100008,100,99999,100,100058,100,99981,100,100059,100,99956,100,100062,100,99954,100,100066,100,99944,100,100083,100,99904,100,100099,100,99896,100,100116,100,99895,100,,,99894,100,,,99885,100
2019-06-28 09:30:00.000000036,100008,100,99981,100,100058,100,99956,100,100059,100,99954,100,100062,100,99944,100,100066,100,99904,100,100083,100,99896,100,100099,100,99895,100,100116,100,99894,100,,,99885,100,,,99883,100
2019-06-28 09:30:00.000000038,100008,100,99981,100,100058,100,99976,100,100059,100,99956,100,100062,100,99954,100,100066,100,99944,100,100083,100,99904,100,100099,100,99896,100,100116,100,99895,100,,,99894,100,,,99885,100
2019-06-28 09:30:00.000000039,100008,100,99999,100,100058,100,99981,100,100059,100,99976,100,100062,100,99956,100,100066,100,99954,100,100083,100,99944,100,100099,100,99904,100,100116,100,99896,100,,,99895,100,,,99894,100
2019-06-28 09:30:00.000000040,100008,100,99999,100,100033,100,99981,100,100058,100,99976,100,100059,100,99956,100,100062,100,99954,100,100066,100,99944,100,100083,100,99904,100,100099,100,99896,100,100116,100,99895,100,,,99894,100
2019-06-28 09:30:00.000000041,100008,100,99999,100,100033,100,99981,100,100058,100,99976,100,100059,100,99956,100,100062,100,99954,100,100066,100,99944,100,100083,100,99904,100,100099,100,99896,100,100116,100,99895,100,,,99894,100
2019-06-28 09:30:00.000000045,100008,100,99999,100,100033,100,99981,100,100043,100,99976,100,100058,100,99956,100,100059,100,99954,100,100062,100,99944,100,100066,100,99904,100,100083,100,99896,100,100099,100,99895,100,100116,100,99894,100
2019-06-28 09:30:00.000000050,100008,100,99999,100,100033,100,99992,100,100043,100,99981,100,100058,100,99976,100,100059,100,99956,100,100062,100,99954,100,100066,100,99944,100,100083,100,99904,100,100099,100,99896,100,100116,100,99895,100
2019-06-28 09:30:00.000000052,100008,100,99999,100,100033,100,99992,100,100043,100,99981,100,100058,100,99976,100,100059,100,99956,100,100062,100,99954,100,100066,100,99944,100,100083,100,99904,100,100099,100,99896,100,100116,100,99895,100
2019-06-28 09:30:00.000000054,100008,100,99999,100,100033,100,99992,100,100043,100,99981,100,100058,100,99976,100,100059,100,99956,100,100062,100,99954,100,100066,100,99944,100,100083,100,99904,100,100099,100,99896,100,100116,100,99895,100
2019-06-28 09:30:00.000000055,100008,100,99992,100,100033,100,99981,100,100043,100,99976,100,100058,100,99956,100,100059,100,99954,100,100062,100,99944,100,100066,100,99904,100,100083,100,99896,100,100099,100,99895,100,100116,100,99894,100
2019-06-28 09:30:00.000000056,100008,100,99992,100,100033,100,99981,100,100043,100,99976,100,100058,100,99969,100,100059,100,99956,100,100062,100,99954,100,100066,100,99944,200,100083,100,99904,100,100099,100,99896,100,100116,100,99895,100
2019-06-28 09:30:00.000000057,100008,100,99992,100,100033,100,99981,100,100043,100,99976,100,100058,100,99969,100,100059,100,99956,100,100062,100,99954,100,100066,100,99944,200,100083,100,99942,100,100099,100,99904,100,100116,100,99896,100
2019-06-28 09:30:00.000000059,100008,100,99981,100,100033,100,99976,100,100043,100,99969,100,100058,100,99956,100,100059,100,99954,100,100062,100,99944,200,100066,100,99942,100,100083,100,99904,100,100099,100,99896,100,100116,100,99895,100
2019-06-28 09:30:00.000000061,100008,100,99976,100,100033,100,99969,100,100043,100,99956,100,100058,100,99954,100,100059,100,99944,200,100062,100,99942,100,100066,100,99904,100,100083,100,99896,100,100099,100,99895,100,100116,100,99894,100
2019-06-28 09:30:00.000000063,100008,100,99976,100,100033,100,99969,100,100043,100,99956,100,100058,100,99954,100,100059,100,99944,200,100062,100,99942,100,100066,100,99904,100,100083,100,99896,100,100090,100,99895,100,100099,100,99894,100
2019-06-28 09:30:00.000000064,100033,100,99976,100,100043,100,99969,100,100058,100,99956,100,100059,100,99954,100,100062,100,99944,200,100066,100,99942,100,100083,100,99904,100,100090,100,99896,100,100099,100,99895,100,100116,100,99894,100
2019-06-28 09:30:00.000000065,100033,100,99976,100,100043,100,99969,100,100058,100,99956,100,100059,100,99954,100,100062,100,99944,200,100066,100,99942,100,100083,100,99904,100,100090,100,99896,100,100099,100,99895,100,100116,100,99894,100
2019-06-28 09:30:00.000000066,99982,100,99976,100,100033,100,99969,100,100043,100,99956,100,100058,100,99954,100,100059,100,99944,200,100062,100,99942,100,100066,100,99904,100,100083,100,99896,100,100090,100,99895,100,100099,100,99894,100
2019-06-28 09:30:00.000000067,99982,100,99976,100,100030,100,99969,100,100033,100,99956,100,100043,100,99954,100,100058,100,99944,200,100059,100,99942,100,100062,100,99904,100,100066,100,99896,100,100083,100,99895,100,100090,100,99894,100
2019-06-28 09:30:00.000000068,99982,100,99976,100,100030,100,99969,100,100033,100,99956,100,100043,100,99954,100,100058,100,99944,200,100059,100,99942,100,100062,100,99918,100,100066,100,99904,100,100083,100,99896,100,100090,100,99895,100
2019-06-28 09:30:00.000000069,99982,100,99976,100,100030,100,99969,100,100033,100,99956,100,100034,100,99954,100,100043,100,99944,200,100058,100,99942,100,100059,100,99918,100,100062,100,99904,100,100066,100,99896,100,100083,100,99895,100
2019-06-28 09:30:00.000000071,99982,100,99976,100,100030,100,99969,100,100033,100,99956,100,100034,100,99954,100,100043,100,99944,200,100058,100,99942,100,100059,100,99918,100,100062,100,99904,100,100066,100,99896,100,100083,100,99895,100
2019-06-28 09:30:00.000000073,99982,100,99976,100,100000,100,99969,100,100030,100,99956,100,100033,100,99954,100,100034,100,99944,200,100043,100,99942,100,100058,100,99918,100,100059,100,99904,100,100062,100,99896,100,100066,100,99895,100
2019-06-28 09:30:00.000000075,99982,100,99976,100,100000,100,99969,100,100030,100,99965,100,100033,100,99956,100,100034,100,99954,100,100043,100,99944,200,100058,100,99942,100,100059,100,99918,100,100062,100,99904,100,100066,100,99896,100
2019-06-28 09:30:00.000000076,99982,100,99976,100,100000,100,99969,100,100030,100,99965,100,100033,100,99956,100,100034,100,99954,100,100043,100,99944,200,100058,100,99942,100,100059,100,99918,100,100062,100,99904,100,100066,100,99896,100
2019-06-28 09:30:00.000000082,99982,100,99981,100,100000,100,99976,100,100030,100,99969,100,100033,100,99965,100,100034,100,99956,100,100043,100,99954,100,100058,100,99944,200,100059,100,99942,100,100062,100,99918,100,100066,100,99904,100
2019-06-28 09:30:00.000000083,99982,100,99981,100,100000,100,99976,100,100030,100,99969,100,100033,100,99965,100,100034,100,99956,100,100043,100,99954,100,100058,100,99944,200,100059,100,99942,100,100062,100,99918,100,100066,100,99904,100
2019-06-28 09:30:00.000000084,99982,100,99981,100,100000,100,99976,100,100030,100,99969,100,100033,100,99965,100,100034,100,99956,100,100043,100,99954,100,100058,100,99944,200,100059,100,99942,100,100062,100,99924,100,100066,100,99918,100
2019-06-28 09:30:00.000000086,99982,100,99981,200,100000,100,99976,100,100008,200,99969,100,100030,100,99965,100,100033,100,99956,100,100034,100,99954,100,100042,100,99944,200,100043,100,99942,100,100058,100,99924,100,100059,100,99918,100
2019-06-28 09:30:00.000000087,99982,100,99981,200,100000,100,99976,100,100008,200,99969,100,100030,100,99965,100,100033,100,99956,100,100034,100,99954,100,100042,100,99944,200,100043,100,99942,100,100058,100,99924,100,100059,100,99918,100
2019-06-28 09:30:00.000000088,99982,100,99981,200,100000,100,99976,100,100008,200,99969,100,100030,100,99965,100,100033,100,99956,100,100034,100,99954,100,100042,100,99944,200,100043,100,99942,100,100058,100,99924,100,100059,100,99918,100
2019-06-28 09:30:00.000000092,99982,100,99981,200,100000,100,99976,100,100008,200,99969,100,100030,100,99965,100,100033,100,99956,100,100034,100,99954,100,100042,100,99944,200,100043,100,99942,100,100058,100,99924,100,100059,100,99918,100
2019-06-28 09:30:00.000000094,99982,100,99981,200,100000,100,99976,100,100008,300,99969,100,100030,100,99965,100,100033,100,99956,100,100034,100,99954,100,100042,100,99944,200,100043,100,99942,100,100058,100,99924,100,100059,100,99918,100
2019-06-28 09:30:00.000000097,99982,100,99981,200,100000,100,99976,100,100008,400,99969,100,100030,100,99965,100,100033,100,99956,100,100034,100,99954,100,100042,100,99944,200,100043,100,99942,100,100058,100,99924,100,100059,100,99918,100
2019-06-28 09:30:00.000000099,99982,100,99981,200,100000,100,99976,100,100008,400,99969,100,100030,100,99965,100,100033,100,99956,100,100034,100,99954,100,100042,100,99944,200,100043,100,99942,100,100058,100,99926,100,100059,100,99924,100
2019-06-28 09:30:02.584467609,99982,100,99981,200,100000,100,99976,100,100008,400,99969,100,100030,100,99965,100,100033,100,99956,100,100034,100,99954,100,100042,100,99944,200,100043,100,99942,100,100058,100,99926,100,100059,100,99924,100
2019-06-28 09:30:06.259970442,99982,100,99981,100,100000,100,99976,100,100008,500,99969,100,100030,100,99965,100,100033,100,99956,100,100034,100,99954,100,100042,100,99944,200,100043,100,99942,100,100058,100,99926,100,100059,100,99924,100
2019-06-28 09:30:08.103578951,99982,100,99981,100,100000,100,99976,100,100008,500,99969,100,100030,100,99956,100,100033,100,99954,100,100034,100,99944,200,100042,100,99942,100,100043,100,99926,100,100058,100,99924,100,100059,100,99918,100
2019-06-28 09:30:10.000000000,99982,212,99981,212,100000,209,99976,209,100008,609,99969,209,100030,100,99956,100,100033,100,99954,100,100034,100,99944,200,100042,100,99942,100,100043,100,99926,100,100058,100,99924,100,100059,100,99918,100
2019-06-28 09:30:20.000000000,99982,430,99981,430,100000,100,99976,100,100008,500,99969,100,100030,100,99956,100,100033,100,99954,100,100034,100,99944,200,100042,100,99942,100,100043,100,99926,100,100058,100,99924,100,100059,100,99918,100
2019-06-28 09:30:30.000000000,99982,430,99981,430,100000,100,99976,100,100008,500,99969,100,100030,100,99956,100,100033,100,99954,100,100034,100,99944,200,100042,100,99942,100,100043,100,99926,100,100058,100,99924,100,100059,100,99918,100
2019-06-28 09:30:34.552659912,99982,430,99981,530,100000,100,99976,100,100008,500,99969,100,100030,100,99956,100,100033,100,99954,100,100034,100,99944,200,100042,100,99942,100,100043,100,99926,100,100058,100,99924,100,100059,100,99918,100
2019-06-28 09:30:40.000000000,99982,182,99981,282,100000,182,99976,182,100008,582,99969,182,100030,182,99956,182,100033,100,99954,100,100034,100,99944,200,100042,100,99942,100,100043,100,99926,100,100058,100,99924,100,100059,100,99918,100
2019-06-28 09:30:50.000000000,99982,166,99981,266,100000,166,99976,166,100008,566,99969,166,100030,166,99956,166,100033,166,99954,166,100034,100,99944,200,100042,100,99942,100,100043,100,99926,100,100058,100,99924,100,100059,100,99918,100
2019-06-28 09:30:54.488717991,99982,66,99981,266,100000,166,99976,166,100008,566,99969,166,100030,166,99956,166,100033,166,99954,166,100034,100,99944,200,100042,100,99942,100,100043,100,99926,100,100058,100,99924,100,100059,100,99918,100
2019-06-28 09:30:56.485549167,99982,66,99981,366,100000,166,99976,166,100008,566,99969,166,100030,166,99956,166,100033,166,99954,166,100034,100,99944,200,100042,100,99942,100,100058,100,99926,100,100059,100,99924,100,100062,100,99918,100
2019-06-28 09:30:57.756754365,99982,66,99981,366,100000,166,99976,166,100008,566,99969,166,100030,166,99956,166,100033,166,99954,166,100034,100,99944,200,100058,100,99942,100,100059,100,99926,100,100062,100,99924,100,100066,100,99918,100
2019-06-28 09:30:58.303337544,100000,166,99982,34,100008,566,99981,366,100030,166,99976,166,100033,166,99969,166,100034,100,99956,166,100058,100,99954,166,100059,100,99944,200,100062,100,99942,100,100066,100,99926,100,100083,100,99924,100
2019-06-28 09:31:00.000000000,100000,212,99982,146,100008,609,99981,409,100030,209,99976,209,100033,100,99969,100,100034,100,99956,100,100058,100,99954,100,100059,100,99944,200,100062,100,99942,100,100066,100,99926,100,100083,100,99924,100
2019-06-28 09:31:10.000000000,100000,182,99982,116,100008,582,99981,382,100030,182,99976,182,100033,182,99969,182,100034,100,99956,100,100058,100,99954,100,100059,100,99944,200,100062,100,99942,100,100066,100,99926,100,100083,100,99924,100
2019-06-28 09:31:16.603086328,100000,182,99982,16,100008,582,99981,382,100030,182,99976,182,100033,182,99969,182,100034,100,99956,100,100058,100,99954,100,100059,100,99944,200,100062,100,99942,100,100066,100,99926,100,100083,100,99924,100
2019-06-28 09:31:20.000000000,100000,166,99981,366,100008,566,99976,166,100030,166,99969,166,100033,166,99956,166,100034,166,99954,166,100058,100,99944,200,100059,100,99942,100,100062,100,99926,100,100066,100,99924,100,100083,100,99918,100
2019-06-28 09:31:22.343310190,100000,66,99981,366,100008,566,99976,166,100030,166,99969,166,100033,166,99956,166,100034,166,99954,166,100058,100,99944,200,100059,100,99942,100,100062,100,99926,100,100066,100,99924,100,100083,100,99918,100
2019-06-28 09:31:28.691901857,100000,66,99981,366,100008,566,99976,166,100030,166,99969,166,100033,166,99956,166,100034,166,99954,166,100058,100,99944,200,100059,100,99942,100,100062,100,99926,100,100066,100,99924,100,100083,100,99918,100
2019-06-28 09:31:30.000000000,100008,566,99981,366,100030,166,99976,166,100033,166,99969,166,100034,166,99956,166,100058,166,99954,166,100059,100,99944,200,100062,100,99942,100,100066,100,99926,100,100083,100,99924,100,100090,100,99918,100
2019-06-28 09:31:40.000000000,100008,665,99981,465,100030,265,99976,265,100033,100,99969,100,100034,100,99956,100,100058,100,99954,100,100059,100,99944,200,100062,100,99942,100,100066,100,99926,100,100083,100,99924,100,100090,100,99918,100
2019-06-28 09:31:50.000000000,100008,665,99981,465,100030,265,99976,265,100033,100,99969,100,100034,100,99956,100,100058,100,99954,100,100059,100,99944,200,100062,100,99942,100,100066,100,99926,100,100083,100,99924,100,100090,100,99918,100
2019-06-28 09:31:56.889410324,100008,565,99981,465,100030,265,99976,265,100033,100,99969,100,100034,100,99956,100,100058,100,99954,100,100059,100,99944,200,100062,100,99942,100,100066,100,99926,100,100083,100,99924,100,100090,100,99918,100
2019-06-28 09:31:58.619753483,100008,465,99981,465,100030,265,99976,265,100033,100,99969,100,100034,100,99956,100,100058,100,99954,100,100059,100,99944,200,100062,100,99942,100,100066,100,99926,100,100083,100,99924,100,100090,100,99918,100
2019-06-28 09:32:00.000000000,100008,630,99981,630,100030,100,99976,100,100033,100,99969,100,100034,100,99956,100,100058,100,99954,100,100059,100,99944,200,100062,100,99942,100,100066,100,99926,100,100083,100,99924,100,100090,100,99918,100
2019-06-28 09:32:10.000000000,100008,382,99981,382,100030,182,99976,182,100033,182,99969,182,100034,182,99956,182,100058,100,99954,100,100059,100,99944,200,100062,100,99942,100,100066,100,99926,100,100083,100,99924,100,100090,100,99918,100
2019-06-28 09:32:14.002661270,100008,382,99981,382,100030,182,99976,182,100033,182,99969,182,100034,182,99956,182,100058,100,99954,100,100059,100,99944,200,100062,100,99942,100,100066,100,99926,100,100083,100,99924,100,100099,100,99918,100
2019-06-28 09:32:16.065177024,100008,382,100000,100,100030,182,99981,382,100033,182,99976,182,100034,182,99969,182,100058,100,99956,182,100059,100,99954,100,100062,100,99944,200,100066,100,99942,100,100083,100,99926,100,100099,100,99924,100
2019-06-28 09:32:16.581807565,100008,382,100000,100,100030,182,99981,382,100033,182,99976,182,100034,182,99969,182,100058,100,99956,182,100059,100,99954,100,100062,100,99944,200,100066,100,99942,100,100083,100,99926,100,100099,100,99924,100
2019-06-28 09:32:20.000000000,100008,465,100000,265,100030,265,99981,465,100033,100,99976,100,100034,100,99969,100,100058,100,99956,100,100059,100,99954,100,100062,100,99944,200,100066,100,99942,100,100083,100,99926,100,100099,100,99924,100
2019-06-28 09:32:29.936547503,100008,365,100000,265,100030,265,99981,465,100033,100,99976,100,100034,100,99969,100,100058,100,99956,100,100059,100,99954,100,100062,100,99944,200,100066,100,99942,100,100083,100,99926,100,100099,100,99924,100
2019-06-28 09:32:30.000000000,100008,312,100000,212,100030,209,99981,409,100033,209,99976,209,100034,100,99969,100,100058,100,99956,100,100059,100,99954,100,100062,100,99944,200,100066,100,99942,100,100083,100,99926,100,100099,100,99924,100
2019-06-28 09:32:32.715412785,100008,312,100000,212,100030,209,99981,409,100033,209,99976,209,100034,100,99969,100,100058,100,99956,100,100059,100,99954,100,100062,100,99944,200,100066,100,99942,100,100083,100,99926,100,100099,100,99924,100
2019-06-28 09:32:32.764504957,100008,212,100000,212,100030,209,99981,409,100033,209,99976,209,100034,100,99969,100,100058,100,99956,100,100059,100,99954,100,100062,100,99944,200,100066,100,99942,100,100083,100,99926,100,100099,100,99924,100
2019-06-28 09:32:33.518647836,100008,212,100000,112,100030,209,99981,409,100033,209,99976,209,100034,100,99969,100,100058,100,99956,100,100059,100,99954,100,100062,100,99944,200,100066,100,99942,100,100083,100,99926,100,100099,100,99924,100
2019-06-28 09:32:40.000000000,100008,166,99981,366,100030,166,99976,166,100033,166,99969,166,100034,166,99956,166,100058,166,99954,166,100059,100,99944,200,100062,100,99942,100,100066,100,99926,100,100083,100,99924,100,100099,100,99918,100
2019-06-28 09:32:47.781809436,100008,166,99981,366,100030,166,99976,166,100033,166,99969,66,100034,166,99956,166,100058,166,99954,166,100059,100,99944,200,100062,100,99942,100,100066,100,99926,100,100083,100,99924,100,100099,100,99918,100
2019-06-28 09:32:50.000000000,100008,430,99981,630,100030,100,99976,100,100033,100,99956,100,100034,100,99954,100,100058,100,99944,200,100059,100,99942,100,100062,100,99926,100,100066,100,99924,100,100083,100,99918,100,100099,100,99896,100
2019-06-28 09:32:50.352242962,100008,330,99981,630,100030,100,99976,100,100033,100,99956,100,100034,100,99954,100,100058,100,99944,200,100059,100,99942,100,100062,100,99926,100,100066,100,99924,100,100083,100,99918,100,100099,100,99896,100
2019-06-28 09:33:00.000000000,100030,182,99981,382,100033,182,99976,182,100034,182,99956,182,100058,182,99954,182,100059,100,99944,200,100062,100,99942,100,100066,100,99926,100,100083,100,99924,100,100099,100,99918,100,100103,100,99896,100
2019-06-28 09:33:09.198789606,100030,82,99981,382,100033,182,99976,182,100034,182,99956,182,100058,182,99954,182,100059,100,99944,200,100062,100,99942,100,100066,100,99926,100,100083,100,99924,100,100099,100,99918,100,100103,100,99896,100
2019-06-28 09:33:10.000000000,100033,212,99981,412,100034,209,99976,209,100058,209,99956,209,100059,100,99954,100,100062,100,99944,200,100066,100,99942,100,100083,100,99926,100,100099,100,99924,100,100103,100,99918,100,100104,100,99896,100
2019-06-28 09:33:16.657804021,100033,112,99981,412,100034,209,99976,209,100058,209,99956,209,100059,100,99954,100,100062,100,99944,200,100066,100,99942,100,100083,100,99926,100,100099,100,99924,100,100103,100,99918,100,100104,100,99896,100
2019-06-28 09:33:20.000000000,100034,182,99981,382,100058,182,99976,182,100059,182,99956,182,100062,182,99954,182,100066,100,99944,200,100083,100,99942,100,100099,100,99926,100,100103,100,99924,100,100104,100,99918,100,100116,100,99896,100
2019-06-28 09:33:25.718058648,100034,182,99981,382,100058,182,99976,182,100059,182,99956,182,100062,182,99954,182,100066,100,99944,200,100083,100,99942,100,100099,100,99926,100,100103,100,99924,100,100104,100,99918,100,100116,100,99896,100
2019-06-28 09:33:30.000000000,100034,166,99981,366,100058,166,99976,166,100059,166,99956,166,100062,166,99954,166,100066,166,99944,266,100083,100,99942,100,100099,100,99926,100,100103,100,99924,100,100104,100,99918,100,100116,100,99896,100
2019-06-28 09:33:32.825124682,100034,166,99981,366,100058,166,99976,166,100059,166,99956,166,100062,166,99954,166,100066,166,99944,266,100083,100,99942,100,100099,100,99926,100,100103,100,99924,100,100104,100,99918,100,100116,100,99896,100
2019-06-28 09:33:35.784789899,100034,166,100030,100,100058,166,99981,366,100059,166,99976,166,100062,166,99956,166,100066,166,99954,166,100083,100,99944,266,100099,100,99942,100,100103,100,99926,100,100104,100,99924,100,100116,100,99918,100
2019-06-28 09:33:40.000000000,100034,430,100030,430,100058,100,99981,300,100059,100,99976,100,100062,100,99956,100,100066,100,99954,100,100083,100,99944,200,100099,100,99942,100,100103,100,99926,100,100104,100,99924,100,100116,100,99918,100
2019-06-28 09:33:43.039802553,100034,430,100030,430,100058,100,99981,300,100059,100,99976,100,100062,100,99956,100,100066,100,99954,100,100083,100,99944,200,100099,100,99926,100,100103,100,99924,100,100104,100,99918,100,100116,100,99895,100
2019-06-28 09:33:43.101926072,100034,330,100030,430,100058,100,99981,300,100059,100,99956,100,100062,100,99954,100,100066,100,99944,200,100083,100,99926,100,100099,100,99924,100,100103,100,99918,100,100104,100,99895,100,100116,100,99894,100
2019-06-28 09:33:50.000000000,100058,212,100030,212,100059,209,99981,409,100062,209,99956,209,100066,100,99954,100,100083,100,99944,200,100099,100,99926,100,100103,100,99924,100,100104,100,99918,100,100116,100,99895,100,100119,100,99894,100
2019-06-28 09:34:00.000000000,100058,182,100030,182,100059,182,99981,382,100062,182,99956,182,100066,182,99954,182,100083,100,99944,200,100099,100,99926,100,100103,100,99924,100,100104,100,99918,100,100116,100,99895,100,100119,100,99894,100
2019-06-28 09:34:10.000000000,100058,265,100030,265,100059,265,99981,465,100062,100,99956,100,100066,100,99954,100,100083,100,99944,200,100099,100,99926,100,100103,100,99924,100,100104,100,99918,100,100116,100,99895,100,100119,100,99894,100
2019-06-28 09:34:20.000000000,100058,430,100030,430,100059,100,99981,300,100062,100,99956,100,100066,100,99954,100,100083,100,99944,200,100099,100,99926,100,100103,100,99924,100,100104,100,99918,100,100116,100,99895,100,100119,100,99894,100
2019-06-28 09:34:27.786853646,100032,100,100030,430,100058,430,99981,300,100059,100,99956,100,100062,100,99954,100,100066,100,99944,200,100083,100,99926,100,100099,100,99924,100,100103,100,99918,100,100104,100,99895,100,100116,100,99894,100
2019-06-28 09:34:30.000000000,100032,182,100030,182,100058,182,99981,382,100059,182,99956,182,100062,182,99954,182,100066,100,99944,200,100083,100,99926,100,100099,100,99924,100,100103,100,99918,100,100104,100,99895,100,100116,100,99894,100
2019-06-28 09:34:39.298875795,100032,182,100030,182,100058,182,99981,282,100059,182,99956,182,100062,182,99954,182,100066,100,99944,200,100083,100,99926,100,100099,100,99924,100,100103,100,99918,100,100104,100,99895,100,100116,100,99894,100
2019-06-28 09:34:40.000000000,100032,430,100030,430,100058,100,99981,200,100059,100,99956,100,100062,100,99954,100,100066,100,99944,200,100083,100,99926,100,100099,100,99924,100,100103,100,99918,100,100104,100,99895,100,100116,100,99894,100
2019-06-28 09:34:50.000000000,100032,182,100030,182,100058,182,99981,282,100059,182,99956,182,100062,182,99954,182,100066,100,99944,200,100083,100,99926,100,100099,100,99924,100,100103,100,99918,100,100104,100,99895,100,100116,100,99894,100
2019-06-28 09:35:00.000000000,100032,430,100030,430,100058,100,99981,200,100059,100,99956,100,100062,100,99954,100,100066,100,99944,200,100083,100,99926,100,100099,100,99924,100,100103,100,99918,100,100104,100,99895,100,100116,100,99894,100
2019-06-28 09:35:10.000000000,100032,430,100030,430,100058,100,99981,200,100059,100,99956,100,100062,100,99954,100,100066,100,99944,200,100083,100,99926,100,100099,100,99924,100,100103,100,99918,100,100104,100,99895,100,100116,100,99894,100
2019-06-28 09:35:17.990021018,100032,430,100030,330,100058,100,99981,200,100059,100,99956,100,100062,100,99954,100,100066,100,99944,200,100083,100,99926,100,100099,100,99924,100,100103,100,99918,100,100104,100,99895,100,100116,100,99894,100
2019-06-28 09:35:20.000000000,100032,430,99981,530,100058,100,99956,100,100059,100,99954,100,100062,100,99944,200,100066,100,99926,100,100083,100,99924,100,100099,100,99918,100,100103,100,99895,100,100104,100,99894,100,100116,100,99885,100
2019-06-28 09:35:30.000000000,100032,182,99981,282,100058,182,99956,182,100059,182,99954,182,100062,182,99944,282,100066,100,99926,100,100083,100,99924,100,100099,100,99918,100,100103,100,99895,100,100104,100,99894,100,100116,100,99885,100
2019-06-28 09:35:38.475352189,100032,182,99981,182,100058,182,99956,182,100059,182,99954,182,100062,182,99944,282,100066,100,99926,100,100083,100,99924,100,100099,100,99918,100,100103,100,99895,100,100104,100,99894,100,100116,100,99885,100
2019-06-28 09:35:40.000000000,100032,265,99981,265,100058,265,99956,265,100059,100,99954,100,100062,100,99944,200,100066,100,99926,100,100083,100,99924,100,100099,100,99918,100,100103,100,99895,100,100104,100,99894,100,100116,100,99885,100
2019-06-28 09:35:50.000000000,100032,265,99981,265,100058,265,99956,265,100059,100,99954,100,100062,100,99944,200,100066,100,99926,100,100083,100,99924,100,100099,100,99918,100,100103,100,99895,100,100104,100,99894,100,100116,100,99885,100
2019-06-28 09:36:00.000000000,100032,265,99981,265,100058,265,99956,265,100059,100,99954,100,100062,100,99944,200,100066,100,99926,100,100083,100,99924,100,100099,100,99918,100,100103,100,99895,100,100104,100,99894,100,100116,100,99885,100
2019-06-28 09:36:03.148200081,100032,265,99981,165,100058,265,99956,265,100059,100,99954,100,100062,100,99944,200,100066,100,99926,100,100083,100,99924,100,100099,100,99918,100,100103,100,99894,100,100104,100,99885,100,100116,100,99871,100
2019-06-28 09:36:10.000000000,100032,166,99956,166,100058,166,99954,166,100059,166,99944,266,100062,166,99926,166,100066,166,99924,166,100083,100,99918,100,100099,100,99894,100,100103,100,99885,100,100104,100,99871,100,100116,100,99863,100
2019-06-28 09:36:20.000000000,100032,166,99956,166,100058,166,99954,166,100059,166,99944,266,100062,166,99926,166,100066,166,99924,166,100083,100,99918,100,100099,100,99894,100,100103,100,99885,100,100104,100,99871,100,100116,100,99863,100
2019-06-28 09:36:23.705724320,100032,166,99956,66,100058,166,99954,166,100059,166,99944,266,100062,166,99926,166,100066,166,99924,166,100083,100,99918,100,100099,100,99894,100,100103,100,99885,100,100104,100,99871,100,100116,100,99863,100
2019-06-28 09:36:30.000000000,100032,212,99954,212,100058,209,99944,309,100059,209,99926,209,100062,100,99924,100,100066,100,99918,100,100083,100,99894,100,100099,100,99885,100,100103,100,99871,100,100104,100,99863,100,100116,100,99856,100
2019-06-28 09:36:35.895877128,100032,212,99954,212,100058,209,99944,309,100059,209,99926,209,100062,100,99924,100,100083,100,99918,100,100099,100,99894,100,100103,100,99885,100,100104,100,99871,100,100116,100,99863,100,100119,100,99856,100
2019-06-28 09:36:37.530446776,100032,212,99954,112,100058,209,99944,309,100059,209,99926,209,100062,100,99924,100,100083,100,99918,100,100099,100,99894,100,100103,100,99885,100,100104,100,99871,100,100116,100,99863,100,100119,100,99856,100
2019-06-28 09:36:40.000000000,100032,212,99944,312,100058,209,99926,209,100059,209,99924,209,100062,100,99918,100,100083,100,99894,100,100099,100,99885,100,100103,100,99871,100,100104,100,99863,100,100116,100,99856,100,100119,100,99854,100
2019-06-28 09:36:50.000000000,100032,265,99944,365,100058,265,99926,265,100059,100,99924,100,100062,100,99918,100,100083,100,99894,100,100099,100,99885,100,100103,100,99871,100,100104,100,99863,100,100116,100,99856,100,100119,100,99854,100
2019-06-28 09:37:00.000000000,100032,430,99944,530,100058,100,99926,100,100059,100,99924,100,100062,100,99918,100,100083,100,99894,100,100099,100,99885,100,100103,100,99871,100,100104,100,99863,100,100116,100,99856,100,100119,100,99854,100
2019-06-28 09:37:06.475200966,100032,430,99944,430,100058,100,99926,100,100059,100,99924,100,100062,100,99918,100,100083,100,99894,100,100099,100,99885,100,100103,100,99871,100,100104,100,99863,100,100116,100,99856,100,100119,100,99854,100
2019-06-28 09:37:08.599404613,99954,100,99944,430,100032,430,99926,100,100058,100,99924,100,100059,100,99918,100,100062,100,99894,100,100083,100,99885,100,100099,100,99871,100,100103,100,99863,100,100104,100,99856,100,100116,100,99854,100
2019-06-28 09:37:10.000000000,99954,182,99944,182,100032,182,99926,182,100058,182,99924,182,100059,182,99918,182,100062,100,99894,100,100083,100,99885,100,100099,100,99871,100,100103,100,99863,100,100104,100,99856,100,100116,100,99854,100
2019-06-28 09:37:14.938443040,99954,182,99944,82,100032,182,99926,182,100058,182,99924,182,100059,182,99918,182,100062,100,99894,100,100083,100,99885,100,100099,100,99871,100,100103,100,99863,100,100104,100,99856,100,100116,100,99854,100
2019-06-28 09:37:20.000000000,99954,430,99926,430,100032,100,99924,100,100058,100,99918,100,100059,100,99894,100,100062,100,99885,100,100083,100,99871,100,100099,100,99863,100,100103,100,99856,100,100104,100,99854,100,100116,100,99852,200
2019-06-28 09:37:30.000000000,99954,265,99926,265,100032,265,99924,265,100058,100,99918,100,100059,100,99894,100,100062,100,99885,100,100083,100,99871,100,100099,100,99863,100,100103,100,99856,100,100104,100,99854,100,100116,100,99852,200
2019-06-28 09:37:32.026150954,99954,265,99926,165,100032,265,99924,265,100058,100,99918,100,100059,100,99894,100,100062,100,99885,100,100083,100,99871,100,100099,100,99863,100,100103,100,99856,100,100104,100,99854,100,100116,100,99852,200
2019-06-28 09:37:39.392717096,99954,265,99926,165,100032,265,99924,265,100058,100,99918,100,100059,100,99894,100,100062,100,99885,100,100083,100,99871,100,100099,100,99863,100,100103,100,99856,100,100104,100,99854,100,100116,100,99852,200
2019-06-28 09:37:40.000000000,99954,212,99924,212,100032,209,99918,209,100058,209,99894,209,100059,100,99885,100,100062,100,99871,100,100083,100,99863,100,100099,100,99856,100,100103,100,99854,100,100104,100,99852,200,100116,100,99728,100
2019-06-28 09:37:50.000000000,99954,166,99924,166,100032,166,99918,166,100058,166,99894,166,100059,166,99885,166,100062,166,99871,166,100083,100,99863,100,100099,100,99856,100,100103,100,99854,100,100104,100,99852,200,100116,100,99728,100
2019-06-28 09:38:00.000000000,99954,182,99924,182,100032,182,99918,182,100058,182,99894,182,100059,182,99885,182,100062,100,99871,100,100083,100,99863,100,100099,100,99856,100,100103,100,99854,100,100104,100,99852,200,100116,100,99728,100
2019-06-28 09:38:10.000000000,99954,166,99924,166,100032,166,99918,166,100058,166,99894,166,100059,166,99885,166,100062,166,99871,166,100083,100,99863,100,100099,100,99856,100,100103,100,99854,100,100104,100,99852,200,100116,100,99728,100
2019-06-28 09:38:11.814641553,99954,166,99924,66,100032,166,99918,166,100058,166,99894,166,100059,166,99885,166,100062,166,99871,166,100083,100,99863,100,100099,100,99856,100,100103,100,99854,100,100104,100,99852,200,100116,100,99728,100
2019-06-28 09:38:20.000000000,99954,212,99918,212,100032,209,99894,209,100058,209,99885,209,100059,100,99871,100,100062,100,99863,100,100083,100,99856,100,100099,100,99854,100,100103,100,99852,200,100104,100,99728,100,100116,100,99405,100
2019-06-28 09:38:30.000000000,99954,182,99918,182,100032,182,99894,182,100058,182,99885,182,100059,182,99871,182,100062,100,99863,100,100083,100,99856,100,100099,100,99854,100,100103,100,99852,200,100104,100,99728,100,100116,100,99405,100
2019-06-28 09:38:30.311747692,99954,182,99918,182,100032,182,99894,182,100058,182,99885,182,100059,182,99871,182,100062,100,99863,100,100083,100,99856,100,100099,100,99854,100,100103,100,99852,200,100104,100,99728,100,100116,100,99693,100
2019-06-28 09:38:30.946116972,99954,182,99918,82,100032,182,99894,182,100058,182,99885,182,100059,182,99871,182,100062,100,99863,100,100099,100,99856,100,100103,100,99854,100,100104,100,99852,200,100116,100,99728,100,100119,100,99693,100
2019-06-28 09:38:40.000000000,99954,166,99894,166,100032,166,99885,166,100058,166,99871,166,100059,166,99863,166,100062,166,99856,166,100099,100,99854,100,100103,100,99852,200,100104,100,99728,100,100116,100,99693,100,100119,100,99405,100
2019-06-28 09:38:44.693166461,99954,166,99894,166,100032,166,99885,166,100058,166,99871,166,100059,166,99863,166,100062,166,99856,166,100099,100,99854,100,100103,100,99852,200,100104,100,99728,100,100116,100,99693,100,100119,100,99514,100
2019-06-28 09:38:50.000000000,99954,166,99894,166,100032,166,99885,166,100058,166,99871,166,100059,166,99863,166,100062,166,99856,166,100099,100,99854,100,100103,100,99852,200,100104,100,99728,100,100116,100,99693,100,100119,100,99514,100
2019-06-28 09:38:56.599417726,99954,166,99894,66,100032,166,99885,166,100058,166,99871,166,100059,166,99863,166,100062,66,99856,166,100099,100,99854,100,100103,100,99852,200,100104,100,99728,100,100116,100,99693,100,100119,100,99514,100
2019-06-28 09:38:58.707040922,99954,166,99894,66,100032,166,99885,166,100058,166,99871,166,100059,166,99863,166,100062,66,99856,166,100099,100,99854,100,100103,100,99852,200,100104,100,99728,100,100116,100,99693,100,100119,100,99514,100
2019-06-28 09:39:00.000000000,99954,265,99885,265,100032,265,99871,265,100058,100,99863,100,100059,100,99856,100,100099,100,99854,100,100103,100,99852,200,100104,100,99728,100,100116,100,99693,100,100119,100,99514,100,100137,100,99435,100
2019-06-28 09:39:10.000000000,99954,430,99885,430,100032,100,99871,100,100058,100,99863,100,100059,100,99856,100,100099,100,99854,100,100103,100,99852,200,100104,100,99728,100,100116,100,99693,100,100119,100,99514,100,100137,100,99435,100
2019-06-28 09:39:20.000000000,99954,182,99885,182,100032,182,99871,182,100058,182,99863,182,100059,182,99856,182,100099,100,99854,100,100103,100,99852,200,100104,100,99728,100,100116,100,99693,100,100119,100,99514,100,100137,100,99435,100
2019-06-28 09:39:26.435216218,99954,182,99885,182,100032,182,99871,182,100058,182,99863,182,100059,182,99856,182,100099,100,99854,100,100103,100,99852,200,100104,100,99728,100,100116,100,99693,100,100119,100,99514,100,100137,100,99435,100
2019-06-28 09:39:30.000000000,99954,182,99885,182,100032,182,99871,182,100058,182,99863,182,100059,182,99856,182,100099,100,99854,100,100103,100,99852,200,100104,100,99728,100,100116,100,99693,100,100119,100,99514,100,100137,100,99435,100
2019-06-28 09:39:40.000000000,99954,182,99885,182,100032,182,99871,182,100058,182,99863,182,100059,182,99856,182,100099,100,99854,100,100103,100,99852,200,100104,100,99728,100,100116,100,99693,100,100119,100,99514,100,100137,100,99435,100
2019-06-28 09:39:50.000000000,99954,212,99885,212,100032,209,99871,209,100058,209,99863,209,100059,100,99856,100,100099,100,99854,100,100103,100,99852,200,100104,100,99728,100,100116,100,99693,100,100119,100,99514,100,100137,100,99435,100
2019-06-28 09:40:00.000000000,99954,265,99885,265,100032,265,99871,265,100058,100,99863,100,100059,100,99856,100,100099,100,99854,100,100103,100,99852,200,100104,100,99728,100,100116,100,99693,100,100119,100,99514,100,100137,100,99435,100
2019-06-28 09:40:01.234781664,99954,265,99885,265,100032,265,99871,265,100058,100,99863,100,100059,100,99856,100,100099,100,99854,100,100103,100,99852,200,100104,100,99728,100,100116,100,99693,100,100119,100,99514,100,100137,100,99435,100
2019-06-28 09:40:10.000000000,99954,182,99885,182,100032,182,99871,182,100058,182,99863,182,100059,182,99856,182,100099,100,99854,100,100103,100,99852,200,100104,100,99728,100,100116,100,99693,100,100119,100,99514,100,100137,100,99435,100
2019-06-28 09:40:19.187192106,99954,182,99885,182,100032,182,99871,182,100058,182,99863,182,100059,182,99856,182,100099,100,99854,100,100103,100,99852,200,100104,100,99728,100,100116,100,99693,100,100119,100,99435,100,100137,100,99405,100
2019-06-28 09:40:20.000000000,99954,182,99885,182,100032,182,99871,182,100058,182,99863,182,100059,182,99856,182,100099,100,99854,100,100103,100,99852,200,100104,100,99728,100,100116,100,99693,100,100119,100,99435,100,100137,100,99405,100
2019-06-28 09:40:30.000000000,99954,430,99885,430,100032,100,99871,100,100058,100,99863,100,100059,100,99856,100,100099,100,99854,100,100103,100,99852,200,100104,100,99728,100,100116,100,99693,100,100119,100,99435,100,100137,100,99405,100
2019-06-28 09:40:30.080293545,99954,430,99885,330,100032,100,99871,100,100058,100,99863,100,100059,100,99856,100,100099,100,99854,100,100103,100,99852,200,100104,100,99728,100,100116,100,99693,100,100119,100,99435,100,100137,100,99405,100
2019-06-28 09:40:40.000000000,99954,430,99871,430,100032,100,99863,100,100058,100,99856,100,100059,100,99854,100,100099,100,99852,200,100103,100,99728,100,100104,100,99693,100,100116,100,99435,100,100119,100,99405,100,100137,100,99281,100
2019-06-28 09:40:50.000000000,99954,212,99871,212,100032,209,99863,209,100058,209,99856,209,100059,100,99854,100,100099,100,99852,200,100103,100,99728,100,100104,100,99693,100,100116,100,99435,100,100119,100,99405,100,100137,100,99281,100
2019-06-28 09:41:00.000000000,99954,212,99871,212,100032,209,99863,209,100058,209,99856,209,100059,100,99854,100,100099,100,99852,200,100103,100,99728,100,100104,100,99693,100,100116,100,99435,100,100119,100,99405,100,100137,100,99281,100
2019-06-28 09:41:00.728574513,99954,212,99871,112,100032,209,99863,209,100058,209,99856,209,100059,100,99854,100,100099,100,99852,200,100103,100,99728,100,100104,100,99693,100,100116,100,99435,100,100119,100,99405,100,100137,100,99281,100
2019-06-28 09:41:10.000000000,99954,166,99863,166,100032,166,99856,166,100058,166,99854,166,100059,166,99852,266,100099,166,99728,166,100103,100,99693,100,100104,100,99435,100,100116,100,99405,100,100119,100,99281,100,100137,100,99250,100
2019-06-28 09:41:20.000000000,99954,182,99863,182,100032,182,99856,182,100058,182,99854,182,100059,182,99852,282,100099,100,99728,100,100103,100,99693,100,100104,100,99435,100,100116,100,99405,100,100119,100,99281,100,100137,100,99250,100
2019-06-28 09:41:24.682065578,99954,182,99863,182,100032,182,99856,182,100058,182,99854,182,100059,182,99852,282,100099,100,99728,100,100103,100,99693,100,100104,100,99435,100,100116,100,99405,100,100119,100,99281,100,100137,100,99250,100
2019-06-28 09:41:30.000000000,99954,166,99863,166,100032,166,99856,166,100058,166,99854,166,100059,166,99852,266,100099,166,99728,166,100103,100,99693,100,100104,100,99435,100,100116,100,99405,100,100119,100,99281,100,100137,100,99250,100
2019-06-28 09:41:40.000000000,99954,182,99863,182,100032,182,99856,182,100058,182,99854,182,100059,182,99852,282,100099,100,99728,100,100103,100,99693,100,100104,100,99435,100,100116,100,99405,100,100119,100,99281,100,100137,100,99250,100
2019-06-28 09:41:50.000000000,99954,212,99863,212,100032,209,99856,209,100058,209,99854,209,100059,100,99852,200,100099,100,99728,100,100103,100,99693,100,100104,100,99435,100,100116,100,99405,100,100119,100,99281,100,100137,100,99250,100
2019-06-28 09:42:00.000000000,99954,166,99863,166,100032,166,99856,166,100058,166,99854,166,100059,166,99852,266,100099,166,99728,166,100103,100,99693,100,100104,100,99435,100,100116,100,99405,100,100119,100,99281,100,100137,100,99250,100
2019-06-28 09:42:10.000000000,99954,430,99863,430,100032,100,99856,100,100058,100,99854,100,100059,100,99852,200,100099,100,99728,100,100103,100,99693,100,100104,100,99435,100,100116,100,99405,100,100119,100,99281,100,100137,100,99250,100
2019-06-28 09:42:20.000000000,99954,212,99863,212,100032,209,99856,209,100058,209,99854,209,100059,100,99852,200,100099,100,99728,100,100103,100,99693,100,100104,100,99435,100,100116,100,99405,100,100119,100,99281,100,100137,100,99250,100
2019-06-28 09:42:30.000000000,99954,212,99863,212,100032,209,99856,209,100058,209,99854,209,100059,100,99852,200,100099,100,99728,100,100103,100,99693,100,100104,100,99435,100,100116,100,99405,100,100119,100,99281,100,100137,100,99250,100
2019-06-28 09:42:36.872163723,99954,212,99863,212,100032,209,99856,209,100058,209,99854,209,100059,100,99852,200,100099,100,99728,100,100103,100,99693,100,100104,100,99435,100,100116,100,99405,100,100137,100,99281,100,100142,100,99261,100
2019-06-28 09:42:40.000000000,99954,212,99863,212,100032,209,99856,209,100058,209,99854,209,100059,100,99852,200,100099,100,99728,100,100103,100,99693,100,100104,100,99435,100,100116,100,99405,100,100137,100,99281,100,100142,100,99261,100
2019-06-28 09:42:50.000000000,99954,265,99863,265,100032,265,99856,265,100058,100,99854,100,100059,100,99852,200,100099,100,99728,100,100103,100,99693,100,100104,100,99435,100,100116,100,99405,100,100137,100,99281,100,100142,100,99261,100
2019-06-28 09:43:00.000000000,99954,182,99863,182,100032,182,99856,182,100058,182,99854,182,100059,182,99852,282,100099,100,99728,100,100103,100,99693,100,100104,100,99435,100,100116,100,99405,100,100137,100,99281,100,100142,100,99261,100
2019-06-28 09:43:10.000000000,99954,182,99863,182,100032,182,99856,182,100058,182,99854,182,100059,182,99852,282,100099,100,99728,100,100103,100,99693,100,100104,100,99435,100,100116,100,99405,100,100137,100,99281,100,100142,100,99261,100
2019-06-28 09:43:20.000000000,99954,182,99863,182,100032,182,99856,182,100058,182,99854,182,100059,182,99852,282,100099,100,99728,100,100103,100,99693,100,100104,100,99435,100,100116,100,99405,100,100137,100,99281,100,100142,100,99261,100
2019-06-28 09:43:30.000000000,99954,182,99863,182,100032,182,99856,182,100058,182,99854,182,100059,182,99852,282,100099,100,99728,100,100103,100,99693,100,100104,100,99435,100,100116,100,99405,100,100137,100,99281,100,100142,100,99261,100
2019-06-28 09:43:40.000000000,99954,166,99863,166,100032,166,99856,166,100058,166,99854,166,100059,166,99852,266,100099,166,99728,166,100103,100,99693,100,100104,100,99435,100,100116,100,99405,100,100137,100,99281,100,100142,100,99261,100
2019-06-28 09:43:50.000000000,99954,265,99863,265,100032,265,99856,265,100058,100,99854,100,100059,100,99852,200,100099,100,99728,100,100103,100,99693,100,100104,100,99435,100,100116,100,99405,100,100137,100,99281,100,100142,100,99261,100
2019-06-28 09:44:00.000000000,99954,265,99863,265,100032,265,99856,265,100058,100,99854,100,100059,100,99852,200,100099,100,99728,100,100103,100,99693,100,100104,100,99435,100,100116,100,99405,100,100137,100,99281,100,100142,100,99261,100
2019-06-28 09:44:10.000000000,99954,265,99863,265,100032,265,99856,265,100058,100,99854,100,100059,100,99852,200,100099,100,99728,100,100103,100,99693,100,100104,100,99435,100,100116,100,99405,100,100137,100,99281,100,100142,100,99261,100
2019-06-28 09:44:20.000000000,99954,182,99863,182,100032,182,99856,182,100058,182,99854,182,100059,182,99852,282,100099,100,99728,100,100103,100,99693,100,100104,100,99435,100,100116,100,99405,100,100137,100,99281,100,100142,100,99261,100
2019-06-28 09:44:30.000000000,99954,182,99863,182,100032,182,99856,182,100058,182,99854,182,100059,182,99852,282,100099,100,99728,100,100103,100,99693,100,100104,100,99435,100,100116,100,99405,100,100137,100,99281,100,100142,100,99261,100
2019-06-28 09:44:32.469768428,99885,100,99863,182,99954,182,99856,182,100032,182,99854,182,100058,182,99852,282,100059,182,99728,100,100099,100,99693,100,100103,100,99435,100,100104,100,99405,100,100116,100,99281,100,100137,100,99261,100
2019-06-28 09:44:36.571651422,99885,100,99863,182,99954,182,99856,182,100032,182,99854,182,100058,182,99852,282,100059,182,99728,100,100099,100,99693,100,100103,100,99684,100,100104,100,99435,100,100116,100,99405,100,100137,100,99281,100
2019-06-28 09:44:37.201674749,99885,100,99863,182,99954,182,99856,182,100022,100,99854,182,100032,182,99852,282,100058,182,99728,100,100059,182,99693,100,100099,100,99684,100,100103,100,99435,100,100104,100,99405,100,100116,100,99281,100
2019-06-28 09:44:40.000000000,99885,166,99863,166,99954,166,99856,166,100022,166,99854,166,100032,166,99852,266,100058,166,99728,166,100059,100,99693,100,100099,100,99684,100,100103,100,99435,100,100104,100,99405,100,100116,100,99281,100
2019-06-28 09:44:50.000000000,99885,212,99863,212,99954,209,99856,209,100022,209,99854,209,100032,100,99852,200,100058,100,99728,100,100059,100,99693,100,100099,100,99684,100,100103,100,99435,100,100104,100,99405,100,100116,100,99281,100
2019-06-28 09:45:00.000000000,99885,265,99863,265,99954,265,99856,265,100022,100,99854,100,100032,100,99852,200,100058,100,99728,100,100059,100,99693,100,100099,100,99684,100,100103,100,99435,100,100104,100,99405,100,100116,100,99281,100
2019-06-28 09:45:10.000000000,99885,212,99863,212,99954,209,99856,209,100022,209,99854,209,100032,100,99852,200,100058,100,99728,100,100059,100,99693,100,100099,100,99684,100,100103,100,99435,100,100104,100,99405,100,100116,100,99281,100
2019-06-28 09:45:20.000000000,99885,166,99863,166,99954,166,99856,166,100022,166,99854,166,100032,166,99852,266,100058,166,99728,166,100059,100,99693,100,100099,100,99684,100,100103,100,99435,100,100104,100,99405,100,100116,100,99281,100
2019-06-28 09:45:30.000000000,99885,430,99863,430,99954,100,99856,100,100022,100,99854,100,100032,100,99852,200,100058,100,99728,100,100059,100,99693,100,100099,100,99684,100,100103,100,99435,100,100104,100,99405,100,100116,100,99281,100
2019-06-28 09:45:40.000000000,99885,166,99863,166,99954,166,99856,166,100022,166,99854,166,100032,166,99852,266,100058,166,99728,166,100059,100,99693,100,100099,100,99684,100,100103,100,99435,100,100104,100,99405,100,100116,100,99281,100
2019-06-28 09:45:42.254920866,99885,166,99863,166,99954,166,99856,166,100022,166,99854,166,100032,166,99852,266,100058,166,99728,166,100059,100,99693,100,100099,100,99684,100,100103,100,99435,100,100104,100,99405,100,100116,100,99281,100
2019-06-28 09:45:47.318851045,99885,166,99863,166,99954,166,99856,166,100022,166,99854,166,100032,166,99852,266,100058,166,99728,166,100059,100,99693,100,100099,100,99684,100,100103,100,99435,100,100104,100,99405,100,100116,100,99281,100
2019-06-28 09:45:50.000000000,99885,182,99863,182,99954,182,99856,182,100022,182,99854,182,100032,182,99852,282,100058,100,99728,100,100059,100,99693,100,100099,100,99684,100,100103,100,99435,100,100104,100,99405,100,100116,100,99281,100
2019-06-28 09:46:00.000000000,99885,212,99863,212,99954,209,99856,209,100022,209,99854,209,100032,100,99852,200,100058,100,99728,100,100059,100,99693,100,100099,100,99684,100,100103,100,99435,100,100104,100,99405,100,100116,100,99281,100
2019-06-28 09:46:10.000000000,99885,430,99863,430,99954,100,99856,100,100022,100,99854,100,100032,100,99852,200,100058,100,99728,100,100059,100,99693,100,100099,100,99684,100,100103,100,99435,100,100104,100,99405,100,100116,100,99281,100
2019-06-28 09:46:20.000000000,99885,265,99863,265,99954,265,99856,265,100022,100,99854,100,100032,100,99852,200,100058,100,99728,100,100059,100,99693,100,100099,100,99684,100,100103,100,99435,100,100104,100,99405,100,100116,100,99281,100
2019-06-28 09:46:30.000000000,99885,430,99863,430,99954,100,99856,100,100022,100,99854,100,100032,100,99852,200,100058,100,99728,100,100059,100,99693,100,100099,100,99684,100,100103,100,99435,100,100104,100,99405,100,100116,100,99281,100
2019-06-28 09:46:40.000000000,99885,212,99863,212,99954,209,99856,209,100022,209,99854,209,100032,100,99852,200,100058,100,99728,100,100059,100,99693,100,100099,100,99684,100,100103,100,99435,100,100104,100,99405,100,100116,100,99281,100
2019-06-28 09:46:41.825876368,99885,212,99863,212,99954,209,99856,209,100022,209,99854,209,100032,100,99852,200,100058,100,99728,100,100059,100,99693,100,100099,100,99684,100,100103,100,99435,100,100104,100,99405,100,100116,100,99281,100
2019-06-28 09:46:45.926794213,99885,212,99863,212,99954,209,99856,209,100022,209,99854,209,100032,100,99852,200,100058,100,99728,100,100059,100,99693,100,100103,100,99684,100,100104,100,99435,100,100116,100,99405,100,100137,100,99281,100
2019-06-28 09:46:50.000000000,99885,430,99863,430,99954,100,99856,100,100022,100,99854,100,100032,100,99852,200,100058,100,99728,100,100059,100,99693,100,100103,100,99684,100,100104,100,99435,100,100116,100,99405,100,100137,100,99281,100
2019-06-28 09:47:00.000000000,99885,166,99863,166,99954,166,99856,166,100022,166,99854,166,100032,166,99852,266,100058,166,99728,166,100059,100,99693,100,100103,100,99684,100,100104,100,99435,100,100116,100,99405,100,100137,100,99281,100
2019-06-28 09:47:10.000000000,99885,166,99863,166,99954,166,99856,166,100022,166,99854,166,100032,166,99852,266,100058,166,99728,166,100059,100,99693,100,100103,100,99684,100,100104,100,99435,100,100116,100,99405,100,100137,100,99281,100
2019-06-28 09:47:20.000000000,99885,430,99863,430,99954,100,99856,100,100022,100,99854,100,100032,100,99852,200,100058,100,99728,100,100059,100,99693,100,100103,100,99684,100,100104,100,99435,100,100116,100,99405,100,100137,100,99281,100
2019-06-28 09:47:30.000000000,99885,166,99863,166,99954,166,99856,166,100022,166,99854,166,100032,166,99852,266,100058,166,99728,166,100059,100,99693,100,100103,100,99684,100,100104,100,99435,100,100116,100,99405,100,100137,100,99281,100
2019-06-28 09:47:40.000000000,99885,430,99863,430,99954,100,99856,100,100022,100,99854,100,100032,100,99852,200,100058,100,99728,100,100059,100,99693,100,100103,100,99684,100,100104,100,99435,100,100116,100,99405,100,100137,100,99281,100
2019-06-28 09:47:45.998309864,99885,330,99863,430,99954,100,99856,100,100022,100,99854,100,100032,100,99852,200,100058,100,99728,100,100059,100,99693,100,100103,100,99684,100,100104,100,99435,100,100116,100,99405,100,100137,100,99281,100
2019-06-28 09:47:50.000000000,99954,265,99863,265,100022,265,99856,265,100032,100,99854,100,100058,100,99852,200,100059,100,99728,100,100103,100,99693,100,100104,100,99684,100,100116,100,99435,100,100137,100,99405,100,100142,100,99281,100
2019-06-28 09:48:00.000000000,99954,430,99863,430,100022,100,99856,100,100032,100,99854,100,100058,100,99852,200,100059,100,99728,100,100103,100,99693,100,100104,100,99684,100,100116,100,99435,100,100137,100,99405,100,100142,100,99281,100
2019-06-28 09:48:10.000000000,99954,212,99863,212,100022,209,99856,209,100032,209,99854,209,100058,100,99852,200,100059,100,99728,100,100103,100,99693,100,100104,100,99684,100,100116,100,99435,100,100137,100,99405,100,100142,100,99281,100
2019-06-28 09:48:20.000000000,99954,212,99863,212,100022,209,99856,209,100032,209,99854,209,100058,100,99852,200,100059,100,99728,100,100103,100,99693,100,100104,100,99684,100,100116,100,99435,100,100137,100,99405,100,100142,100,99281,100
2019-06-28 09:48:20.154248649,99954,112,99863,212,100022,209,99856,209,100032,209,99854,209,100058,100,99852,200,100059,100,99728,100,100103,100,99693,100,100104,100,99684,100,100116,100,99435,100,100137,100,99405,100,100142,100,99281,100
2019-06-28 09:48:24.145587056,99954,112,99863,212,100022,209,99856,209,100032,209,99854,209,100058,100,99852,200,100059,100,99728,100,100103,100,99693,100,100104,100,99684,100,100116,100,99435,100,100137,100,99405,100,100142,100,99281,100
2019-06-28 09:48:29.958657197,99954,112,99863,212,100022,209,99856,209,100032,209,99854,209,100058,100,99852,200,100059,100,99728,100,100103,100,99693,100,100104,100,99684,100,100116,100,99435,100,100137,100,99405,100,100148,100,99281,100
2019-06-28 09:48:30.000000000,100022,430,99863,430,100032,100,99856,100,100058,100,99854,100,100059,100,99852,200,100103,100,99728,100,100104,100,99693,100,100116,100,99684,100,100137,100,99435,100,100148,100,99405,100,100159,100,99281,100
2019-06-28 09:48:38.207120635,100022,330,99863,430,100032,100,99856,100,100058,100,99854,100,100059,100,99852,200,100104,100,99728,100,100116,100,99693,100,100137,100,99684,100,100148,100,99435,100,100159,100,99405,100,100353,100,99281,100
2019-06-28 09:48:40.000000000,100032,166,99863,166,100058,166,99856,166,100059,166,99854,166,100104,166,99852,266,100116,166,99728,166,100137,100,99693,100,100148,100,99684,100,100159,100,99435,100,100353,100,99405,100,100387,100,99281,100
2019-06-28 09:48:50.000000000,100032,182,99863,182,100058,182,99856,182,100059,182,99854,182,100104,182,99852,282,100116,100,99728,100,100137,100,99693,100,100148,100,99684,100,100159,100,99435,100,100353,100,99405,100,100387,100,99281,100
2019-06-28 09:48:54.617291790,100032,82,99863,82,100058,182,99856,182,100059,182,99854,182,100104,182,99852,282,100116,100,99728,100,100137,100,99693,100,100148,100,99684,100,100159,100,99435,100,100353,100,99405,100,100387,100,99281,100
2019-06-28 09:49:00.000000000,100058,166,99856,166,100059,166,99854,166,100104,166,99852,266,100116,166,99728,166,100137,166,99693,166,100148,100,99684,100,100159,100,99435,100,100353,100,99405,100,100387,100,99281,100,100519,100,99261,100
2019-06-28 09:49:02.048306471,100058,166,99856,166,100059,166,99854,166,100104,166,99852,266,100116,166,99728,166,100137,166,99693,166,100148,100,99684,100,100159,100,99435,100,100353,100,99405,100,100387,100,99281,100,100519,100,99261,100
2019-06-28 09:49:04.259934616,100058,166,100022,100,100059,166,99856,166,100104,166,99854,166,100116,166,99852,266,100137,166,99728,166,100148,100,99693,166,100159,100,99684,100,100353,100,99435,100,100387,100,99405,100,100519,100,99281,100
2019-06-28 09:49:10.000000000,100058,182,100022,182,100059,182,99856,182,100104,182,99854,182,100116,182,99852,282,100137,100,99728,100,100148,100,99693,100,100159,100,99684,100,100353,100,99435,100,100387,100,99405,100,100519,100,99281,100
2019-06-28 09:49:10.987084163,100058,182,100022,282,100059,182,99856,182,100104,182,99854,182,100116,182,99852,282,100137,100,99728,100,100148,100,99693,100,100159,100,99684,100,100353,100,99435,100,100387,100,99405,100,100519,100,99281,100
2019-06-28 09:49:20.000000000,100058,182,100022,282,100059,182,99856,182,100104,182,99854,182,100116,182,99852,282,100137,100,99728,100,100148,100,99693,100,100159,100,99684,100,100353,100,99435,100,100387,100,99405,100,100519,100,99281,100
2019-06-28 09:49:30.000000000,100058,265,100022,365,100059,265,99856,265,100104,100,99854,100,100116,100,99852,200,100137,100,99728,100,100148,100,99693,100,100159,100,99684,100,100353,100,99435,100,100387,100,99405,100,100519,100,99281,100
2019-06-28 09:49:38.633686871,100058,165,100022,365,100059,265,99856,265,100104,100,99854,100,100116,100,99852,200,100137,100,99728,100,100148,100,99693,100,100159,100,99684,100,100353,100,99435,100,100387,100,99405,100,100519,100,99281,100
2019-06-28 09:49:40.000000000,100059,166,100022,266,100104,166,99856,166,100116,166,99854,166,100137,166,99852,266,100148,166,99728,166,100159,100,99693,100,100353,100,99684,100,100387,100,99435,100,100519,100,99405,100,100611,100,99281,100
2019-06-28 09:49:40.238011422,100059,66,100022,266,100104,166,99856,166,100116,166,99854,166,100137,166,99852,266,100148,166,99728,166,100159,100,99693,100,100353,100,99684,100,100387,100,99435,100,100519,100,99405,100,100611,100,99281,100
2019-06-28 09:49:50.000000000,100104,182,100022,282,100116,182,99856,182,100137,182,99854,182,100148,182,99852,282,100159,100,99728,100,100353,100,99693,100,100387,100,99684,100,100519,100,99435,100,100611,100,99405,100,100699,100,99281,100
2019-06-28 09:50:00.000000000,100104,430,100022,530,100116,100,99856,100,100137,100,99854,100,100148,100,99852,200,100159,100,99728,100,100353,100,99693,100,100387,100,99684,100,100519,100,99435,100,100611,100,99405,100,100699,100,99281,100
2019-06-28 09:50:10.000000000,100104,182,100022,282,100116,182,99856,182,100137,182,99854,182,100148,182,99852,282,100159,100,99728,100,100353,100,99693,100,100387,100,99684,100,100519,100,99435,100,100611,100,99405,100,100699,100,99281,100
2019-06-28 09:50:20.000000000,100104,182,100022,282,100116,182,99856,182,100137,182,99854,182,100148,182,99852,282,100159,100,99728,100,100353,100,99693,100,100387,100,99684,100,100519,100,99435,100,100611,100,99405,100,100699,100,99281,100
2019-06-28 09:50:29.001906500,100104,82,100022,282,100116,182,99856,182,100137,182,99854,182,100148,182,99852,282,100159,100,99728,100,100353,100,99693,100,100387,100,99684,100,100519,100,99435,100,100611,100,99405,100,100699,100,99281,100
2019-06-28 09:50:30.000000000,100116,182,100022,282,100137,182,99856,182,100148,182,99854,182,100159,182,99852,282,100353,100,99728,100,100387,100,99693,100,100519,100,99684,100,100611,100,99435,100,100699,100,99405,100,100811,100,99281,100
2019-06-28 09:50:40.000000000,100116,430,100022,530,100137,100,99856,100,100148,100,99854,100,100159,100,99852,200,100353,100,99728,100,100387,100,99693,100,100519,100,99684,100,100611,100,99435,100,100699,100,99405,100,100811,100,99281,100
2019-06-28 09:50:50.000000000,100116,212,100022,312,100137,209,99856,209,100148,209,99854,209,100159,100,99852,200,100353,100,99728,100,100387,100,99693,100,100519,100,99684,100,100611,100,99435,100,100699,100,99405,100,100811,100,99281,100
2019-06-28 09:51:00.000000000,100116,212,100022,312,100137,209,99856,209,100148,209,99854,209,100159,100,99852,200,100353,100,99728,100,100387,100,99693,100,100519,100,99684,100,100611,100,99435,100,100699,100,99405,100,100811,100,99281,100
2019-06-28 09:51:08.762921579,100116,112,100022,312,100137,209,99856,209,100148,209,99854,209,100159,100,99852,200,100353,100,99728,100,100387,100,99693,100,100519,100,99684,100,100611,100,99435,100,100699,100,99405,100,100811,100,99281,100
2019-06-28 09:51:10.000000000,100137,265,100022,365,100148,265,99856,265,100159,100,99854,100,100353,100,99852,200,100387,100,99728,100,100519,100,99693,100,100611,100,99684,100,100699,100,99435,100,100811,100,99405,100,100843,100,99281,100
2019-06-28 09:51:14.066454549,100137,265,100104,100,100148,265,100022,365,100159,100,99856,265,100353,100,99854,100,100387,100,99852,200,100519,100,99728,100,100611,100,99693,100,100699,100,99684,100,100811,100,99435,100,100843,100,99405,100
2019-06-28 09:51:20.000000000,100137,182,100104,182,100148,182,100022,282,100159,182,99856,182,100353,182,99854,182,100387,100,99852,200,100519,100,99728,100,100611,100,99693,100,100699,100,99684,100,100811,100,99435,100,100843,100,99405,100
2019-06-28 09:51:30.000000000,100137,182,100104,182,100148,182,100022,282,100159,182,99856,182,100353,182,99854,182,100387,100,99852,200,100519,100,99728,100,100611,100,99693,100,100699,100,99684,100,100811,100,99435,100,100843,100,99405,100
2019-06-28 09:51:40.000000000,100137,166,100104,166,100148,166,100022,266,100159,166,99856,166,100353,166,99854,166,100387,166,99852,266,100519,100,99728,100,100611,100,99693,100,100699,100,99684,100,100811,100,99435,100,100843,100,99405,100
2019-06-28 09:51:50.000000000,100137,166,100104,166,100148,166,100022,266,100159,166,99856,166,100353,166,99854,166,100387,166,99852,266,100519,100,99728,100,100611,100,99693,100,100699,100,99684,100,100811,100,99435,100,100843,100,99405,100
2019-06-28 09:51:53.014860372,100137,166,100104,166,100148,166,100022,266,100159,166,99856,166,100353,166,99854,166,100387,166,99852,266,100519,100,99728,100,100611,100,99684,100,100699,100,99435,100,100811,100,99405,100,100843,100,99281,100
2019-06-28 09:52:00.000000000,100137,430,100104,430,100148,100,100022,200,100159,100,99856,100,100353,100,99854,100,100387,100,99852,200,100519,100,99728,100,100611,100,99684,100,100699,100,99435,100,100811,100,99405,100,100843,100,99281,100
2019-06-28 09:52:10.000000000,100137,166,100104,166,100148,166,100022,266,100159,166,99856,166,100353,166,99854,166,100387,166,99852,266,100519,100,99728,100,100611,100,99684,100,100699,100,99435,100,100811,100,99405,100,100843,100,99281,100
2019-06-28 09:52:20.000000000,100137,212,100104,212,100148,209,100022,309,100159,209,99856,209,100353,100,99854,100,100387,100,99852,200,100519,100,99728,100,100611,100,99684,100,100699,100,99435,100,100811,100,99405,100,100843,100,99281,100
2019-06-28 09:52:21.391231953,100137,112,100104,212,100148,209,100022,309,100159,209,99856,209,100353,100,99854,100,100387,100,99852,200,100519,100,99728,100,100611,100,99684,100,100699,100,99435,100,100811,100,99405,100,100843,100,99281,100
2019-06-28 09:52:30.000000000,100148,182,100104,182,100159,182,100022,282,100353,182,99856,182,100387,182,99854,182,100519,100,99852,200,100611,100,99728,100,100699,100,99684,100,100811,100,99435,100,100843,100,99405,100,101232,100,99281,100
2019-06-28 09:52:34.274994200,100148,182,100116,100,100159,182,100104,182,100353,182,100022,282,100387,182,99856,182,100519,100,99854,182,100611,100,99852,200,100699,100,99728,100,100811,100,99684,100,100843,100,99435,100,101232,100,99405,100
2019-06-28 09:52:38.405827989,100148,182,100116,100,100159,182,100104,182,100353,182,100022,282,100387,182,99856,182,100519,100,99854,182,100611,100,99852,200,100699,100,99728,100,100811,100,99684,100,100843,100,99435,100,101232,100,99405,100
2019-06-28 09:52:40.000000000,100148,212,100116,212,100159,209,100104,209,100353,209,100022,309,100387,100,99856,100,100519,100,99854,100,100611,100,99852,200,100699,100,99728,100,100811,100,99684,100,100843,100,99435,100,101232,100,99405,100
2019-06-28 09:52:50.000000000,100148,265,100116,265,100159,265,100104,265,100353,100,100022,200,100387,100,99856,100,100519,100,99854,100,100611,100,99852,200,100699,100,99728,100,100811,100,99684,100,100843,100,99435,100,101232,100,99405,100
2019-06-28 09:53:00.000000000,100148,166,100116,166,100159,166,100104,166,100353,166,100022,266,100387,166,99856,166,100519,166,99854,166,100611,100,99852,200,100699,100,99728,100,100811,100,99684,100,100843,100,99435,100,101232,100,99405,100
2019-06-28 09:53:10.000000000,100148,430,100116,430,100159,100,100104,100,100353,100,100022,200,100387,100,99856,100,100519,100,99854,100,100611,100,99852,200,100699,100,99728,100,100811,100,99684,100,100843,100,99435,100,101232,100,99405,100
2019-06-28 09:53:12.311725825,100148,430,100116,430,100159,100,100104,100,100387,100,100022,200,100519,100,99856,100,100611,100,99854,100,100699,100,99852,200,100811,100,99728,100,100843,100,99684,100,100934,100,99435,100,101232,100,99405,100
2019-06-28 09:53:20.000000000,100148,166,100116,166,100159,166,100104,166,100387,166,100022,266,100519,166,99856,166,100611,166,99854,166,100699,100,99852,200,100811,100,99728,100,100843,100,99684,100,100934,100,99435,100,101232,100,99405,100
2019-06-28 09:53:28.221774938,100148,166,100116,266,100159,166,100104,166,100387,166,100022,266,100519,166,99856,166,100611,166,99854,166,100699,100,99852,100,100811,100,99728,100,100843,100,99684,100,100934,100,99435,100,101232,100,99405,100
2019-06-28 09:53:30.000000000,100148,166,100116,266,100159,166,100104,166,100387,166,100022,266,100519,166,99856,166,100611,166,99854,166,100699,100,99852,100,100811,100,99728,100,100843,100,99684,100,100934,100,99435,100,101232,100,99405,100
2019-06-28 09:53:40.000000000,100148,430,100116,530,100159,100,100104,100,100387,100,100022,200,100519,100,99856,100,100611,100,99854,100,100699,100,99852,100,100811,100,99728,100,100843,100,99684,100,100934,100,99435,100,101232,100,99405,100
2019-06-28 09:53:50.000000000,100148,166,100116,266,100159,166,100104,166,100387,166,100022,266,100519,166,99856,166,100611,166,99854,166,100699,100,99852,100,100811,100,99728,100,100843,100,99684,100,100934,100,99435,100,101232,100,99405,100
2019-06-28 09:54:00.000000000,100148,212,100116,312,100159,209,100104,209,100387,209,100022,309,100519,100,99856,100,100611,100,99854,100,100699,100,99852,100,100811,100,99728,100,100843,100,99684,100,100934,100,99435,100,101232,100,99405,100
2019-06-28 09:54:10.000000000,100148,166,100116,266,100159,166,100104,166,100387,166,100022,266,100519,166,99856,166,100611,166,99854,166,100699,100,99852,100,100811,100,99728,100,100843,100,99684,100,100934,100,99435,100,101232,100,99405,100
2019-06-28 09:54:20.000000000,100148,430,100116,530,100159,100,100104,100,100387,100,100022,200,100519,100,99856,100,100611,100,99854,100,100699,100,99852,100,100811,100,99728,100,100843,100,99684,100,100934,100,99435,100,101232,100,99405,100
2019-06-28 09:54:30.000000000,100148,166,100116,266,100159,166,100104,166,100387,166,100022,266,100519,166,99856,166,100611,166,99854,166,100699,100,99852,100,100811,100,99728,100,100843,100,99684,100,100934,100,99435,100,101232,100,99405,100
2019-06-28 09:54:40.000000000,100148,430,100116,530,100159,100,100104,100,100387,100,100022,200,100519,100,99856,100,100611,100,99854,100,100699,100,99852,100,100811,100,99728,100,100843,100,99684,100,100934,100,99435,100,101232,100,99405,100
2019-06-28 09:54:50.000000000,100148,182,100116,282,100159,182,100104,182,100387,182,100022,282,100519,182,99856,182,100611,100,99854,100,100699,100,99852,100,100811,100,99728,100,100843,100,99684,100,100934,100,99435,100,101232,100,99405,100
2019-06-28 09:55:00.000000000,100148,182,100116,282,100159,182,100104,182,100387,182,100022,282,100519,182,99856,182,100611,100,99854,100,100699,100,99852,100,100811,100,99728,100,100843,100,99684,100,100934,100,99435,100,101232,100,99405,100
2019-06-28 09:55:04.301403577,100148,82,100116,282,100159,182,100104,182,100387,182,100022,282,100519,182,99856,182,100611,100,99854,100,100699,100,99852,100,100811,100,99728,100,100843,100,99684,100,100934,100,99435,100,101232,100,99405,100
2019-06-28 09:55:10.000000000,100159,265,100116,365,100387,265,100104,265,100519,100,100022,200,100611,100,99856,100,100699,100,99854,100,100811,100,99852,100,100843,100,99728,100,100934,100,99684,100,101232,100,99435,100,101371,100,99405,100
2019-06-28 09:55:20.000000000,100159,212,100116,312,100387,209,100104,209,100519,209,100022,309,100611,100,99856,100,100699,100,99854,100,100811,100,99852,100,100843,100,99728,100,100934,100,99684,100,101232,100,99435,100,101371,100,99405,100
2019-06-28 09:55:30.000000000,100159,212,100116,312,100387,209,100104,209,100519,209,100022,309,100611,100,99856,100,100699,100,99854,100,100811,100,99852,100,100843,100,99728,100,100934,100,99684,100,101232,100,99435,100,101371,100,99405,100
2019-06-28 09:55:40.000000000,100159,182,100116,282,100387,182,100104,182,100519,182,100022,282,100611,182,99856,182,100699,100,99854,100,100811,100,99852,100,100843,100,99728,100,100934,100,99684,100,101232,100,99435,100,101371,100,99405,100
2019-06-28 09:55:42.714834501,100159,182,100116,182,100387,182,100104,182,100519,182,100022,282,100611,182,99856,182,100699,100,99854,100,100811,100,99852,100,100843,100,99728,100,100934,100,99684,100,101232,100,99435,100,101371,100,99405,100
2019-06-28 09:55:50.000000000,100159,430,100116,430,100387,100,100104,100,100519,100,100022,200,100611,100,99856,100,100699,100,99854,100,100811,100,99852,100,100843,100,99728,100,100934,100,99684,100,101232,100,99435,100,101371,100,99405,100
2019-06-28 09:56:00.000000000,100159,182,100116,182,100387,182,100104,182,100519,182,100022,282,100611,182,99856,182,100699,100,99854,100,100811,100,99852,100,100843,100,99728,100,100934,100,99684,100,101232,100,99435,100,101371,100,99405,100
2019-06-28 09:56:10.000000000,100159,430,100116,430,100387,100,100104,100,100519,100,100022,200,100611,100,99856,100,100699,100,99854,100,100811,100,99852,100,100843,100,99728,100,100934,100,99684,100,101232,100,99435,100,101371,100,99405,100
2019-06-28 09:56:20.000000000,100159,212,100116,212,100387,209,100104,209,100519,209,100022,309,100611,100,99856,100,100699,100,99854,100,100811,100,99852,100,100843,100,99728,100,100934,100,99684,100,101232,100,99435,100,101371,100,99405,100
2019-06-28 09:56:21.886925583,100159,112,100116,212,100387,209,100104,209,100519,209,100022,309,100611,100,99856,100,100699,100,99854,100,100811,100,99852,100,100843,100,99728,100,100934,100,99684,100,101232,100,99435,100,101371,100,99405,100
2019-06-28 09:56:30.000000000,100387,182,100116,182,100519,182,100104,182,100611,182,100022,282,100699,182,99856,182,100811,100,99854,100,100843,100,99852,100,100934,100,99728,100,101232,100,99684,100,101371,100,99435,100,101498,100,99405,100
2019-06-28 09:56:39.357465236,100387,182,100341,100,100519,182,100116,182,100611,182,100104,182,100699,182,100022,282,100811,100,99856,182,100843,100,99854,100,100934,100,99852,100,101232,100,99728,100,101371,100,99684,100,101498,100,99435,100
2019-06-28 09:56:40.000000000,100387,265,100341,265,100519,265,100116,265,100611,100,100104,100,100699,100,100022,200,100811,100,99856,100,100843,100,99854,100,100934,100,99852,100,101232,100,99728,100,101371,100,99684,100,101498,100,99435,100
2019-06-28 09:56:50.000000000,100387,265,100341,265,100519,265,100116,265,100611,100,100104,100,100699,100,100022,200,100811,100,99856,100,100843,100,99854,100,100934,100,99852,100,101232,100,99728,100,101371,100,99684,100,101498,100,99435,100
2019-06-28 09:57:00.000000000,100387,212,100341,212,100519,209,100116,209,100611,209,100104,209,100699,100,100022,200,100811,100,99856,100,100843,100,99854,100,100934,100,99852,100,101232,100,99728,100,101371,100,99684,100,101498,100,99435,100
2019-06-28 09:57:10.000000000,100387,430,100341,430,100519,100,100116,100,100611,100,100104,100,100699,100,100022,200,100811,100,99856,100,100843,100,99854,100,100934,100,99852,100,101232,100,99728,100,101371,100,99684,100,101498,100,99435,100
2019-06-28 09:57:10.439326023,100387,430,100341,430,100409,100,100116,100,100519,100,100104,100,100611,100,100022,200,100699,100,99856,100,100811,100,99854,100,100843,100,99852,100,100934,100,99728,100,101232,100,99684,100,101371,100,99435,100
2019-06-28 09:57:11.491023001,100387,430,100341,430,100409,100,100117,100,100519,100,100116,100,100611,100,100104,100,100699,100,100022,200,100811,100,99856,100,100843,100,99854,100,100934,100,99852,100,101232,100,99728,100,101371,100,99684,100
2019-06-28 09:57:18.810522256,100387,430,100341,430,100409,100,100117,200,100519,100,100116,100,100611,100,100104,100,100699,100,100022,200,100811,100,99856,100,100843,100,99854,100,100934,100,99852,100,101232,100,99728,100,101371,100,99684,100
2019-06-28 09:57:20.000000000,100387,182,100341,182,100409,182,100117,282,100519,182,100116,182,100611,182,100104,182,100699,100,100022,200,100811,100,99856,100,100843,100,99854,100,100934,100,99852,100,101232,100,99728,100,101371,100,99684,100
2019-06-28 09:57:30.000000000,100387,430,100341,430,100409,100,100117,200,100519,100,100116,100,100611,100,100104,100,100699,100,100022,200,100811,100,99856,100,100843,100,99854,100,100934,100,99852,100,101232,100,99728,100,101371,100,99684,100
2019-06-28 09:57:40.000000000,100387,182,100341,182,100409,182,100117,282,100519,182,100116,182,100611,182,100104,182,100699,100,100022,200,100811,100,99856,100,100843,100,99854,100,100934,100,99852,100,101232,100,99728,100,101371,100,99684,100
2019-06-28 09:57:43.098874269,100387,82,100341,182,100409,182,100117,282,100519,182,100116,182,100611,182,100104,182,100699,100,100022,200,100781,100,99856,100,100811,100,99854,100,100843,100,99852,100,100934,100,99728,100,101232,100,99684,100
2019-06-28 09:57:50.000000000,100409,212,100341,212,100519,209,100117,309,100611,209,100116,209,100699,100,100104,100,100781,100,100022,200,100811,100,99856,100,100843,100,99854,100,100934,100,99852,100,101232,100,99728,100,101371,100,99684,100
2019-06-28 09:58:00.000000000,100409,182,100341,182,100519,182,100117,282,100611,182,100116,182,100699,182,100104,182,100781,100,100022,200,100811,100,99856,100,100843,100,99854,100,100934,100,99852,100,101232,100,99728,100,101371,100,99684,100
2019-06-28 09:58:10.000000000,100409,182,100341,182,100519,182,100117,282,100611,182,100116,182,100699,182,100104,182,100781,100,100022,200,100811,100,99856,100,100843,100,99854,100,100934,100,99852,100,101232,100,99728,100,101371,100,99684,100
2019-06-28 09:58:14.482627312,100409,182,100390,100,100519,182,100341,182,100611,182,100117,282,100699,182,100116,182,100781,100,100104,182,100811,100,100022,200,100843,100,99856,100,100934,100,99854,100,101232,100,99852,100,101371,100,99728,100
2019-06-28 09:58:20.000000000,100409,182,100390,182,100519,182,100341,182,100611,182,100117,282,100699,182,100116,182,100781,100,100104,100,100811,100,100022,200,100843,100,99856,100,100934,100,99854,100,101232,100,99852,100,101371,100,99728,100
2019-06-28 09:58:30.000000000,100409,212,100390,212,100519,209,100341,209,100611,209,100117,309,100699,100,100116,100,100781,100,100104,100,100811,100,100022,200,100843,100,99856,100,100934,100,99854,100,101232,100,99852,100,101371,100,99728,100
2019-06-28 09:58:40.000000000,100409,166,100390,166,100519,166,100341,166,100611,166,100117,266,100699,166,100116,166,100781,166,100104,166,100811,100,100022,200,100843,100,99856,100,100934,100,99854,100,101232,100,99852,100,101371,100,99728,100
2019-06-28 09:58:47.073089180,100409,166,100390,166,100519,166,100341,166,100611,166,100117,366,100699,166,100116,166,100781,166,100104,166,100811,100,100022,200,100843,100,99856,100,100934,100,99854,100,101232,100,99852,100,101371,100,99728,100
2019-06-28 09:58:50.000000000,100409,166,100390,166,100519,166,100341,166,100611,166,100117,366,100699,166,100116,166,100781,166,100104,166,100811,100,100022,200,100843,100,99856,100,100934,100,99854,100,101232,100,99852,100,101371,100,99728,100
2019-06-28 09:59:00.000000000,100409,166,100390,166,100519,166,100341,166,100611,166,100117,366,100699,166,100116,166,100781,166,100104,166,100811,100,100022,200,100843,100,99856,100,100934,100,99854,100,101232,100,99852,100,101371,100,99728,100
2019-06-28 09:59:03.436760524,100391,100,100390,166,100409,166,100341,166,100519,166,100117,366,100611,166,100116,166,100699,166,100104,166,100781,166,100022,200,100811,100,99856,100,100843,100,99854,100,100934,100,99852,100,101232,100,99728,100
2019-06-28 09:59:10.000000000,100391,430,100390,430,100409,100,100341,100,100519,100,100117,300,100611,100,100116,100,100699,100,100104,100,100781,100,100022,200,100811,100,99856,100,100843,100,99854,100,100934,100,99852,100,101232,100,99728,100
2019-06-28 09:59:15.427907109,100391,430,100390,330,100409,100,100341,100,100519,100,100117,300,100611,100,100116,100,100699,100,100104,100,100781,100,100022,200,100811,100,99854,100,100843,100,99852,100,100934,100,99728,100,101232,100,99684,100
2019-06-28 09:59:20.000000000,100391,166,100341,166,100409,166,100117,366,100519,166,100116,166,100611,166,100104,166,100699,166,100022,266,100781,100,99854,100,100811,100,99852,100,100843,100,99728,100,100934,100,99684,100,101232,100,99435,100
2019-06-28 09:59:25.430831963,100391,166,100341,66,100409,166,100117,366,100519,166,100116,166,100611,166,100104,166,100699,166,100022,266,100781,100,99854,100,100811,100,99852,100,100843,100,99728,100,100934,100,99684,100,101232,100,99435,100
2019-06-28 09:59:30.000000000,100391,265,100117,465,100409,265,100116,265,100519,100,100104,100,100611,100,100022,200,100699,100,99854,100,100781,100,99852,100,100811,100,99728,100,100843,100,99684,100,100934,100,99435,100,101232,100,99405,100
2019-06-28 09:59:40.000000000,100391,182,100117,382,100409,182,100116,182,100519,182,100104,182,100611,182,100022,282,100699,100,99854,100,100781,100,99852,100,100811,100,99728,100,100843,100,99684,100,100934,100,99435,100,101232,100,99405,100
2019-06-28 09:59:50.000000000,100391,212,100117,412,100409,209,100116,209,100519,209,100104,209,100611,100,100022,200,100699,100,99854,100,100781,100,99852,100,100811,100,99728,100,100843,100,99684,100,100934,100,99435,100,101232,100,99405,100
2019-06-28 09:59:54.596337137,100391,112,100117,412,100409,209,100116,209,100519,209,100104,209,100611,100,100022,200,100699,100,99854,100,100781,100,99852,100,100811,100,99728,100,100843,100,99684,100,100934,100,99435,100,101232,100,99405,100
2019-06-28 09:59:58.766958211,100345,100,100117,412,100391,112,100116,209,100409,209,100104,209,100519,209,100022,200,100611,100,99854,100,100699,100,99852,100,100811,100,99728,100,100843,100,99684,100,100934,100,99435,100,101232,100,99405,100
2019-06-28 10:00:00.000000000,100345,265,100117,465,100409,265,100116,265,100519,100,100104,100,100611,100,100022,200,100699,100,99854,100,100811,100,99852,100,100843,100,99728,100,100934,100,99684,100,101232,100,99435,100,101371,100,99405,100
2019-06-28 10:00:10.000000000,100345,430,100117,630,100409,100,100116,100,100519,100,100104,100,100611,100,100022,200,100699,100,99854,100,100811,100,99852,100,100843,100,99728,100,100934,100,99684,100,101232,100,99435,100,101371,100,99405,100
2019-06-28 10:00:12.455419152,100345,430,100266,100,100409,100,100117,630,100519,100,100116,100,100611,100,100104,100,100699,100,100022,200,100811,100,99854,100,100843,100,99852,100,100934,100,99728,100,101232,100,99684,100,101371,100,99435,100
2019-06-28 10:00:20.000000000,100345,265,100266,265,100409,265,100117,465,100519,100,100116,100,100611,100,100104,100,100699,100,100022,200,100811,100,99854,100,100843,100,99852,100,100934,100,99728,100,101232,100,99684,100,101371,100,99435,100
2019-06-28 10:00:28.984033434,100345,265,100266,265,100409,265,100117,365,100519,100,100116,100,100611,100,100104,100,100699,100,100022,200,100811,100,99854,100,100843,100,99852,100,100934,100,99728,100,101232,100,99684,100,101371,100,99435,100
2019-06-28 10:00:30.000000000,100345,265,100266,265,100409,265,100117,365,100519,100,100116,100,100611,100,100104,100,100699,100,100022,200,100811,100,99854,100,100843,100,99852,100,100934,100,99728,100,101232,100,99684,100,101371,100,99435,100
2019-06-28 10:00:32.647643312,100345,265,100266,265,100409,265,100117,365,100519,100,100116,100,100611,100,100104,100,100699,100,100033,100,100811,100,100022,200,100843,100,99854,100,100934,100,99852,100,101232,100,99728,100,101371,100,99684,100
2019-06-28 10:00:40.000000000,100345,182,100266,182,100409,182,100117,282,100519,182,100116,182,100611,182,100104,182,100699,100,100033,100,100811,100,100022,200,100843,100,99854,100,100934,100,99852,100,101232,100,99728,100,101371,100,99684,100
2019-06-28 10:00:40.253340871,100345,182,100266,82,100409,182,100117,282,100519,182,100116,182,100611,182,100104,182,100699,100,100033,100,100811,100,100022,200,100843,100,99854,100,100934,100,99852,100,101232,100,99728,100,101371,100,99684,100
2019-06-28 10:00:42.268973086,100266,18,100117,282,100345,182,100116,182,100409,182,100104,182,100519,182,100033,100,100611,182,100022,200,100699,100,99854,100,100811,100,99852,100,100843,100,99728,100,100934,100,99684,100,101232,100,99435,100
2019-06-28 10:00:50.000000000,100266,348,100117,530,100345,100,100116,100,100409,100,100104,100,100519,100,100033,100,100611,100,100022,200,100699,100,99854,100,100811,100,99852,100,100843,100,99728,100,100934,100,99684,100,101232,100,99435,100
2019-06-28 10:00:52.007602423,100266,348,100117,530,100345,100,100116,100,100409,100,100104,100,100611,100,100033,100,100699,100,100022,200,100811,100,99854,100,100843,100,99852,100,100934,100,99728,100,101232,100,99684,100,101371,100,99611,100
2019-06-28 10:01:00.000000000,100266,84,100117,266,100345,166,100116,166,100409,166,100104,166,100611,166,100033,166,100699,166,100022,266,100811,100,99854,100,100843,100,99852,100,100934,100,99728,100,101232,100,99684,100,101371,100,99611,100
2019-06-28 10:01:10.000000000,100266,130,100117,312,100345,209,100116,209,100409,209,100104,209,100611,100,100033,100,100699,100,100022,200,100811,100,99854,100,100843,100,99852,100,100934,100,99728,100,101232,100,99684,100,101371,100,99611,100
2019-06-28 10:01:20.000000000,100266,84,100117,266,100345,166,100116,166,100409,166,100104,166,100611,166,100033,166,100699,166,100022,266,100811,100,99854,100,100843,100,99852,100,100934,100,99728,100,101232,100,99684,100,101371,100,99611,100
2019-06-28 10:01:28.857307350,100266,84,100117,266,100345,166,100116,166,100409,166,100104,166,100611,166,100033,166,100699,166,100022,266,100762,100,99854,100,100811,100,99852,100,100843,100,99728,100,100934,100,99684,100,101232,100,99611,100
2019-06-28 10:01:30.000000000,100266,348,100117,530,100345,100,100116,100,100409,100,100104,100,100611,100,100033,100,100699,100,100022,200,100762,100,99854,100,100811,100,99852,100,100843,100,99728,100,100934,100,99684,100,101232,100,99611,100
2019-06-28 10:01:40.000000000,100266,130,100117,312,100345,209,100116,209,100409,209,100104,209,100611,100,100033,100,100699,100,100022,200,100762,100,99854,100,100811,100,99852,100,100843,100,99728,100,100934,100,99684,100,101232,100,99611,100
2019-06-28 10:01:50.000000000,100266,100,100117,282,100345,182,100116,182,100409,182,100104,182,100611,182,100033,182,100699,100,100022,200,100762,100,99854,100,100811,100,99852,100,100843,100,99728,100,100934,100,99684,100,101232,100,99611,100
2019-06-28 10:01:59.673620181,100345,182,100117,282,100409,82,100116,182,100611,182,100104,182,100699,100,100033,182,100762,100,100022,200,100811,100,99854,100,100843,100,99852,100,100934,100,99728,100,101232,100,99684,100,101371,100,99611,100
2019-06-28 10:02:00.000000000,100345,166,100117,266,100611,166,100116,166,100699,166,100104,166,100762,166,100033,166,100811,166,100022,266,100843,100,99854,100,100934,100,99852,100,101232,100,99728,100,101371,100,99684,100,101498,100,99611,100
2019-06-28 10:02:08.063116769,100345,166,100117,266,100575,100,100116,166,100611,166,100104,166,100699,166,100033,166,100762,166,100022,266,100811,166,99854,100,100843,100,99852,100,100934,100,99728,100,101232,100,99684,100,101371,100,99611,100
2019-06-28 10:02:10.000000000,100345,265,100117,365,100575,265,100116,265,100611,100,100104,100,100699,100,100033,100,100762,100,100022,200,100811,100,99854,100,100843,100,99852,100,100934,100,99728,100,101232,100,99684,100,101371,100,99611,100
2019-06-28 10:02:11.055934843,100280,100,100117,365,100345,165,100116,265,100575,265,100104,100,100611,100,100033,100,100699,100,100022,200,100762,100,99854,100,100811,100,99852,100,100843,100,99728,100,100934,100,99684,100,101232,100,99611,100
2019-06-28 10:02:15.652081748,100280,100,100266,100,100345,165,100117,365,100575,265,100116,265,100611,100,100033,100,100699,100,100022,200,100762,100,99854,100,100811,100,99852,100,100843,100,99728,100,100934,100,99684,100,101232,100,99611,100
2019-06-28 10:02:19.298374462,100345,165,100266,100,100575,265,100117,365,100611,100,100116,265,100699,100,100033,100,100762,100,100022,200,100811,100,99854,100,100843,100,99852,100,100934,100,99728,100,101232,100,99611,100,101371,100,99435,100
2019-06-28 10:02:20.000000000,100575,212,100266,212,100611,209,100117,309,100699,209,100116,209,100762,100,100033,100,100811,100,100022,200,100843,100,99854,100,100934,100,99852,100,101232,100,99728,100,101371,100,99611,100,101498,100,99435,100
2019-06-28 10:02:21.648098188,100575,212,100281,100,100611,209,100266,212,100699,209,100117,309,100762,100,100116,209,100811,100,100033,100,100843,100,100022,200,100934,100,99854,100,101232,100,99852,100,101371,100,99728,100,101498,100,99611,100
2019-06-28 10:02:26.433226443,100575,212,100281,100,100611,209,100266,212,100699,209,100240,100,100762,100,100117,309,100811,100,100116,209,100843,100,100033,100,100934,100,100022,200,101232,100,99854,100,101371,100,99852,100,101498,100,99728,100
2019-06-28 10:02:30.000000000,100575,212,100281,212,100611,209,100266,209,100699,209,100240,209,100762,100,100117,200,100811,100,100116,100,100843,100,100033,100,100934,100,100022,200,101232,100,99854,100,101371,100,99852,100,101498,100,99728,100
2019-06-28 10:02:36.338533976,100575,212,100281,212,100611,209,100266,109,100699,209,100240,209,100762,100,100117,200,100811,100,100116,100,100843,100,100033,100,100934,100,100022,200,101232,100,99854,100,101371,100,99852,100,101498,100,99728,100
2019-06-28 10:02:40.000000000,100575,430,100281,430,100611,100,100240,100,100699,100,100117,200,100762,100,100116,100,100811,100,100033,100,100843,100,100022,200,100934,100,99854,100,101232,100,99852,100,101371,100,99728,100,101498,100,99611,100
2019-06-28 10:02:50.000000000,100575,182,100281,182,100611,182,100240,182,100699,182,100117,282,100762,182,100116,182,100811,100,100033,100,100843,100,100022,200,100934,100,99854,100,101232,100,99852,100,101371,100,99728,100,101498,100,99611,100
2019-06-28 10:03:00.000000000,100575,212,100281,212,100611,209,100240,209,100699,209,100117,309,100762,100,100116,100,100811,100,100033,100,100843,100,100022,200,100934,100,99854,100,101232,100,99852,100,101371,100,99728,100,101498,100,99611,100
2019-06-28 10:03:00.769685198,100532,100,100281,212,100575,212,100240,209,100611,209,100117,309,100699,209,100116,100,100762,100,100033,100,100811,100,100022,200,100843,100,99854,100,100934,100,99852,100,101232,100,99728,100,101371,100,99611,100
2019-06-28 10:03:10.000000000,100532,166,100281,166,100575,166,100240,166,100611,166,100117,266,100699,166,100116,166,100762,166,100033,166,100811,100,100022,200,100843,100,99854,100,100934,100,99852,100,101232,100,99728,100,101371,100,99611,100
2019-06-28 10:03:10.042216493,100532,166,100281,166,100575,166,100267,100,100611,166,100240,166,100699,166,100117,266,100762,166,100116,166,100811,100,100033,166,100843,100,100022,200,100934,100,99854,100,101232,100,99852,100,101371,100,99728,100
2019-06-28 10:03:20.000000000,100532,182,100281,182,100575,182,100267,182,100611,182,100240,182,100699,182,100117,282,100762,100,100116,100,100811,100,100033,100,100843,100,100022,200,100934,100,99854,100,101232,100,99852,100,101371,100,99728,100
2019-06-28 10:03:27.205459011,100532,182,100379,100,100575,182,100281,182,100611,182,100267,182,100699,182,100240,182,100762,100,100117,282,100811,100,100116,100,100843,100,100033,100,100934,100,100022,200,101232,100,99854,100,101371,100,99852,100
2019-06-28 10:03:30.000000000,100532,265,100379,265,100575,265,100281,265,100611,100,100267,100,100699,100,100240,100,100762,100,100117,200,100811,100,100116,100,100843,100,100033,100,100934,100,100022,200,101232,100,99854,100,101371,100,99852,100
2019-06-28 10:03:30.015730576,100508,100,100379,265,100532,265,100281,265,100575,265,100267,100,100611,100,100240,100,100699,100,100117,200,100762,100,100116,100,100811,100,100033,100,100843,100,100022,200,100934,100,99854,100,101232,100,99852,100
2019-06-28 10:03:38.093792281,100432,100,100379,265,100508,100,100281,265,100532,265,100267,100,100575,265,100240,100,100611,100,100117,200,100699,100,100116,100,100762,100,100033,100,100811,100,100022,200,100843,100,99854,100,100934,100,99852,100
2019-06-28 10:03:40.000000000,100432,166,100379,166,100508,166,100281,166,100532,166,100267,166,100575,166,100240,166,100611,166,100117,266,100699,100,100116,100,100762,100,100033,100,100811,100,100022,200,100843,100,99854,100,100934,100,99852,100
2019-06-28 10:03:50.000000000,100432,430,100379,430,100508,100,100281,100,100532,100,100267,100,100575,100,100240,100,100611,100,100117,200,100699,100,100116,100,100762,100,100033,100,100811,100,100022,200,100843,100,99854,100,100934,100,99852,100
2019-06-28 10:03:50.718883616,100432,430,100379,430,100508,100,100281,100,100532,100,100267,100,100575,100,100240,100,100611,100,100117,200,100615,100,100116,100,100699,100,100033,100,100762,100,100022,200,100811,100,99854,100,100843,100,99852,100
2019-06-28 10:03:55.614896693,100432,430,100379,430,100508,100,100281,100,100532,100,100267,100,100575,100,100240,100,100611,100,100215,100,100615,100,100117,200,100699,100,100116,100,100762,100,100033,100,100811,100,100022,200,100843,100,99854,100
2019-06-28 10:04:00.000000000,100432,166,100379,166,100508,166,100281,166,100532,166,100267,166,100575,166,100240,166,100611,166,100215,166,100615,100,100117,200,100699,100,100116,100,100762,100,100033,100,100811,100,100022,200,100843,100,99854,100
2019-06-28 10:04:10.000000000,100432,212,100379,212,100508,209,100281,209,100532,209,100267,209,100575,100,100240,100,100611,100,100215,100,100615,100,100117,200,100699,100,100116,100,100762,100,100033,100,100811,100,100022,200,100843,100,99854,100
2019-06-28 10:04:10.178424540,100432,212,100379,112,100508,209,100281,209,100532,209,100267,209,100575,100,100240,100,100611,100,100215,100,100615,100,100117,200,100699,100,100116,100,100762,100,100033,100,100811,100,100022,200,100843,100,99854,100
2019-06-28 10:04:20.000000000,100432,212,100281,212,100508,209,100267,209,100532,209,100240,209,100575,100,100215,100,100611,100,100117,200,100615,100,100116,100,100699,100,100033,100,100762,100,100022,200,100811,100,99854,100,100843,100,99852,100
2019-06-28 10:04:22.604626231,100432,212,100281,212,100508,209,100267,209,100532,209,100240,209,100575,100,100215,100,100611,100,100143,100,100615,100,100117,200,100699,100,100116,100,100762,100,100033,100,100811,100,100022,200,100843,100,99854,100
2019-06-28 10:04:27.218766069,100379,100,100281,212,100432,212,100267,209,100508,209,100240,209,100532,209,100215,100,100575,100,100143,100,100611,100,100117,200,100615,100,100116,100,100699,100,100033,100,100762,100,100022,200,100811,100,99854,100
2019-06-28 10:04:30.000000000,100379,166,100281,166,100432,166,100267,166,100508,166,100240,166,100532,166,100215,166,100575,166,100143,166,100611,100,100117,200,100615,100,100116,100,100699,100,100033,100,100762,100,100022,200,100811,100,99854,100
2019-06-28 10:04:40.000000000,100379,430,100281,430,100432,100,100267,100,100508,100,100240,100,100532,100,100215,100,100575,100,100143,100,100611,100,100117,200,100615,100,100116,100,100699,100,100033,100,100762,100,100022,200,100811,100,99854,100
2019-06-28 10:04:50.000000000,100379,265,100281,265,100432,265,100267,265,100508,100,100240,100,100532,100,100215,100,100575,100,100143,100,100611,100,100117,200,100615,100,100116,100,100699,100,100033,100,100762,100,100022,200,100811,100,99854,100
2019-06-28 10:04:56.656286427,100379,365,100281,265,100432,265,100267,265,100508,100,100240,100,100532,100,100215,100,100575,100,100143,100,100611,100,100117,200,100615,100,100116,100,100699,100,100033,100,100762,100,100022,200,100811,100,99854,100
2019-06-28 10:05:00.000000000,100379,282,100281,182,100432,182,100267,182,100508,182,100240,182,100532,182,100215,182,100575,100,100143,100,100611,100,100117,200,100615,100,100116,100,100699,100,100033,100,100762,100,100022,200,100811,100,99854,100
2019-06-28 10:05:04.453133388,100379,282,100292,100,100432,182,100281,182,100508,182,100267,182,100532,182,100240,182,100575,100,100215,182,100611,100,100143,100,100615,100,100117,200,100699,100,100116,100,100762,100,100033,100,100811,100,100022,200
2019-06-28 10:05:10.000000000,100379,530,100292,430,100432,100,100281,100,100508,100,100267,100,100532,100,100240,100,100575,100,100215,100,100611,100,100143,100,100615,100,100117,200,100699,100,100116,100,100762,100,100033,100,100811,100,100022,200
2019-06-28 10:05:11.042234243,100344,100,100292,430,100379,530,100281,100,100432,100,100267,100,100508,100,100240,100,100532,100,100215,100,100575,100,100143,100,100611,100,100117,200,100615,100,100116,100,100699,100,100033,100,100762,100,100022,200
2019-06-28 10:05:20.000000000,100344,182,100292,182,100379,282,100281,182,100432,182,100267,182,100508,182,100240,182,100532,100,100215,100,100575,100,100143,100,100611,100,100117,200,100615,100,100116,100,100699,100,100033,100,100762,100,100022,200
2019-06-28 10:05:24.352869765,100344,182,100292,182,100379,282,100281,182,100432,182,100280,100,100508,182,100267,182,100532,100,100240,182,100575,100,100215,100,100611,100,100143,100,100615,100,100117,200,100699,100,100116,100,100762,100,100033,100
2019-06-28 10:05:24.850991802,100344,182,100292,182,100379,182,100281,182,100432,182,100280,100,100508,182,100267,182,100532,100,100240,182,100575,100,100215,100,100611,100,100143,100,100615,100,100117,200,100699,100,100116,100,100762,100,100033,100
2019-06-28 10:05:30.000000000,100344,212,100292,212,100379,209,100281,209,100432,209,100280,209,100508,100,100267,100,100532,100,100240,100,100575,100,100215,100,100611,100,100143,100,100615,100,100117,200,100699,100,100116,100,100762,100,100033,100
2019-06-28 10:05:40.000000000,100344,430,100292,430,100379,100,100281,100,100432,100,100280,100,100508,100,100267,100,100532,100,100240,100,100575,100,100215,100,100611,100,100143,100,100615,100,100117,200,100699,100,100116,100,100762,100,100033,100
2019-06-28 10:05:50.000000000,100344,182,100292,182,100379,182,100281,182,100432,182,100280,182,100508,182,100267,182,100532,100,100240,100,100575,100,100215,100,100611,100,100143,100,100615,100,100117,200,100699,100,100116,100,100762,100,100033,100
2019-06-28 10:05:55.144748449,100344,82,100292,182,100379,182,100281,182,100432,182,100280,182,100508,182,100267,182,100532,100,100240,100,100575,100,100215,100,100611,100,100143,100,100615,100,100117,200,100699,100,100116,100,100762,100,100033,100
2019-06-28 10:05:57.310024990,100379,182,100344,18,100432,182,100292,182,100508,182,100281,182,100532,100,100280,182,100575,100,100267,182,100611,100,100240,100,100615,100,100215,100,100699,100,100143,100,100762,100,100117,200,100811,100,100116,100
2019-06-28 10:06:00.000000000,100379,182,100344,100,100432,182,100292,182,100508,182,100281,182,100532,182,100280,182,100575,100,100267,100,100611,100,100240,100,100615,100,100215,100,100699,100,100143,100,100762,100,100117,200,100811,100,100116,100
2019-06-28 10:06:10.000000000,100379,166,100344,84,100432,166,100292,166,100508,166,100281,166,100532,166,100280,166,100575,166,100267,166,100611,100,100240,100,100615,100,100215,100,100699,100,100143,100,100762,100,100117,200,100811,100,100116,100
2019-06-28 10:06:10.654999805,100379,166,100344,184,100432,166,100292,166,100508,166,100281,166,100532,166,100280,166,100575,166,100267,166,100611,100,100240,100,100615,100,100215,100,100699,100,100143,100,100762,100,100117,200,100811,100,100033,100
2019-06-28 10:06:20.000000000,100379,166,100344,184,100432,166,100292,166,100508,166,100281,166,100532,166,100280,166,100575,166,100267,166,100611,100,100240,100,100615,100,100215,100,100699,100,100143,100,100762,100,100117,200,100811,100,100033,100
2019-06-28 10:06:23.082989579,100379,66,100344,184,100432,166,100292,166,100508,166,100281,166,100532,166,100280,166,100575,166,100267,166,100611,100,100240,100,100615,100,100215,100,100699,100,100143,100,100762,100,100117,200,100811,100,100033,100
2019-06-28 10:06:30.000000000,100432,265,100344,283,100508,265,100292,265,100532,100,100281,100,100575,100,100280,100,100611,100,100267,100,100615,100,100240,100,100699,100,100215,100,100762,100,100143,100,100811,100,100117,200,100843,100,100033,100
2019-06-28 10:06:34.059839038,100432,265,100344,283,100508,265,100292,265,100532,100,100281,100,100611,100,100280,100,100615,100,100267,100,100699,100,100240,100,100760,100,100215,100,100762,100,100143,100,100811,100,100117,200,100843,100,100033,100
2019-06-28 10:06:40.000000000,100432,430,100344,448,100508,100,100292,100,100532,100,100281,100,100611,100,100280,100,100615,100,100267,100,100699,100,100240,100,100760,100,100215,100,100762,100,100143,100,100811,100,100117,200,100843,100,100033,100
2019-06-28 10:06:42.296384703,100432,430,100344,448,100508,100,100281,100,100532,100,100280,100,100611,100,100267,100,100615,100,100240,100,100689,100,100215,100,100699,100,100143,100,100760,100,100117,200,100762,100,100033,100,100811,100,100022,200
2019-06-28 10:06:50.000000000,100432,430,100344,448,100508,100,100281,100,100532,100,100280,100,100611,100,100267,100,100615,100,100240,100,100689,100,100215,100,100699,100,100143,100,100760,100,100117,200,100762,100,100033,100,100811,100,100022,200
2019-06-28 10:07:00.000000000,100432,212,100344,230,100508,209,100281,209,100532,209,100280,209,100611,100,100267,100,100615,100,100240,100,100689,100,100215,100,100699,100,100143,100,100760,100,100117,200,100762,100,100033,100,100811,100,100022,200
2019-06-28 10:07:10.000000000,100432,430,100344,448,100508,100,100281,100,100532,100,100280,100,100611,100,100267,100,100615,100,100240,100,100689,100,100215,100,100699,100,100143,100,100760,100,100117,200,100762,100,100033,100,100811,100,100022,200
2019-06-28 10:07:20.000000000,100432,265,100344,283,100508,265,100281,265,100532,100,100280,100,100611,100,100267,100,100615,100,100240,100,100689,100,100215,100,100699,100,100143,100,100760,100,100117,200,100762,100,100033,100,100811,100,100022,200
2019-06-28 10:07:22.876156830,100432,265,100344,283,100508,265,100281,265,100532,100,100280,100,100611,100,100267,100,100615,100,100240,100,100689,100,100215,100,100699,100,100143,100,100760,100,100117,200,100811,100,100107,100,100843,100,100033,100
2019-06-28 10:07:30.000000000,100432,182,100344,200,100508,182,100281,182,100532,182,100280,182,100611,182,100267,182,100615,100,100240,100,100689,100,100215,100,100699,100,100143,100,100760,100,100117,200,100811,100,100107,100,100843,100,100033,100
2019-06-28 10:07:39.338295009,100432,182,100344,200,100465,100,100281,182,100508,182,100280,182,100532,182,100267,182,100611,182,100240,100,100615,100,100215,100,100689,100,100143,100,100699,100,100117,200,100760,100,100107,100,100811,100,100033,100
2019-06-28 10:07:40.000000000,100432,430,100344,448,100465,100,100281,100,100508,100,100280,100,100532,100,100267,100,100611,100,100240,100,100615,100,100215,100,100689,100,100143,100,100699,100,100117,200,100760,100,100107,100,100811,100,100033,100
2019-06-28 10:07:43.263226850,100432,430,100344,448,100465,100,100324,100,100508,100,100281,100,100532,100,100280,100,100611,100,100267,100,100615,100,100240,100,100689,100,100215,100,100699,100,100143,100,100760,100,100117,200,100811,100,100107,100
2019-06-28 10:07:50.000000000,100432,430,100344,448,100465,100,100324,100,100508,100,100281,100,100532,100,100280,100,100611,100,100267,100,100615,100,100240,100,100689,100,100215,100,100699,100,100143,100,100760,100,100117,200,100811,100,100107,100
2019-06-28 10:08:00.000000000,100432,430,100344,448,100465,100,100324,100,100508,100,100281,100,100532,100,100280,100,100611,100,100267,100,100615,100,100240,100,100689,100,100215,100,100699,100,100143,100,100760,100,100117,200,100811,100,100107,100
2019-06-28 10:08:10.000000000,100432,212,100344,230,100465,209,100324,209,100508,209,100281,209,100532,100,100280,100,100611,100,100267,100,100615,100,100240,100,100689,100,100215,100,100699,100,100143,100,100760,100,100117,200,100811,100,100107,100
