,ask_price_1,ask_size_1,bid_price_1,bid_size_1,ask_price_2,ask_size_2,bid_price_2,bid_size_2,ask_price_3,ask_size_3,bid_price_3,bid_size_3,ask_price_4,ask_size_4,bid_price_4,bid_size_4,ask_price_5,ask_size_5,bid_price_5,bid_size_5,ask_price_6,ask_size_6,bid_price_6,bid_size_6,ask_price_7,ask_size_7,bid_price_7,bid_size_7,ask_price_8,ask_size_8,bid_price_8,bid_size_8,ask_price_9,ask_size_9,bid_price_9,bid_size_9,ask_price_10,ask_size_10,bid_price_10,bid_size_10
2019-06-28 09:30:00.000000000,100012,100,,,,,,,,,,,,,,,,,,,,,,,,,,,,,,,,,,,,,,
2019-06-28 09:30:00.000000001,,,,,,,,,,,,,,,,,,,,,,,,,,,,,,,,,,,,,,,,
2019-06-28 09:30:00.000000002,100159,100,100061,100,,,99953,100,,,,,,,,,,,,,,,,,,,,,,,,,,,,,,,,
2019-06-28 09:30:00.000000003,100159,100,99953,100,,,,,,,,,,,,,,,,,,,,,,,,,,,,,,,,,,,,
2019-06-28 09:30:00.000000006,100159,100,99953,100,,,,,,,,,,,,,,,,,,,,,,,,,,,,,,,,,,,,
2019-06-28 09:30:00.000000007,100061,100,99953,100,100123,100,99933,100,100159,100,99902,100,,,99900,100,,,,,,,,,,,,,,,,,,,,,,,,
2019-06-28 09:30:00.000000009,100061,100,99954,100,100123,100,99953,100,100159,100,99933,100,,,99902,100,,,99900,100,,,,,,,,,,,,,,,,,,,,
2019-06-28 09:30:00.000000011,100040,100,99954,100,100061,100,99953,100,100123,100,99933,100,100159,100,99902,100,,,99900,100,,,,,,,,,,,,,,,,,,,,
2019-06-28 09:30:00.000000014,99988,100,99954,100,100040,100,99953,100,100061,100,99933,100,100123,100,99902,100,100159,100,99900,100,,,,,,,,,,,,,,,,,,,,
2019-06-28 09:30:00.000000017,99988,100,99954,100,100040,100,99953,100,100061,200,99933,100,100123,100,99902,100,100159,100,99900,100,,,,,,,,,,,,,,,,,,,,
2019-06-28 09:30:00.000000018,99988,100,99954,100,100040,100,99953,100,100061,300,99933,100,100123,100,99902,100,100159,100,99900,100,,,,,,,,,,,,,,,,,,,,
2019-06-28 09:30:00.000000020,99988,100,99954,100,100040,100,99953,100,100061,300,99933,100,100123,100,99902,100,100155,100,99900,100,100159,100,,,,,,,,,,,,,,,,,,
2019-06-28 09:30:00.000000022,99988,100,99954,100,100009,100,99953,100,100040,100,99933,100,100061,300,99902,100,100123,100,99900,100,100155,100,,,100159,100,,,,,,,,,,,,,,
2019-06-28 09:30:00.000000023,99988,100,99953,100,100009,100,99933,100,100040,100,99902,100,100061,300,99900,100,100123,100,,,100155,100,,,100159,100,,,,,,,,,,,,,,
2019-06-28 09:30:00.000000028,99988,100,99953,100,100009,100,99933,100,100039,100,99902,100,100040,100,99900,100,100061,300,,,100123,100,,,100155,100,,,100159,100,,,,,,,,,,
2019-06-28 09:30:00.000000032,99988,100,99953,100,100009,100,99933,100,100039,100,99910,100,100040,100,99902,100,100061,300,99900,100,100123,100,,,100145,100,,,100155,100,,,100159,100,,,,,,
2019-06-28 09:30:00.000000035,99988,100,99953,100,100009,100,99933,100,100015,100,99910,100,100039,100,99902,100,100040,100,99900,100,100061,300,,,100110,100,,,100123,100,,,100145,100,,,100155,100,,
2019-06-28 09:30:00.000000036,99988,100,99953,100,100009,100,99933,100,100015,100,99910,100,100039,200,99902,100,100040,100,99900,100,100061,300,,,100110,100,,,100123,100,,,100145,100,,,100155,100,,
2019-06-28 09:30:00.000000041,99988,100,99953,100,100007,100,99933,100,100009,100,99910,100,100015,100,99902,100,100039,200,99900,100,100040,100,,,100061,300,,,100110,100,,,100123,100,,,100145,100,,
2019-06-28 09:30:00.000000042,100007,100,99953,100,100009,100,99933,100,100015,100,99910,100,100039,200,99902,100,100040,100,99900,100,100061,300,,,100110,100,,,100123,100,,,100145,100,,,100155,100,,
2019-06-28 09:30:00.000000045,100007,100,99953,100,100009,100,99933,100,100015,100,99910,100,100039,200,99902,100,100040,100,99900,100,100061,300,,,100087,100,,,100110,100,,,100123,100,,,100145,100,,
2019-06-28 09:30:00.000000046,100007,100,99954,100,100009,100,99953,100,100015,100,99933,100,100039,200,99910,100,100040,100,99902,100,100061,300,99900,100,100087,100,,,100110,100,,,100123,100,,,100145,100,,
2019-06-28 09:30:00.000000047,100007,100,99954,100,100009,100,99953,100,100015,100,99933,100,100035,100,99910,100,100039,200,99902,100,100040,100,99900,100,100061,300,,,100087,100,,,100110,100,,,100123,100,,
2019-06-28 09:30:00.000000048,100007,100,99954,100,100009,100,99953,100,100015,100,99933,100,100035,100,99910,100,100039,200,99902,100,100040,100,99900,100,100060,100,,,100061,300,,,100087,100,,,100110,100,,
2019-06-28 09:30:00.000000050,100007,100,99954,100,100009,100,99953,100,100015,100,99933,100,100035,100,99910,100,100039,200,99902,100,100040,100,99900,100,100044,100,,,100060,100,,,100061,300,,,100087,100,,
2019-06-28 09:30:00.000000051,100009,100,99954,100,100015,100,99953,100,100035,100,99933,100,100039,200,99910,100,100040,100,99902,100,100044,100,99900,100,100060,100,,,100061,300,,,100087,100,,,100107,100,,
2019-06-28 09:30:00.000000053,100009,100,99953,100,100015,100,99933,100,100035,100,99910,100,100037,100,99902,100,100039,200,99900,100,100040,100,,,100044,100,,,100060,100,,,100061,300,,,100087,100,,
2019-06-28 09:30:00.000000055,100009,100,99953,100,100015,100,99933,100,100035,100,99910,100,100037,100,99902,100,100039,200,99900,100,100040,100,,,100044,100,,,100060,100,,,100061,300,,,100087,100,,
2019-06-28 09:30:00.000000056,100009,100,99954,100,100015,100,99953,100,100035,100,99933,100,100037,100,99910,100,100039,200,99902,100,100040,100,99900,100,100044,100,99809,100,100060,100,,,100061,300,,,100087,100,,
2019-06-28 09:30:00.000000057,100009,100,99954,100,100015,100,99953,100,100035,100,99933,100,100037,100,99910,100,100039,200,99902,100,100040,100,99900,100,100044,100,99809,100,100060,100,,,100061,300,,,100087,100,,
2019-06-28 09:30:00.000000059,100009,100,99954,100,100015,100,99953,100,100035,100,99933,100,100037,100,99910,100,100039,200,99902,100,100040,100,99900,200,100044,100,99809,100,100060,100,,,100061,300,,,100087,100,,
2019-06-28 09:30:00.000000060,100009,100,99954,100,100015,100,99953,100,100035,100,99933,100,100037,100,99910,100,100039,200,99902,100,100040,100,99900,300,100044,100,99809,100,100060,100,,,100061,300,,,100081,100,,
2019-06-28 09:30:00.000000061,100007,100,99954,200,100009,100,99953,100,100015,100,99933,100,100035,100,99910,100,100037,100,99902,100,100039,200,99900,300,100040,100,99809,100,100044,100,,,100060,100,,,100061,300,,
2019-06-28 09:30:00.000000062,100007,100,99976,100,100009,100,99954,200,100015,100,99953,100,100035,100,99933,100,100037,100,99910,100,100039,200,99902,100,100040,100,99900,300,100044,100,99809,100,100060,100,,,100061,300,,
2019-06-28 09:30:00.000000070,99992,100,99976,100,100007,100,99954,200,100009,100,99953,100,100015,100,99933,100,100035,100,99910,100,100037,100,99905,100,100039,200,99902,100,100040,100,99900,300,100044,100,99809,100,100060,100,,
2019-06-28 09:30:00.000000077,99992,100,99976,100,100007,100,99954,200,100009,100,99953,100,100015,100,99933,100,100035,100,99910,100,100037,100,99905,100,100039,200,99902,100,100040,100,99900,300,100044,100,99856,100,100060,100,99809,100
2019-06-28 09:30:00.000000081,99992,100,99976,100,100007,100,99954,200,100009,100,99953,100,100015,100,99933,100,100035,100,99910,100,100037,100,99905,100,100039,200,99902,100,100040,100,99900,300,100044,100,99856,100,100060,100,99809,100
2019-06-28 09:30:00.000000082,99992,100,99976,100,100007,200,99954,200,100009,100,99953,100,100015,100,99933,100,100035,100,99910,100,100037,100,99905,100,100039,200,99902,100,100040,100,99900,300,100044,100,99856,100,100060,100,99809,100
2019-06-28 09:30:00.000000088,99992,100,99976,100,100007,200,99954,200,100009,100,99953,100,100015,100,99933,100,100035,100,99910,100,100037,100,99905,100,100039,200,99902,100,100040,100,99900,300,100044,100,99856,100,100060,100,99809,100
2019-06-28 09:30:00.000000089,99992,100,99954,200,100007,200,99953,100,100009,100,99933,100,100015,100,99910,100,100035,100,99905,100,100037,100,99902,100,100039,200,99900,300,100040,100,99856,100,100044,100,99809,100,100060,100,99800,100
2019-06-28 09:30:00.000000090,99992,100,99954,200,100007,200,99953,100,100009,100,99933,100,100015,100,99910,100,100035,100,99905,100,100037,100,99902,100,100039,200,99900,300,100040,100,99856,100,100044,100,99809,100,100049,100,99800,100
2019-06-28 09:30:00.000000092,99992,100,99954,200,100007,200,99953,100,100009,100,99933,100,100015,100,99919,100,100035,100,99910,100,100037,100,99905,100,100039,200,99902,100,100040,100,99900,300,100044,100,99856,100,100049,100,99809,100
2019-06-28 09:30:00.000000093,99992,100,99954,200,100007,200,99953,100,100009,100,99933,100,100015,100,99919,100,100035,100,99910,100,100037,100,99905,100,100039,200,99902,100,100040,100,99900,300,100044,100,99856,100,100049,100,99809,100
2019-06-28 09:30:00.000000094,100007,200,99988,100,100009,100,99954,200,100015,100,99953,100,100035,100,99933,100,100037,100,99919,100,100039,200,99910,100,100040,100,99905,100,100044,100,99902,100,100049,100,99900,300,100050,100,99856,100
2019-06-28 09:30:00.000000095,100007,200,99988,100,100009,100,99964,100,100015,100,99954,200,100035,100,99953,100,100037,100,99933,100,100039,200,99919,100,100040,100,99910,100,100044,100,99905,100,100049,100,99902,100,100050,100,99900,300
2019-06-28 09:30:00.000000097,100007,200,99988,100,100009,100,99964,100,100015,100,99954,200,100035,100,99953,100,100037,100,99933,100,100039,200,99919,100,100040,100,99910,100,100044,100,99905,100,100049,100,99902,100,100050,100,99900,300
2019-06-28 09:30:00.000000098,100007,200,99988,100,100009,100,99976,100,100015,100,99964,100,100035,100,99954,200,100037,100,99953,100,100039,200,99933,100,100040,100,99919,100,100044,100,99910,100,100049,100,99905,100,100050,100,99902,100
2019-06-28 09:30:04.895480873,100007,200,99988,100,100009,100,99976,100,100015,100,99964,100,100023,100,99954,200,100035,100,99953,100,100037,100,99933,100,100039,200,99919,100,100040,100,99910,100,100044,100,99905,100,100049,100,99902,100
2019-06-28 09:30:08.816192081,100007,200,99988,100,100009,100,99976,200,100015,100,99964,100,100023,100,99954,200,100035,100,99953,100,100037,100,99933,100,100039,200,99919,100,100040,100,99910,100,100044,100,99905,100,100049,100,99902,100
2019-06-28 09:30:10.000000000,100007,250,99988,150,100009,150,99976,250,100015,150,99964,150,100023,150,99954,250,100035,150,99953,150,100037,100,99933,100,100039,200,99919,100,100040,100,99910,100,100044,100,99905,100,100049,100,99902,100
2019-06-28 09:30:20.000000000,100007,263,99988,163,100009,163,99976,263,100015,163,99964,163,100023,163,99954,263,100035,100,99953,100,100037,100,99933,100,100039,200,99919,100,100040,100,99910,100,100044,100,99905,100,100049,100,99902,100
2019-06-28 09:30:20.968799063,100007,163,99988,163,100009,163,99976,263,100015,163,99964,163,100023,163,99954,263,100035,100,99953,100,100037,100,99933,100,100039,200,99919,100,100040,100,99910,100,100044,100,99905,100,100049,100,99902,100
2019-06-28 09:30:30.000000000,100007,352,99988,352,100009,100,99976,200,100015,100,99964,100,100023,100,99954,200,100035,100,99953,100,100037,100,99933,100,100039,200,99919,100,100040,100,99910,100,100044,100,99905,100,100049,100,99902,100
2019-06-28 09:30:40.000000000,100007,163,99988,163,100009,163,99976,263,100015,163,99964,163,100023,163,99954,263,100035,100,99953,100,100037,100,99933,100,100039,200,99919,100,100040,100,99910,100,100044,100,99905,100,100049,100,99902,100
2019-06-28 09:30:50.000000000,100007,186,99988,186,100009,183,99976,283,100015,183,99964,183,100023,100,99954,200,100035,100,99953,100,100037,100,99933,100,100039,200,99919,100,100040,100,99910,100,100044,100,99905,100,100049,100,99902,100
2019-06-28 09:31:00.000000000,100007,163,99988,163,100009,163,99976,263,100015,163,99964,163,100023,163,99954,263,100035,100,99953,100,100037,100,99933,100,100039,200,99919,100,100040,100,99910,100,100044,100,99905,100,100049,100,99902,100
2019-06-28 09:31:04.624292827,100007,163,99988,63,100009,163,99976,263,100015,163,99964,163,100023,163,99954,263,100035,100,99953,100,100037,100,99933,100,100039,200,99919,100,100040,100,99910,100,100044,100,99905,100,100049,100,99902,100
2019-06-28 09:31:10.000000000,100007,186,99976,286,100009,183,99964,183,100015,183,99954,283,100023,100,99953,100,100035,100,99933,100,100037,100,99919,100,100039,200,99910,100,100040,100,99905,100,100044,100,99902,100,100049,100,99900,300
2019-06-28 09:31:19.000798513,100007,86,99976,286,100009,183,99964,183,100015,183,99954,283,100023,100,99953,100,100035,100,99933,100,100037,100,99919,100,100039,200,99910,100,100040,100,99905,100,100044,100,99902,100,100049,100,99900,300
2019-06-28 09:31:20.000000000,100009,186,99976,286,100015,183,99964,183,100023,183,99954,283,100035,100,99953,100,100037,100,99933,100,100039,200,99919,100,100040,100,99910,100,100044,100,99905,100,100049,100,99902,100,100050,100,99900,300
2019-06-28 09:31:30.000000000,100009,186,99976,286,100015,183,99964,183,100023,183,99954,283,100035,100,99953,100,100037,100,99933,100,100039,200,99919,100,100040,100,99910,100,100044,100,99905,100,100049,100,99902,100,100050,100,99900,300
2019-06-28 09:31:40.000000000,100009,150,99976,250,100015,150,99964,150,100023,150,99954,250,100035,150,99953,150,100037,150,99933,150,100039,200,99919,100,100040,100,99910,100,100044,100,99905,100,100049,100,99902,100,100050,100,99900,300
2019-06-28 09:31:42.937736957,100009,150,99976,250,100015,150,99964,150,100023,150,99954,250,100035,150,99953,150,100037,150,99933,150,100039,200,99919,100,100040,100,99910,100,100044,100,99905,100,100049,100,99902,100,100050,100,99900,300
2019-06-28 09:31:50.000000000,100009,186,99976,286,100015,183,99964,183,100023,183,99954,283,100035,100,99953,100,100037,100,99933,100,100039,200,99919,100,100040,100,99910,100,100044,100,99905,100,100049,100,99902,100,100050,100,99900,300
2019-06-28 09:32:00.000000000,100009,163,99976,263,100015,163,99964,163,100023,163,99954,263,100035,163,99953,163,100037,100,99933,100,100039,200,99919,100,100040,100,99910,100,100044,100,99905,100,100049,100,99902,100,100050,100,99900,300
2019-06-28 09:32:10.000000000,100009,150,99976,250,100015,150,99964,150,100023,150,99954,250,100035,150,99953,150,100037,150,99933,150,100039,200,99919,100,100040,100,99910,100,100044,100,99905,100,100049,100,99902,100,100050,100,99900,300
2019-06-28 09:32:13.798673546,100009,150,99992,100,100015,150,99976,250,100023,150,99964,150,100035,150,99954,250,100037,150,99953,150,100039,200,99933,150,100040,100,99919,100,100044,100,99910,100,100049,100,99905,100,100050,100,99902,100
2019-06-28 09:32:20.000000000,100009,352,99992,352,100015,100,99976,200,100023,100,99964,100,100035,100,99954,200,100037,100,99953,100,100039,200,99933,100,100040,100,99919,100,100044,100,99910,100,100049,100,99905,100,100050,100,99902,100
2019-06-28 09:32:20.337949255,100009,252,99992,352,100015,100,99976,200,100023,100,99964,100,100035,100,99954,200,100037,100,99953,100,100039,200,99933,100,100040,100,99919,100,100044,100,99910,100,100049,100,99905,100,100050,100,99902,100
2019-06-28 09:32:29.392505388,100009,152,99992,352,100015,100,99976,200,100023,100,99964,100,100035,100,99954,200,100037,100,99953,100,100039,200,99933,100,100040,100,99919,100,100044,100,99910,100,100049,100,99905,100,100050,100,99902,100
2019-06-28 09:32:30.000000000,100015,163,99992,163,100023,163,99976,263,100035,163,99964,163,100037,163,99954,263,100039,200,99953,100,100040,100,99933,100,100044,100,99919,100,100049,100,99910,100,100050,100,99905,100,100061,200,99902,100
2019-06-28 09:32:40.000000000,100015,352,99992,352,100023,100,99976,200,100035,100,99964,100,100037,100,99954,200,100039,200,99953,100,100040,100,99933,100,100044,100,99919,100,100049,100,99910,100,100050,100,99905,100,100061,200,99902,100
2019-06-28 09:32:50.000000000,100015,163,99992,163,100023,163,99976,263,100035,163,99964,163,100037,163,99954,263,100039,200,99953,100,100040,100,99933,100,100044,100,99919,100,100049,100,99910,100,100050,100,99905,100,100061,200,99902,100
2019-06-28 09:32:50.928948150,100015,163,99992,163,100023,163,99976,263,100035,163,99964,163,100037,163,99954,263,100039,200,99953,100,100040,100,99933,100,100044,100,99919,100,100049,100,99910,100,100050,100,99905,100,100061,200,99902,100
2019-06-28 09:33:00.000000000,100015,186,99992,186,100023,183,99976,283,100035,183,99964,183,100037,100,99954,200,100039,200,99953,100,100040,100,99933,100,100044,100,99919,100,100049,100,99910,100,100050,100,99905,100,100061,200,99902,100
2019-06-28 09:33:00.406456437,100015,186,99992,186,100023,183,99976,283,100035,183,99964,183,100037,100,99954,200,100039,200,99953,100,100040,100,99933,100,100044,100,99919,100,100049,100,99910,100,100050,100,99905,100,100061,200,99902,100
2019-06-28 09:33:01.595523233,100015,186,99992,186,100023,183,99976,283,100035,183,99964,183,100037,100,99954,200,100039,200,99953,100,100040,100,99933,100,100044,100,99919,100,100049,100,99910,100,100050,100,99905,100,100061,200,99902,100
2019-06-28 09:33:10.000000000,100015,150,99992,150,100023,150,99976,250,100035,150,99964,150,100037,150,99954,250,100039,250,99953,150,100040,100,99933,100,100044,100,99919,100,100049,100,99910,100,100050,100,99905,100,100061,200,99902,100
2019-06-28 09:33:20.000000000,100015,226,99992,226,100023,226,99976,326,100035,100,99964,100,100037,100,99954,200,100039,200,99953,100,100040,100,99933,100,100044,100,99919,100,100049,100,99910,100,100050,100,99905,100,100061,200,99902,100
2019-06-28 09:33:30.000000000,100015,186,99992,186,100023,183,99976,283,100035,183,99964,183,100037,100,99954,200,100039,200,99953,100,100040,100,99933,100,100044,100,99919,100,100049,100,99910,100,100050,100,99905,100,100061,200,99902,100
2019-06-28 09:33:40.000000000,100015,352,99992,352,100023,100,99976,200,100035,100,99964,100,100037,100,99954,200,100039,200,99953,100,100040,100,99933,100,100044,100,99919,100,100049,100,99910,100,100050,100,99905,100,100061,200,99902,100
2019-06-28 09:33:47.603368356,100015,252,99992,352,100023,100,99976,200,100035,100,99964,100,100037,100,99954,200,100039,200,99953,100,100040,100,99933,100,100044,100,99919,100,100049,100,99910,100,100050,100,99905,100,100061,200,99902,100
2019-06-28 09:33:50.000000000,100023,163,99992,163,100035,163,99976,263,100037,163,99964,163,100039,263,99954,263,100040,100,99953,100,100044,100,99933,100,100049,100,99919,100,100050,100,99910,100,100061,200,99905,100,100067,100,99902,100
2019-06-28 09:33:51.757254459,100023,163,100009,100,100035,163,99992,163,100037,163,99976,263,100039,263,99964,163,100040,100,99954,263,100044,100,99953,100,100049,100,99933,100,100050,100,99919,100,100061,200,99910,100,100067,100,99905,100
2019-06-28 09:34:00.000000000,100023,163,100009,163,100035,163,99992,163,100037,163,99976,263,100039,263,99964,163,100040,100,99954,200,100044,100,99953,100,100049,100,99933,100,100050,100,99919,100,100061,200,99910,100,100067,100,99905,100
2019-06-28 09:34:00.875087237,100023,63,100009,163,100035,163,99992,163,100037,163,99976,263,100039,263,99964,163,100040,100,99954,200,100044,100,99953,100,100049,100,99933,100,100050,100,99919,100,100061,200,99910,100,100067,100,99905,100
2019-06-28 09:34:10.000000000,100035,150,100009,150,100037,150,99992,150,100039,250,99976,250,100040,150,99964,150,100044,150,99954,250,100049,100,99953,100,100050,100,99933,100,100061,200,99919,100,100067,100,99910,100,100106,100,99905,100
2019-06-28 09:34:10.080217778,100035,150,100009,150,100037,150,99992,150,100039,250,99976,250,100040,150,99964,150,100044,150,99954,250,100049,100,99953,100,100050,100,99933,100,100061,200,99919,100,100067,100,99910,100,100106,100,99905,100
2019-06-28 09:34:16.595385199,100035,150,100009,150,100037,150,99992,150,100039,250,99976,250,100040,150,99964,150,100044,150,99954,250,100049,100,99953,100,100050,100,99933,100,100061,200,99919,100,100067,100,99910,100,100106,100,99905,100
2019-06-28 09:34:19.421251003,100035,150,100010,100,100037,150,100009,150,100039,250,99992,150,100040,150,99976,250,100044,150,99964,150,100049,100,99954,250,100050,100,99953,100,100061,200,99933,100,100067,100,99919,100,100106,100,99910,100
2019-06-28 09:34:20.000000000,100035,226,100010,226,100037,226,100009,226,100039,200,99992,100,100040,100,99976,200,100044,100,99964,100,100049,100,99954,200,100050,100,99953,100,100061,200,99933,100,100067,100,99919,100,100106,100,99910,100
2019-06-28 09:34:25.420761997,100035,226,100010,226,100037,226,100009,226,100039,200,99992,100,100040,100,99976,200,100044,100,99964,100,100049,100,99954,200,100050,100,99953,100,100061,200,99933,100,100067,100,99919,100,100106,100,99910,100
2019-06-28 09:34:25.499261980,100035,226,100010,226,100037,226,100009,226,100039,200,99992,100,100040,100,99976,200,100044,100,99964,100,100049,100,99954,200,100050,100,99953,100,100061,200,99933,100,100067,100,99919,100,100106,100,99910,100
2019-06-28 09:34:30.000000000,100035,352,100010,352,100037,100,100009,100,100039,200,99992,100,100040,100,99976,200,100044,100,99964,100,100049,100,99954,200,100050,100,99953,100,100061,200,99933,100,100067,100,99919,100,100106,100,99910,100
2019-06-28 09:34:40.000000000,100035,163,100010,163,100037,163,100009,163,100039,263,99992,163,100040,163,99976,263,100044,100,99964,100,100049,100,99954,200,100050,100,99953,100,100061,200,99933,100,100067,100,99919,100,100106,100,99910,100
2019-06-28 09:34:41.983953906,100035,163,100010,163,100037,163,100009,163,100039,263,99992,163,100040,163,99976,263,100044,100,99964,100,100049,100,99954,200,100050,100,99953,100,100061,200,99933,100,100067,100,99919,100,100106,100,99910,100
2019-06-28 09:34:45.587838156,100035,63,100010,163,100037,163,100009,163,100039,263,99992,163,100040,163,99976,263,100044,100,99964,100,100049,100,99954,200,100050,100,99953,100,100061,200,99933,100,100067,100,99919,100,100106,100,99910,100
2019-06-28 09:34:50.000000000,100037,226,100010,226,100039,326,100009,226,100040,100,99992,100,100044,100,99976,200,100049,100,99964,100,100050,100,99954,200,100061,200,99953,100,100067,100,99933,100,100106,100,99919,100,100132,100,99910,100
2019-06-28 09:34:52.975636406,100037,226,100010,226,100039,226,100009,226,100040,100,99992,100,100044,100,99976,200,100049,100,99964,100,100050,100,99954,200,100061,200,99953,100,100067,100,99933,100,100106,100,99919,100,100132,100,99910,100
2019-06-28 09:34:54.810108025,100037,226,100010,226,100039,226,100009,226,100040,100,99992,100,100044,100,99976,200,100049,100,99964,100,100050,100,99954,200,100061,200,99953,100,100067,100,99933,100,100106,100,99919,100,100132,100,99910,100
2019-06-28 09:34:56.982582694,100037,126,100010,226,100039,226,100009,226,100040,100,99992,100,100044,100,99976,200,100049,100,99964,100,100050,100,99954,200,100061,200,99953,100,100067,100,99933,100,100106,100,99919,100,100132,100,99910,100
2019-06-28 09:35:00.000000000,100039,163,100010,163,100040,163,100009,163,100044,163,99992,163,100049,163,99976,263,100050,100,99964,100,100061,200,99954,200,100067,100,99953,100,100106,100,99933,100,100132,100,99919,100,100155,100,99910,100
2019-06-28 09:35:10.000000000,100039,186,100010,186,100040,183,100009,183,100044,183,99992,183,100049,100,99976,200,100050,100,99964,100,100061,200,99954,200,100067,100,99953,100,100106,100,99933,100,100132,100,99919,100,100155,100,99910,100
2019-06-28 09:35:20.000000000,100039,150,100010,150,100040,150,100009,150,100044,150,99992,150,100049,150,99976,250,100050,150,99964,150,100061,200,99954,200,100067,100,99953,100,100106,100,99933,100,100132,100,99919,100,100155,100,99910,100
2019-06-28 09:35:30.000000000,100039,226,100010,226,100040,226,100009,226,100044,100,99992,100,100049,100,99976,200,100050,100,99964,100,100061,200,99954,200,100067,100,99953,100,100106,100,99933,100,100132,100,99919,100,100155,100,99910,100
2019-06-28 09:35:31.448670548,100039,226,100010,226,100040,226,100009,226,100044,100,99992,100,100049,100,99976,200,100050,100,99964,100,100061,200,99954,200,100067,100,99953,100,100106,100,99933,100,100132,100,99919,100,100155,100,99910,100
2019-06-28 09:35:38.179003391,100039,226,100010,226,100040,226,100009,226,100044,100,99992,100,100049,100,99976,200,100050,100,99964,100,100061,200,99954,200,100067,100,99953,100,100132,100,99933,100,100155,100,99919,100,100159,100,99910,100
2019-06-28 09:35:40.000000000,100039,163,100010,163,100040,163,100009,163,100044,163,99992,163,100049,163,99976,263,100050,100,99964,100,100061,200,99954,200,100067,100,99953,100,100132,100,99933,100,100155,100,99919,100,100159,100,99910,100
2019-06-28 09:35:40.700021537,100039,63,100010,163,100040,63,100009,163,100044,163,99992,163,100049,163,99976,263,100050,100,99964,100,100061,200,99954,200,100067,100,99953,100,100132,100,99933,100,100155,100,99919,100,100159,100,99910,100
2019-06-28 09:35:50.000000000,100044,226,100010,226,100049,226,100009,226,100050,100,99992,100,100061,200,99976,200,100067,100,99964,100,100132,100,99954,200,100155,100,99953,100,100159,100,99933,100,100415,100,99919,100,100547,100,99910,100
2019-06-28 09:35:50.233373491,100044,226,100010,226,100049,226,100009,226,100050,100,99992,100,100061,200,99976,200,100067,100,99964,100,100132,100,99954,100,100155,100,99953,100,100159,100,99933,100,100415,100,99919,100,100547,100,99910,100
2019-06-28 09:35:56.704504745,100044,226,100037,100,100049,226,100010,226,100050,100,100009,226,100061,200,99992,100,100067,100,99976,200,100132,100,99964,100,100155,100,99954,100,100159,100,99953,100,100415,100,99933,100,100547,100,99919,100
2019-06-28 09:36:00.000000000,100044,163,100037,163,100049,163,100010,163,100050,163,100009,163,100061,263,99992,163,100067,100,99976,200,100132,100,99964,100,100155,100,99954,100,100159,100,99953,100,100415,100,99933,100,100547,100,99919,100
2019-06-28 09:36:10.000000000,100044,352,100037,352,100049,100,100010,100,100050,100,100009,100,100061,200,99992,100,100067,100,99976,200,100132,100,99964,100,100155,100,99954,100,100159,100,99953,100,100415,100,99933,100,100547,100,99919,100
2019-06-28 09:36:10.501923484,100044,352,100037,452,100049,100,100010,100,100050,100,100009,100,100061,200,99992,100,100067,100,99976,200,100132,100,99964,100,100155,100,99954,100,100159,100,99953,100,100415,100,99933,100,100547,100,99919,100
2019-06-28 09:36:14.874346638,100044,352,100037,552,100049,100,100010,100,100050,100,100009,100,100061,200,99992,100,100067,100,99976,200,100132,100,99964,100,100155,100,99954,100,100159,100,99953,100,100415,100,99933,100,100547,100,99919,100
2019-06-28 09:36:20.000000000,100044,226,100037,426,100049,226,100010,226,100050,100,100009,100,100061,200,99992,100,100067,100,99976,200,100132,100,99964,100,100155,100,99954,100,100159,100,99953,100,100415,100,99933,100,100547,100,99919,100
2019-06-28 09:36:29.686084409,100044,226,100037,426,100049,226,100010,226,100050,100,100009,100,100061,200,99992,100,100067,100,99976,200,100132,100,99964,100,100155,100,99954,100,100159,100,99953,100,100415,100,99933,100,100547,100,99919,100
2019-06-28 09:36:30.000000000,100044,352,100037,552,100049,100,100010,100,100050,100,100009,100,100061,200,99992,100,100067,100,99976,200,100132,100,99964,100,100155,100,99954,100,100159,100,99953,100,100415,100,99933,100,100547,100,99919,100
2019-06-28 09:36:35.270640086,100044,352,100037,552,100049,100,100010,100,100050,100,100009,100,100061,200,99992,100,100067,100,99976,200,100132,100,99964,100,100155,100,99954,100,100159,100,99953,100,100415,100,99933,100,100547,100,99919,100
2019-06-28 09:36:36.696155246,100044,252,100037,552,100049,100,100010,100,100050,100,100009,100,100061,200,99992,100,100067,100,99976,200,100132,100,99964,100,100155,100,99954,100,100159,100,99953,100,100415,100,99933,100,100547,100,99919,100
2019-06-28 09:36:40.000000000,100049,226,100037,426,100050,226,100010,226,100061,200,100009,100,100067,100,99992,100,100132,100,99976,200,100155,100,99964,100,100159,100,99954,100,100415,100,99953,100,100547,100,99933,100,100650,100,99919,100
2019-06-28 09:36:47.823789698,100049,126,100037,426,100050,226,100010,226,100061,200,100009,100,100067,100,99992,100,100132,100,99976,200,100155,100,99964,100,100159,100,99954,100,100415,100,99953,100,100547,100,99933,100,100650,100,99919,100
2019-06-28 09:36:50.000000000,100050,186,100037,386,100061,283,100010,183,100067,183,100009,183,100132,100,99992,100,100155,100,99976,200,100159,100,99964,100,100415,100,99954,100,100547,100,99953,100,100650,100,99933,100,100809,100,99919,100
2019-06-28 09:36:53.019387157,100050,86,100037,386,100061,283,100010,183,100067,183,100009,183,100132,100,99992,100,100155,100,99976,200,100159,100,99964,100,100415,100,99954,100,100547,100,99953,100,100650,100,99933,100,100809,100,99919,100
2019-06-28 09:36:59.778970730,100050,86,100049,100,100061,283,100037,386,100067,183,100010,183,100132,100,100009,183,100155,100,99992,100,100159,100,99976,200,100415,100,99964,100,100547,100,99954,100,100650,100,99953,100,100809,100,99933,100
2019-06-28 09:37:00.000000000,100061,250,100049,150,100067,150,100037,350,100132,150,100010,150,100155,150,100009,150,100159,150,99992,150,100415,100,99976,200,100547,100,99964,100,100650,100,99954,100,100809,100,99953,100,101056,100,99933,100
2019-06-28 09:37:10.000000000,100061,326,100049,226,100067,226,100037,426,100132,100,100010,100,100155,100,100009,100,100159,100,99992,100,100415,100,99976,200,100547,100,99964,100,100650,100,99954,100,100809,100,99953,100,101056,100,99933,100
2019-06-28 09:37:18.014491022,100061,326,100049,126,100067,226,100037,426,100132,100,100010,100,100155,100,100009,100,100159,100,99992,100,100415,100,99976,200,100547,100,99964,100,100650,100,99954,100,100809,100,99953,100,101056,100,99933,100
2019-06-28 09:37:20.000000000,100061,250,100037,350,100067,150,100010,150,100132,150,100009,150,100155,150,99992,150,100159,150,99976,250,100415,100,99964,100,100547,100,99954,100,100650,100,99953,100,100809,100,99933,100,101056,100,99919,100
2019-06-28 09:37:26.217800014,100061,250,100037,250,100067,150,100010,150,100132,150,100009,150,100155,150,99992,150,100159,150,99976,250,100415,100,99964,100,100547,100,99954,100,100650,100,99953,100,100809,100,99933,100,101056,100,99919,100
2019-06-28 09:37:30.000000000,100061,326,100037,326,100067,226,100010,226,100132,100,100009,100,100155,100,99992,100,100159,100,99976,200,100415,100,99964,100,100547,100,99954,100,100650,100,99953,100,100809,100,99933,100,101056,100,99919,100
2019-06-28 09:37:40.000000000,100061,250,100037,250,100067,150,100010,150,100132,150,100009,150,100155,150,99992,150,100159,150,99976,250,100415,100,99964,100,100547,100,99954,100,100650,100,99953,100,100809,100,99933,100,101056,100,99919,100
2019-06-28 09:37:50.000000000,100061,326,100037,326,100067,226,100010,226,100132,100,100009,100,100155,100,99992,100,100159,100,99976,200,100415,100,99964,100,100547,100,99954,100,100650,100,99953,100,100809,100,99933,100,101056,100,99919,100
2019-06-28 09:38:00.000000000,100061,286,100037,286,100067,183,100010,183,100132,183,100009,183,100155,100,99992,100,100159,100,99976,200,100415,100,99964,100,100547,100,99954,100,100650,100,99953,100,100809,100,99933,100,101056,100,99919,100
2019-06-28 09:38:01.220708242,100061,286,100037,286,100067,183,100010,183,100132,183,100009,183,100155,100,99992,100,100159,100,99976,200,100415,100,99964,100,100547,100,99954,100,100650,100,99953,100,100809,100,99933,100,101056,100,99919,100
2019-06-28 09:38:10.000000000,100061,452,100037,452,100067,100,100010,100,100132,100,100009,100,100155,100,99992,100,100159,100,99976,200,100415,100,99964,100,100547,100,99954,100,100650,100,99953,100,100809,100,99933,100,101056,100,99919,100
2019-06-28 09:38:20.000000000,100061,263,100037,263,100067,163,100010,163,100132,163,100009,163,100155,163,99992,163,100159,100,99976,200,100415,100,99964,100,100547,100,99954,100,100650,100,99953,100,100809,100,99933,100,101056,100,99919,100
2019-06-28 09:38:30.000000000,100061,263,100037,263,100067,163,100010,163,100132,163,100009,163,100155,163,99992,163,100159,100,99976,200,100415,100,99964,100,100547,100,99954,100,100650,100,99953,100,100809,100,99933,100,101056,100,99919,100
2019-06-28 09:38:31.107372823,100061,163,100037,263,100067,163,100010,163,100132,163,100009,163,100155,163,99992,163,100159,100,99976,200,100415,100,99964,100,100547,100,99954,100,100809,100,99953,100,101056,100,99933,100,101123,100,99919,100
2019-06-28 09:38:39.269038913,100061,163,100050,100,100067,163,100037,263,100132,163,100010,163,100155,163,100009,163,100159,100,99992,163,100415,100,99976,200,100547,100,99964,100,100809,100,99954,100,101056,100,99953,100,101123,100,99933,100
2019-06-28 09:38:40.000000000,100061,186,100050,186,100067,183,100037,283,100132,183,100010,183,100155,100,100009,100,100159,100,99992,100,100415,100,99976,200,100547,100,99964,100,100809,100,99954,100,101056,100,99953,100,101123,100,99933,100
2019-06-28 09:38:49.788862035,100061,86,100050,186,100067,183,100037,283,100132,183,100010,183,100155,100,100009,100,100159,100,99992,100,100415,100,99976,200,100547,100,99964,100,100809,100,99954,100,101056,100,99953,100,101123,100,99933,100
2019-06-28 09:38:50.000000000,100067,150,100050,150,100132,150,100037,250,100155,150,100010,150,100159,150,100009,150,100415,150,99992,150,100547,100,99976,200,100809,100,99964,100,101056,100,99954,100,101123,100,99953,100,101126,100,99933,100
2019-06-28 09:39:00.000000000,100067,150,100050,150,100132,150,100037,250,100155,150,100010,150,100159,150,100009,150,100415,150,99992,150,100547,100,99976,200,100809,100,99964,100,101056,100,99954,100,101123,100,99953,100,101126,100,99933,100
2019-06-28 09:39:10.000000000,100067,150,100050,150,100132,150,100037,250,100155,150,100010,150,100159,150,100009,150,100415,150,99992,150,100547,100,99976,200,100809,100,99964,100,101056,100,99954,100,101123,100,99953,100,101126,100,99933,100
2019-06-28 09:39:15.661574802,100067,150,100050,150,100132,150,100037,250,100155,150,100010,150,100159,150,100009,150,100415,150,99992,150,100547,100,99976,200,100724,100,99964,100,100809,100,99954,100,101056,100,99953,100,101123,100,99933,100
2019-06-28 09:39:20.000000000,100067,186,100050,186,100132,183,100037,283,100155,183,100010,183,100159,100,100009,100,100415,100,99992,100,100547,100,99976,200,100724,100,99964,100,100809,100,99954,100,101056,100,99953,100,101123,100,99933,100
2019-06-28 09:39:20.350316959,100067,186,100061,100,100132,183,100050,186,100155,183,100037,183,100159,100,100010,183,100415,100,100009,100,100547,100,99992,100,100724,100,99976,200,100809,100,99964,100,101056,100,99954,100,101123,100,99953,100
2019-06-28 09:39:30.000000000,100067,163,100061,163,100132,163,100050,163,100155,163,100037,163,100159,163,100010,163,100415,100,100009,100,100547,100,99992,100,100724,100,99976,200,100809,100,99964,100,101056,100,99954,100,101123,100,99953,100
2019-06-28 09:39:33.513336539,100067,163,100061,163,100132,163,100050,163,100155,163,100037,163,100159,163,100010,163,100415,100,100009,100,100488,100,99992,100,100547,100,99976,200,100724,100,99964,100,100809,100,99954,100,101056,100,99933,100
2019-06-28 09:39:35.961447931,100067,163,100061,163,100132,163,100050,163,100155,163,100037,163,100159,163,100010,163,100415,100,100009,100,100488,100,99992,100,100547,100,99976,200,100724,100,99964,100,100809,100,99954,100,101056,100,99933,100
2019-06-28 09:39:40.000000000,100067,163,100061,163,100132,163,100050,163,100155,163,100037,163,100159,163,100010,163,100415,100,100009,100,100488,100,99992,100,100547,100,99976,200,100724,100,99964,100,100809,100,99954,100,101056,100,99933,100
2019-06-28 09:39:50.000000000,100067,150,100061,150,100132,150,100050,150,100155,150,100037,150,100159,150,100010,150,100415,150,100009,150,100488,100,99992,100,100547,100,99976,200,100724,100,99964,100,100809,100,99954,100,101056,100,99933,100
2019-06-28 09:39:58.501333176,100067,150,100061,150,100132,150,100050,150,100155,150,100037,150,100159,150,100010,150,100415,150,100009,150,100488,100,99992,100,100547,100,99976,200,100724,100,99964,100,100789,100,99954,100,100809,100,99933,100
2019-06-28 09:39:59.471274716,100067,50,100061,150,100132,150,100050,150,100155,150,100037,150,100159,150,100010,150,100415,150,100009,150,100488,100,99992,100,100547,100,99976,200,100724,100,99964,100,100789,100,99954,100,100809,100,99933,100
2019-06-28 09:40:00.000000000,100132,352,100061,352,100155,100,100050,100,100159,100,100037,100,100415,100,100010,100,100488,100,100009,100,100547,100,99992,100,100724,100,99976,200,100789,100,99964,100,100809,100,99954,100,101056,100,99933,100
2019-06-28 09:40:10.000000000,100132,352,100061,352,100155,100,100050,100,100159,100,100037,100,100415,100,100010,100,100488,100,100009,100,100547,100,99992,100,100724,100,99976,200,100789,100,99964,100,100809,100,99954,100,101056,100,99933,100
2019-06-28 09:40:20.000000000,100132,150,100061,150,100155,150,100050,150,100159,150,100037,150,100415,150,100010,150,100488,150,100009,150,100547,100,99992,100,100724,100,99976,200,100789,100,99964,100,100809,100,99954,100,101056,100,99933,100
2019-06-28 09:40:30.000000000,100132,186,100061,186,100155,183,100050,183,100159,183,100037,183,100415,100,100010,100,100488,100,100009,100,100547,100,99992,100,100724,100,99976,200,100789,100,99964,100,100809,100,99954,100,101056,100,99933,100
2019-06-28 09:40:39.683335222,100132,186,100061,186,100155,183,100050,183,100159,183,100037,183,100415,100,100010,100,100488,100,100009,100,100547,100,99992,100,100724,100,99976,200,100789,100,99964,100,100809,100,99954,100,101038,100,99933,100
2019-06-28 09:40:40.000000000,100132,150,100061,150,100155,150,100050,150,100159,150,100037,150,100415,150,100010,150,100488,150,100009,150,100547,100,99992,100,100724,100,99976,200,100789,100,99964,100,100809,100,99954,100,101038,100,99933,100
2019-06-28 09:40:50.000000000,100132,352,100061,352,100155,100,100050,100,100159,100,100037,100,100415,100,100010,100,100488,100,100009,100,100547,100,99992,100,100724,100,99976,200,100789,100,99964,100,100809,100,99954,100,101038,100,99933,100
2019-06-28 09:41:00.000000000,100132,186,100061,186,100155,183,100050,183,100159,183,100037,183,100415,100,100010,100,100488,100,100009,100,100547,100,99992,100,100724,100,99976,200,100789,100,99964,100,100809,100,99954,100,101038,100,99933,100
2019-06-28 09:41:01.621842681,100132,186,100061,186,100155,183,100050,183,100159,183,100037,183,100415,100,100010,100,100488,100,100009,100,100547,100,99992,100,100720,100,99976,200,100724,100,99964,100,100789,100,99954,100,100809,100,99933,100
2019-06-28 09:41:10.000000000,100132,352,100061,352,100155,100,100050,100,100159,100,100037,100,100415,100,100010,100,100488,100,100009,100,100547,100,99992,100,100720,100,99976,200,100724,100,99964,100,100789,100,99954,100,100809,100,99933,100
2019-06-28 09:41:20.000000000,100132,163,100061,163,100155,163,100050,163,100159,163,100037,163,100415,163,100010,163,100488,100,100009,100,100547,100,99992,100,100720,100,99976,200,100724,100,99964,100,100789,100,99954,100,100809,100,99933,100
2019-06-28 09:41:23.149110976,100132,63,100061,163,100155,163,100050,163,100159,163,100037,163,100415,163,100010,163,100488,100,100009,100,100547,100,99992,100,100720,100,99976,200,100724,100,99964,100,100789,100,99954,100,100809,100,99933,100
2019-06-28 09:41:28.328749325,100132,63,100061,163,100155,163,100050,163,100159,163,100037,163,100415,163,100010,163,100488,100,100009,100,100547,100,99992,100,100720,100,99976,200,100724,100,99964,100,100789,100,99954,100,100809,100,99933,100
2019-06-28 09:41:30.000000000,100155,186,100061,186,100159,183,100050,183,100415,183,100037,183,100488,100,100010,100,100547,100,100009,100,100720,100,99992,100,100724,100,99976,200,100789,100,99964,100,100809,100,99954,100,101021,100,99933,100
2019-06-28 09:41:32.566217545,100155,86,100061,186,100159,183,100050,183,100415,183,100037,183,100488,100,100010,100,100547,100,100009,100,100720,100,99992,100,100724,100,99976,200,100789,100,99964,100,100809,100,99954,100,101021,100,99933,100
2019-06-28 09:41:40.000000000,100159,352,100061,352,100415,100,100050,100,100488,100,100037,100,100547,100,100010,100,100720,100,100009,100,100724,100,99992,100,100789,100,99976,200,100809,100,99964,100,101021,100,99954,100,101038,100,99933,100
2019-06-28 09:41:50.000000000,100159,186,100061,186,100415,183,100050,183,100488,183,100037,183,100547,100,100010,100,100720,100,100009,100,100724,100,99992,100,100789,100,99976,200,100809,100,99964,100,101021,100,99954,100,101038,100,99933,100
2019-06-28 09:42:00.000000000,100159,226,100061,226,100415,226,100050,226,100488,100,100037,100,100547,100,100010,100,100720,100,100009,100,100724,100,99992,100,100789,100,99976,200,100809,100,99964,100,101021,100,99954,100,101038,100,99933,100
2019-06-28 09:42:05.242821874,100159,226,100132,100,100415,226,100061,226,100488,100,100050,226,100547,100,100037,100,100720,100,100010,100,100724,100,100009,100,100789,100,99992,100,100809,100,99976,200,101021,100,99964,100,101038,100,99954,100
2019-06-28 09:42:10.000000000,100159,163,100132,163,100415,163,100061,163,100488,163,100050,163,100547,163,100037,163,100720,100,100010,100,100724,100,100009,100,100789,100,99992,100,100809,100,99976,200,101021,100,99964,100,101038,100,99954,100
2019-06-28 09:42:20.000000000,100159,150,100132,150,100415,150,100061,150,100488,150,100050,150,100547,150,100037,150,100720,150,100010,150,100724,100,100009,100,100789,100,99992,100,100809,100,99976,200,101021,100,99964,100,101038,100,99954,100
2019-06-28 09:42:30.000000000,100159,226,100132,226,100415,226,100061,226,100488,100,100050,100,100547,100,100037,100,100720,100,100010,100,100724,100,100009,100,100789,100,99992,100,100809,100,99976,200,101021,100,99964,100,101038,100,99954,100
2019-06-28 09:42:31.255443429,100159,226,100132,226,100415,226,100061,226,100488,100,100050,100,100547,100,100037,100,100720,100,100010,100,100724,100,100009,100,100789,100,99992,100,101021,100,99976,200,101038,100,99964,100,101056,100,99954,100
2019-06-28 09:42:40.000000000,100159,226,100132,226,100415,226,100061,226,100488,100,100050,100,100547,100,100037,100,100720,100,100010,100,100724,100,100009,100,100789,100,99992,100,101021,100,99976,200,101038,100,99964,100,101056,100,99954,100
2019-06-28 09:42:43.136202190,100159,226,100132,226,100415,226,100061,226,100488,100,100050,100,100547,100,100037,100,100720,100,100010,100,100724,100,100009,100,100789,100,99992,100,101021,100,99976,200,101038,100,99964,100,101056,100,99954,100
2019-06-28 09:42:47.563142725,100159,126,100132,226,100415,226,100061,226,100488,100,100050,100,100547,100,100037,100,100720,100,100010,100,100724,100,100009,100,100789,100,99992,100,101021,100,99976,200,101038,100,99964,100,101056,100,99954,100
2019-06-28 09:42:49.404006630,100159,126,100132,226,100415,226,100061,226,100488,100,100050,100,100547,100,100037,100,100720,100,100010,100,100724,100,100009,100,100789,100,99992,100,101021,100,99976,200,101038,100,99964,100,101056,100,99954,100
2019-06-28 09:42:50.000000000,100415,226,100132,226,100488,226,100061,226,100547,100,100050,100,100720,100,100037,100,100724,100,100010,100,100789,100,100009,100,101021,100,99992,100,101038,100,99976,200,101056,100,99964,100,101123,100,99954,100
2019-06-28 09:43:00.000000000,100415,163,100132,163,100488,163,100061,163,100547,163,100050,163,100720,163,100037,163,100724,100,100010,100,100789,100,100009,100,101021,100,99992,100,101038,100,99976,200,101056,100,99964,100,101123,100,99954,100
2019-06-28 09:43:10.000000000,100415,150,100132,150,100488,150,100061,150,100547,150,100050,150,100720,150,100037,150,100724,150,100010,150,100789,100,100009,100,101021,100,99992,100,101038,100,99976,200,101056,100,99964,100,101123,100,99954,100
2019-06-28 09:43:18.267905157,100415,150,100132,150,100488,150,100061,150,100547,150,100050,150,100720,150,100037,150,100724,150,100010,150,100789,100,99992,100,101021,100,99976,200,101038,100,99964,100,101056,100,99954,100,101123,100,99933,100
2019-06-28 09:43:20.000000000,100415,150,100132,150,100488,150,100061,150,100547,150,100050,150,100720,150,100037,150,100724,150,100010,150,100789,100,99992,100,101021,100,99976,200,101038,100,99964,100,101056,100,99954,100,101123,100,99933,100
2019-06-28 09:43:26.348751183,100415,150,100132,150,100488,150,100061,150,100547,150,100050,150,100720,150,100037,150,100724,150,100010,150,100789,100,99992,100,100956,100,99976,200,101021,100,99964,100,101038,100,99954,100,101056,100,99933,100
2019-06-28 09:43:30.000000000,100415,163,100132,163,100488,163,100061,163,100547,163,100050,163,100720,163,100037,163,100724,100,100010,100,100789,100,99992,100,100956,100,99976,200,101021,100,99964,100,101038,100,99954,100,101056,100,99933,100
2019-06-28 09:43:40.000000000,100415,352,100132,352,100488,100,100061,100,100547,100,100050,100,100720,100,100037,100,100724,100,100010,100,100789,100,99992,100,100956,100,99976,200,101021,100,99964,100,101038,100,99954,100,101056,100,99933,100
2019-06-28 09:43:50.000000000,100415,352,100132,352,100488,100,100061,100,100547,100,100050,100,100720,100,100037,100,100724,100,100010,100,100789,100,99992,100,100956,100,99976,200,101021,100,99964,100,101038,100,99954,100,101056,100,99933,100
2019-06-28 09:44:00.000000000,100415,226,100132,226,100488,226,100061,226,100547,100,100050,100,100720,100,100037,100,100724,100,100010,100,100789,100,99992,100,100956,100,99976,200,101021,100,99964,100,101038,100,99954,100,101056,100,99933,100
2019-06-28 09:44:00.138818430,100415,226,100155,100,100488,226,100132,226,100547,100,100061,226,100720,100,100050,100,100724,100,100037,100,100789,100,100010,100,100956,100,99992,100,101021,100,99976,200,101038,100,99964,100,101056,100,99954,100
2019-06-28 09:44:10.000000000,100415,226,100155,226,100488,226,100132,226,100547,100,100061,100,100720,100,100050,100,100724,100,100037,100,100789,100,100010,100,100956,100,99992,100,101021,100,99976,200,101038,100,99964,100,101056,100,99954,100
2019-06-28 09:44:10.904121497,100415,226,100155,326,100488,226,100132,226,100547,100,100050,100,100720,100,100037,100,100724,100,100010,100,100789,100,99992,100,100956,100,99976,200,101021,100,99964,100,101038,100,99954,100,101056,100,99933,100
2019-06-28 09:44:20.000000000,100415,163,100155,263,100488,163,100132,163,100547,163,100050,163,100720,163,100037,163,100724,100,100010,100,100789,100,99992,100,100956,100,99976,200,101021,100,99964,100,101038,100,99954,100,101056,100,99933,100
2019-06-28 09:44:20.167448363,100415,163,100155,263,100488,163,100132,163,100547,163,100050,163,100720,163,100037,163,100724,100,100010,100,100789,100,99992,100,100956,100,99976,200,101038,100,99964,100,101056,100,99954,100,101123,100,99933,100
2019-06-28 09:44:29.649061273,100415,63,100155,263,100488,163,100132,163,100547,163,100050,163,100720,163,100037,163,100724,100,100010,100,100789,100,99992,100,100956,100,99976,200,101038,100,99964,100,101056,100,99954,100,101123,100,99933,100
2019-06-28 09:44:30.000000000,100488,226,100155,326,100547,226,100132,226,100720,100,100050,100,100724,100,100037,100,100789,100,100010,100,100956,100,99992,100,101038,100,99976,200,101056,100,99964,100,101123,100,99954,100,101126,100,99933,100
2019-06-28 09:44:32.463938330,100488,226,100155,326,100547,226,100132,226,100720,100,100050,100,100724,100,100010,100,100789,100,99992,100,100956,100,99976,200,101038,100,99964,100,101056,100,99954,100,101123,100,99933,100,101126,100,99919,100
2019-06-28 09:44:40.000000000,100488,352,100155,452,100547,100,100132,100,100720,100,100050,100,100724,100,100010,100,100789,100,99992,100,100956,100,99976,200,101038,100,99964,100,101056,100,99954,100,101123,100,99933,100,101126,100,99919,100
2019-06-28 09:44:50.000000000,100488,352,100155,452,100547,100,100132,100,100720,100,100050,100,100724,100,100010,100,100789,100,99992,100,100956,100,99976,200,101038,100,99964,100,101056,100,99954,100,101123,100,99933,100,101126,100,99919,100
2019-06-28 09:45:00.000000000,100488,163,100155,263,100547,163,100132,163,100720,163,100050,163,100724,163,100010,163,100789,100,99992,100,100956,100,99976,200,101038,100,99964,100,101056,100,99954,100,101123,100,99933,100,101126,100,99919,100
2019-06-28 09:45:06.073285723,100488,63,100155,263,100547,163,100132,163,100720,163,100050,163,100724,163,100010,163,100789,100,99992,100,100956,100,99976,200,101038,100,99964,100,101056,100,99954,100,101123,100,99933,100,101126,100,99919,100
2019-06-28 09:45:10.000000000,100547,352,100155,452,100720,100,100132,100,100724,100,100050,100,100789,100,100010,100,100956,100,99992,100,101038,100,99976,200,101056,100,99964,100,101123,100,99954,100,101126,100,99933,100,101166,100,99919,100
2019-06-28 09:45:10.043939895,100547,352,100155,452,100720,100,100132,100,100724,100,100050,100,100789,100,100010,100,100956,100,99992,100,101038,100,99976,200,101056,100,99964,100,101123,100,99954,100,101126,100,99933,100,101166,100,99919,100
2019-06-28 09:45:13.891229326,100547,352,100155,452,100720,100,100132,100,100724,100,100050,100,100789,100,100010,100,100956,100,99992,100,101038,100,99976,200,101056,100,99964,100,101123,100,99954,100,101126,100,99933,100,101166,100,99919,100
2019-06-28 09:45:14.553537989,100547,252,100155,452,100720,100,100132,100,100789,100,100050,100,100956,100,100010,100,101038,100,99992,100,101056,100,99976,200,101123,100,99964,100,101126,100,99954,100,101166,100,99933,100,101168,100,99919,100
2019-06-28 09:45:20.000000000,100720,163,100155,263,100789,163,100132,163,100956,163,100050,163,101038,163,100010,163,101056,100,99992,100,101123,100,99976,200,101126,100,99964,100,101166,100,99954,100,101168,100,99933,100,101258,100,99919,100
2019-06-28 09:45:30.000000000,100720,186,100155,286,100789,183,100132,183,100956,183,100050,183,101038,100,100010,100,101056,100,99992,100,101123,100,99976,200,101126,100,99964,100,101166,100,99954,100,101168,100,99933,100,101258,100,99919,100
2019-06-28 09:45:31.859036585,100720,186,100488,100,100789,183,100155,286,100956,183,100132,183,101038,100,100050,183,101056,100,100010,100,101123,100,99992,100,101126,100,99976,200,101166,100,99964,100,101168,100,99954,100,101258,100,99933,100
2019-06-28 09:45:40.000000000,100720,352,100488,352,100789,100,100155,200,100956,100,100132,100,101038,100,100050,100,101056,100,100010,100,101123,100,99992,100,101126,100,99976,200,101166,100,99964,100,101168,100,99954,100,101258,100,99933,100
2019-06-28 09:45:50.000000000,100720,226,100488,226,100789,226,100155,326,100956,100,100132,100,101038,100,100050,100,101056,100,100010,100,101123,100,99992,100,101126,100,99976,200,101166,100,99964,100,101168,100,99954,100,101258,100,99933,100
2019-06-28 09:45:53.625033405,100720,226,100488,226,100789,226,100155,326,100956,100,100132,100,101038,100,100050,100,101056,100,100010,100,101123,100,99992,100,101126,100,99976,200,101166,100,99964,100,101168,100,99933,100,101258,100,99919,100
2019-06-28 09:46:00.000000000,100720,150,100488,150,100789,150,100155,250,100956,150,100132,150,101038,150,100050,150,101056,150,100010,150,101123,100,99992,100,101126,100,99976,200,101166,100,99964,100,101168,100,99933,100,101258,100,99919,100
2019-06-28 09:46:10.000000000,100720,186,100488,186,100789,183,100155,283,100956,183,100132,183,101038,100,100050,100,101056,100,100010,100,101123,100,99992,100,101126,100,99976,200,101166,100,99964,100,101168,100,99933,100,101258,100,99919,100
2019-06-28 09:46:12.753073112,100720,186,100488,186,100789,183,100155,283,100956,183,100132,183,101038,100,100050,100,101056,100,100010,100,101123,100,99992,100,101126,100,99976,200,101166,100,99964,100,101168,100,99933,100,101258,100,99919,100
2019-06-28 09:46:20.000000000,100720,150,100488,150,100789,150,100155,250,100956,150,100132,150,101038,150,100050,150,101056,150,100010,150,101123,100,99992,100,101126,100,99976,200,101166,100,99964,100,101168,100,99933,100,101258,100,99919,100
2019-06-28 09:46:25.928931955,100720,150,100488,150,100789,150,100155,250,100956,150,100132,150,101038,150,100050,150,101056,150,100010,150,101123,100,99992,100,101126,100,99976,200,101166,100,99964,100,101168,100,99933,100,101258,100,99919,100
2019-06-28 09:46:30.000000000,100720,150,100488,150,100789,150,100155,250,100956,150,100132,150,101038,150,100050,150,101056,150,100010,150,101123,100,99992,100,101126,100,99976,200,101166,100,99964,100,101168,100,99933,100,101258,100,99919,100
2019-06-28 09:46:40.000000000,100720,163,100488,163,100789,163,100155,263,100956,163,100132,163,101038,163,100050,163,101056,100,100010,100,101123,100,99992,100,101126,100,99976,200,101166,100,99964,100,101168,100,99933,100,101258,100,99919,100
2019-06-28 09:46:40.684856897,100720,163,100488,163,100789,163,100155,263,100956,163,100132,163,101038,163,100050,163,101056,100,100010,100,101123,100,99992,100,101126,100,99976,200,101166,100,99964,100,101168,100,99933,100,101258,100,99919,100
2019-06-28 09:46:50.000000000,100720,186,100488,186,100789,183,100155,283,100956,183,100132,183,101038,100,100050,100,101056,100,100010,100,101123,100,99992,100,101126,100,99976,200,101166,100,99964,100,101168,100,99933,100,101258,100,99919,100
2019-06-28 09:47:00.000000000,100720,352,100488,352,100789,100,100155,200,100956,100,100132,100,101038,100,100050,100,101056,100,100010,100,101123,100,99992,100,101126,100,99976,200,101166,100,99964,100,101168,100,99933,100,101258,100,99919,100
2019-06-28 09:47:00.898297309,100720,352,100488,352,100789,100,100155,200,100956,100,100132,100,101038,100,100050,100,101056,100,100010,100,101123,100,99992,100,101126,100,99976,200,101166,100,99964,100,101168,100,99933,100,101258,100,99919,100
2019-06-28 09:47:10.000000000,100720,352,100488,352,100789,100,100155,200,100956,100,100132,100,101038,100,100050,100,101056,100,100010,100,101123,100,99992,100,101126,100,99976,200,101166,100,99964,100,101168,100,99933,100,101258,100,99919,100
2019-06-28 09:47:20.000000000,100720,352,100488,352,100789,100,100155,200,100956,100,100132,100,101038,100,100050,100,101056,100,100010,100,101123,100,99992,100,101126,100,99976,200,101166,100,99964,100,101168,100,99933,100,101258,100,99919,100
2019-06-28 09:47:30.000000000,100720,163,100488,163,100789,163,100155,263,100956,163,100132,163,101038,163,100050,163,101056,100,100010,100,101123,100,99992,100,101126,100,99976,200,101166,100,99964,100,101168,100,99933,100,101258,100,99919,100
2019-06-28 09:47:37.735168531,100720,163,100488,163,100789,163,100155,263,100956,163,100132,163,101038,163,100050,163,101056,100,100010,100,101123,100,99992,100,101166,100,99976,200,101168,100,99964,100,101258,100,99933,100,101320,100,99919,100
2019-06-28 09:47:40.000000000,100720,150,100488,150,100789,150,100155,250,100956,150,100132,150,101038,150,100050,150,101056,150,100010,150,101123,100,99992,100,101166,100,99976,200,101168,100,99964,100,101258,100,99933,100,101320,100,99919,100
2019-06-28 09:47:48.724836828,100720,150,100488,150,100789,150,100155,250,100956,150,100132,150,101038,150,100050,150,101056,150,100010,150,101123,100,99992,100,101166,100,99976,200,101168,100,99964,100,101258,100,99933,100,101320,100,99919,100
2019-06-28 09:47:50.000000000,100720,186,100488,186,100789,183,100155,283,100956,183,100132,183,101038,100,100050,100,101056,100,100010,100,101123,100,99992,100,101166,100,99976,200,101168,100,99964,100,101258,100,99933,100,101320,100,99919,100
2019-06-28 09:48:00.000000000,100720,163,100488,163,100789,163,100155,263,100956,163,100132,163,101038,163,100050,163,101056,100,100010,100,101123,100,99992,100,101166,100,99976,200,101168,100,99964,100,101258,100,99933,100,101320,100,99919,100
2019-06-28 09:48:10.000000000,100720,352,100488,352,100789,100,100155,200,100956,100,100132,100,101038,100,100050,100,101056,100,100010,100,101123,100,99992,100,101166,100,99976,200,101168,100,99964,100,101258,100,99933,100,101320,100,99919,100
2019-06-28 09:48:15.647939180,100720,352,100488,452,100789,100,100155,200,100956,100,100132,100,101038,100,100050,100,101056,100,100010,100,101123,100,99992,100,101166,100,99976,200,101168,100,99964,100,101258,100,99933,100,101320,100,99919,100
2019-06-28 09:48:20.000000000,100720,186,100488,286,100789,183,100155,283,100956,183,100132,183,101038,100,100050,100,101056,100,100010,100,101123,100,99992,100,101166,100,99976,200,101168,100,99964,100,101258,100,99933,100,101320,100,99919,100
2019-06-28 09:48:22.669849602,100720,86,100488,286,100789,183,100155,283,100956,183,100132,183,101038,100,100050,100,101056,100,100010,100,101123,100,99992,100,101166,100,99976,200,101168,100,99964,100,101258,100,99933,100,101320,100,99919,100
2019-06-28 09:48:30.000000000,100789,150,100488,250,100956,150,100155,250,101038,150,100132,150,101056,150,100050,150,101123,150,100010,150,101166,100,99992,100,101168,100,99976,200,101258,100,99964,100,101320,100,99933,100,101333,100,99919,100
2019-06-28 09:48:40.000000000,100789,186,100488,286,100956,183,100155,283,101038,183,100132,183,101056,100,100050,100,101123,100,100010,100,101166,100,99992,100,101168,100,99976,200,101258,100,99964,100,101320,100,99933,100,101333,100,99919,100
2019-06-28 09:48:50.000000000,100789,226,100488,326,100956,226,100155,326,101038,100,100132,100,101056,100,100050,100,101123,100,100010,100,101166,100,99992,100,101168,100,99976,200,101258,100,99964,100,101320,100,99933,100,101333,100,99919,100
2019-06-28 09:49:00.000000000,100789,226,100488,326,100956,226,100155,326,101038,100,100132,100,101056,100,100050,100,101123,100,100010,100,101166,100,99992,100,101168,100,99976,200,101258,100,99964,100,101320,100,99933,100,101333,100,99919,100
2019-06-28 09:49:10.000000000,100789,163,100488,263,100956,163,100155,263,101038,163,100132,163,101056,163,100050,163,101123,100,100010,100,101166,100,99992,100,101168,100,99976,200,101258,100,99964,100,101320,100,99933,100,101333,100,99919,100
2019-06-28 09:49:20.000000000,100789,150,100488,250,100956,150,100155,250,101038,150,100132,150,101056,150,100050,150,101123,150,100010,150,101166,100,99992,100,101168,100,99976,200,101258,100,99964,100,101320,100,99933,100,101333,100,99919,100
2019-06-28 09:49:26.011749687,100789,50,100488,250,100956,150,100155,250,101038,150,100132,150,101056,150,100050,150,101123,150,100010,150,101166,100,99992,100,101168,100,99976,200,101258,100,99964,100,101320,100,99933,100,101333,100,99919,100
2019-06-28 09:49:26.458882304,100956,150,100789,50,101038,150,100488,250,101056,150,100155,250,101123,150,100132,150,101166,100,100050,150,101168,100,100010,150,101258,100,99992,100,101333,100,99976,200,101365,100,99964,100,101405,100,99933,100
2019-06-28 09:49:27.974287176,100956,50,100789,50,101038,150,100488,250,101056,150,100155,250,101123,150,100132,150,101166,100,100050,150,101168,100,100010,150,101258,100,99992,100,101333,100,99976,200,101365,100,99964,100,101405,100,99933,100
2019-06-28 09:49:30.000000000,101038,186,100789,136,101056,183,100488,283,101123,183,100155,283,101166,100,100132,100,101168,100,100050,100,101258,100,100010,100,101333,100,99992,100,101365,100,99976,200,101405,100,99964,100,101589,100,99933,100
2019-06-28 09:49:40.000000000,101038,150,100789,100,101056,150,100488,250,101123,150,100155,250,101166,150,100132,150,101168,150,100050,150,101258,100,100010,100,101333,100,99992,100,101365,100,99976,200,101405,100,99964,100,101589,100,99933,100
2019-06-28 09:49:50.000000000,101038,186,100789,136,101056,183,100488,283,101123,183,100155,283,101166,100,100132,100,101168,100,100050,100,101258,100,100010,100,101333,100,99992,100,101365,100,99976,200,101405,100,99964,100,101589,100,99933,100
2019-06-28 09:49:54.575191351,101038,86,100789,136,101056,183,100488,283,101123,183,100155,283,101166,100,100132,100,101168,100,100050,100,101258,100,100010,100,101333,100,99992,100,101365,100,99976,200,101405,100,99964,100,101589,100,99933,100
2019-06-28 09:50:00.000000000,101056,150,100789,100,101123,150,100488,250,101166,150,100155,250,101168,150,100132,150,101258,150,100050,150,101333,100,100010,100,101365,100,99992,100,101405,100,99976,200,101589,100,99964,100,101635,100,99933,100
2019-06-28 09:50:10.000000000,101056,352,100789,302,101123,100,100488,200,101166,100,100155,200,101168,100,100132,100,101258,100,100050,100,101333,100,100010,100,101365,100,99992,100,101405,100,99976,200,101589,100,99964,100,101635,100,99933,100
2019-06-28 09:50:20.000000000,101056,186,100789,136,101123,183,100488,283,101166,183,100155,283,101168,100,100132,100,101258,100,100050,100,101333,100,100010,100,101365,100,99992,100,101405,100,99976,200,101589,100,99964,100,101635,100,99933,100
2019-06-28 09:50:30.000000000,101056,226,100789,176,101123,226,100488,326,101166,100,100155,200,101168,100,100132,100,101258,100,100050,100,101333,100,100010,100,101365,100,99992,100,101405,100,99976,200,101589,100,99964,100,101635,100,99933,100
2019-06-28 09:50:40.000000000,101056,186,100789,136,101123,183,100488,283,101166,183,100155,283,101168,100,100132,100,101258,100,100050,100,101333,100,100010,100,101365,100,99992,100,101405,100,99976,200,101589,100,99964,100,101635,100,99933,100
2019-06-28 09:50:50.000000000,101056,352,100789,302,101123,100,100488,200,101166,100,100155,200,101168,100,100132,100,101258,100,100050,100,101333,100,100010,100,101365,100,99992,100,101405,100,99976,200,101589,100,99964,100,101635,100,99933,100
2019-06-28 09:50:53.120845243,101056,352,100789,302,101123,100,100488,200,101166,100,100155,200,101168,100,100132,100,101258,100,100050,100,101333,100,100010,100,101365,100,100009,100,101405,100,99992,100,101589,100,99976,200,101635,100,99964,100
2019-06-28 09:50:54.010789532,101037,100,100789,302,101056,352,100488,200,101123,100,100155,200,101166,100,100132,100,101168,100,100050,100,101258,100,100010,100,101333,100,100009,100,101365,100,99992,100,101405,100,99976,200,101589,100,99964,100
2019-06-28 09:51:00.000000000,101037,163,100789,113,101056,163,100488,263,101123,163,100155,263,101166,163,100132,163,101168,100,100050,100,101258,100,100010,100,101333,100,100009,100,101365,100,99992,100,101405,100,99976,200,101589,100,99964,100
2019-06-28 09:51:10.000000000,101037,163,100789,113,101056,163,100488,263,101123,163,100155,263,101166,163,100132,163,101168,100,100050,100,101258,100,100010,100,101333,100,100009,100,101365,100,99992,100,101405,100,99976,200,101589,100,99964,100
2019-06-28 09:51:20.000000000,101037,186,100789,136,101056,183,100488,283,101123,183,100155,283,101166,100,100132,100,101168,100,100050,100,101258,100,100010,100,101333,100,100009,100,101365,100,99992,100,101405,100,99976,200,101589,100,99964,100
2019-06-28 09:51:25.999540718,101037,186,100789,136,101056,183,100488,283,101123,183,100466,100,101166,100,100155,283,101168,100,100132,100,101258,100,100050,100,101333,100,100010,100,101365,100,100009,100,101405,100,99992,100,101589,100,99976,200
2019-06-28 09:51:30.000000000,101037,163,100789,113,101056,163,100488,263,101123,163,100466,163,101166,163,100155,263,101168,100,100132,100,101258,100,100050,100,101333,100,100010,100,101365,100,100009,100,101405,100,99992,100,101589,100,99976,200
2019-06-28 09:51:31.036046412,101037,163,100789,13,101056,163,100488,263,101123,163,100466,163,101166,163,100155,263,101168,100,100132,100,101258,100,100050,100,101333,100,100010,100,101365,100,100009,100,101405,100,99992,100,101589,100,99976,200
2019-06-28 09:51:40.000000000,101037,186,100488,286,101056,183,100466,183,101123,183,100155,283,101166,100,100132,100,101168,100,100050,100,101258,100,100010,100,101333,100,100009,100,101365,100,99992,100,101405,100,99976,200,101589,100,99964,100
2019-06-28 09:51:50.000000000,101037,163,100488,263,101056,163,100466,163,101123,163,100155,263,101166,163,100132,163,101168,100,100050,100,101258,100,100010,100,101333,100,100009,100,101365,100,99992,100,101405,100,99976,200,101589,100,99964,100
2019-06-28 09:51:50.776039574,101037,163,100488,163,101056,163,100466,163,101123,163,100155,263,101166,163,100132,163,101168,100,100050,100,101258,100,100010,100,101333,100,100009,100,101365,100,99992,100,101405,100,99976,200,101589,100,99964,100
2019-06-28 09:52:00.000000000,101037,352,100488,352,101056,100,100466,100,101123,100,100155,200,101166,100,100132,100,101168,100,100050,100,101258,100,100010,100,101333,100,100009,100,101365,100,99992,100,101405,100,99976,200,101589,100,99964,100
2019-06-28 09:52:00.653036350,101037,352,100488,352,101056,100,100466,100,101123,100,100155,200,101166,100,100132,100,101168,100,100050,100,101258,100,100009,100,101333,100,99992,100,101365,100,99976,200,101405,100,99964,100,101589,100,99933,100
2019-06-28 09:52:03.237634664,100515,100,100488,352,101037,352,100466,100,101056,100,100155,200,101123,100,100132,100,101166,100,100050,100,101168,100,100009,100,101258,100,99992,100,101333,100,99976,200,101365,100,99933,100,101405,100,99919,100
2019-06-28 09:52:10.000000000,100515,352,100488,352,101037,100,100466,100,101056,100,100155,200,101123,100,100132,100,101166,100,100050,100,101168,100,100009,100,101258,100,99992,100,101333,100,99976,200,101365,100,99933,100,101405,100,99919,100
2019-06-28 09:52:20.000000000,100515,226,100488,226,101037,226,100466,226,101056,100,100155,200,101123,100,100132,100,101166,100,100050,100,101168,100,100009,100,101258,100,99992,100,101333,100,99976,200,101365,100,99933,100,101405,100,99919,100
2019-06-28 09:52:30.000000000,100515,352,100488,352,101037,100,100466,100,101056,100,100155,200,101123,100,100132,100,101166,100,100050,100,101168,100,100009,100,101258,100,99992,100,101333,100,99976,200,101365,100,99933,100,101405,100,99919,100
2019-06-28 09:52:33.699974954,100515,352,100488,352,100789,100,100466,100,101037,100,100155,100,101056,100,100132,100,101123,100,100050,100,101166,100,100009,100,101168,100,99992,100,101258,100,99976,200,101333,100,99933,100,101365,100,99919,100
2019-06-28 09:52:40.000000000,100515,352,100488,352,100789,100,100466,100,101037,100,100155,100,101056,100,100132,100,101123,100,100050,100,101166,100,100009,100,101168,100,99992,100,101258,100,99976,200,101333,100,99933,100,101365,100,99919,100
2019-06-28 09:52:48.774171574,100515,352,100489,100,100789,100,100488,352,101037,100,100466,100,101056,100,100155,100,101123,100,100132,100,101166,100,100050,100,101168,100,100009,100,101258,100,99992,100,101333,100,99976,200,101365,100,99933,100
2019-06-28 09:52:50.000000000,100515,352,100489,352,100789,100,100488,100,101037,100,100466,100,101056,100,100155,100,101123,100,100132,100,101166,100,100050,100,101168,100,100009,100,101258,100,99992,100,101333,100,99976,200,101365,100,99933,100
2019-06-28 09:53:00.000000000,100515,163,100489,163,100789,163,100488,163,101037,163,100466,163,101056,163,100155,163,101123,100,100132,100,101166,100,100050,100,101168,100,100009,100,101258,100,99992,100,101333,100,99976,200,101365,100,99933,100
2019-06-28 09:53:04.026962472,100515,163,100489,163,100789,163,100488,163,101037,163,100466,163,101056,163,100419,100,101123,100,100155,163,101166,100,100132,100,101168,100,100050,100,101258,100,100009,100,101333,100,99992,100,101365,100,99976,200
2019-06-28 09:53:10.000000000,100515,352,100489,352,100789,100,100488,100,101037,100,100466,100,101056,100,100419,100,101123,100,100155,100,101166,100,100132,100,101168,100,100050,100,101258,100,100009,100,101333,100,99992,100,101365,100,99976,200
2019-06-28 09:53:20.000000000,100515,352,100489,352,100789,100,100488,100,101037,100,100466,100,101056,100,100419,100,101123,100,100155,100,101166,100,100132,100,101168,100,100050,100,101258,100,100009,100,101333,100,99992,100,101365,100,99976,200
2019-06-28 09:53:30.000000000,100515,352,100489,352,100789,100,100488,100,101037,100,100466,100,101056,100,100419,100,101123,100,100155,100,101166,100,100132,100,101168,100,100050,100,101258,100,100009,100,101333,100,99992,100,101365,100,99976,200
2019-06-28 09:53:40.000000000,100515,150,100489,150,100789,150,100488,150,101037,150,100466,150,101056,150,100419,150,101123,150,100155,150,101166,100,100132,100,101168,100,100050,100,101258,100,100009,100,101333,100,99992,100,101365,100,99976,200
2019-06-28 09:53:50.000000000,100515,150,100489,150,100789,150,100488,150,101037,150,100466,150,101056,150,100419,150,101123,150,100155,150,101166,100,100132,100,101168,100,100050,100,101258,100,100009,100,101333,100,99992,100,101365,100,99976,200
2019-06-28 09:53:52.633717944,100515,150,100489,150,100789,250,100488,150,101037,150,100466,150,101056,150,100419,150,101123,150,100155,150,101166,100,100132,100,101168,100,100050,100,101258,100,100009,100,101333,100,99992,100,101365,100,99976,200
2019-06-28 09:53:58.334624873,100515,150,100489,250,100789,250,100488,150,101037,150,100466,150,101056,150,100419,150,101123,150,100155,150,101166,100,100132,100,101168,100,100050,100,101258,100,100009,100,101333,100,99992,100,101365,100,99976,200
2019-06-28 09:54:00.000000000,100515,150,100489,250,100789,250,100488,150,101037,150,100466,150,101056,150,100419,150,101123,150,100155,150,101166,100,100132,100,101168,100,100050,100,101258,100,100009,100,101333,100,99992,100,101365,100,99976,200
2019-06-28 09:54:10.000000000,100515,163,100489,263,100789,263,100488,163,101037,163,100466,163,101056,163,100419,163,101123,100,100155,100,101166,100,100132,100,101168,100,100050,100,101258,100,100009,100,101333,100,99992,100,101365,100,99976,200
2019-06-28 09:54:13.060338156,100494,100,100489,263,100515,163,100488,163,100789,263,100466,163,101037,163,100419,163,101056,163,100155,100,101123,100,100132,100,101166,100,100050,100,101168,100,100009,100,101258,100,99992,100,101333,100,99976,200
2019-06-28 09:54:20.000000000,100494,150,100489,250,100515,150,100488,150,100789,250,100466,150,101037,150,100419,150,101056,150,100155,150,101123,100,100132,100,101166,100,100050,100,101168,100,100009,100,101258,100,99992,100,101333,100,99976,200
2019-06-28 09:54:30.000000000,100494,186,100489,286,100515,183,100488,183,100789,283,100466,183,101037,100,100419,100,101056,100,100155,100,101123,100,100132,100,101166,100,100050,100,101168,100,100009,100,101258,100,99992,100,101333,100,99976,200
2019-06-28 09:54:40.000000000,100494,352,100489,452,100515,100,100488,100,100789,200,100466,100,101037,100,100419,100,101056,100,100155,100,101123,100,100132,100,101166,100,100050,100,101168,100,100009,100,101258,100,99992,100,101333,100,99976,200
2019-06-28 09:54:49.336157462,100494,352,100489,452,100515,100,100488,100,100789,300,100466,100,101037,100,100419,100,101056,100,100155,100,101123,100,100132,100,101166,100,100050,100,101168,100,100009,100,101258,100,99992,100,101333,100,99976,100
2019-06-28 09:54:50.000000000,100494,150,100489,250,100515,150,100488,150,100789,350,100466,150,101037,150,100419,150,101056,150,100155,150,101123,100,100132,100,101166,100,100050,100,101168,100,100009,100,101258,100,99992,100,101333,100,99976,100
2019-06-28 09:55:00.000000000,100494,186,100489,286,100515,183,100488,183,100789,383,100466,183,101037,100,100419,100,101056,100,100155,100,101123,100,100132,100,101166,100,100050,100,101168,100,100009,100,101258,100,99992,100,101333,100,99976,100
2019-06-28 09:55:02.246530596,100494,186,100489,286,100515,183,100488,183,100789,483,100466,183,101037,100,100419,100,101056,100,100155,100,101123,100,100132,100,101166,100,100009,100,101168,100,99992,100,101258,100,99976,100,101333,100,99933,100
2019-06-28 09:55:10.000000000,100494,352,100489,452,100515,100,100488,100,100789,400,100466,100,101037,100,100419,100,101056,100,100155,100,101123,100,100132,100,101166,100,100009,100,101168,100,99992,100,101258,100,99976,100,101333,100,99933,100
2019-06-28 09:55:10.449511371,100494,352,100489,352,100515,100,100488,100,100789,400,100466,100,101037,100,100419,100,101056,100,100155,100,101123,100,100132,100,101166,100,100009,100,101168,100,99992,100,101258,100,99976,100,101333,100,99933,100
2019-06-28 09:55:20.000000000,100494,352,100489,352,100515,100,100488,100,100789,400,100466,100,101037,100,100419,100,101056,100,100155,100,101123,100,100132,100,101166,100,100009,100,101168,100,99992,100,101258,100,99976,100,101333,100,99933,100
2019-06-28 09:55:30.000000000,100494,226,100489,226,100515,226,100488,226,100789,400,100466,100,101037,100,100419,100,101056,100,100155,100,101123,100,100132,100,101166,100,100009,100,101168,100,99992,100,101258,100,99976,100,101333,100,99933,100
2019-06-28 09:55:40.000000000,100494,186,100489,186,100515,183,100488,183,100789,483,100466,183,101037,100,100419,100,101056,100,100155,100,101123,100,100132,100,101166,100,100009,100,101168,100,99992,100,101258,100,99976,100,101333,100,99933,100
2019-06-28 09:55:50.000000000,100494,186,100489,186,100515,183,100488,183,100789,483,100466,183,101037,100,100419,100,101056,100,100155,100,101123,100,100132,100,101166,100,100009,100,101168,100,99992,100,101258,100,99976,100,101333,100,99933,100
2019-06-28 09:56:00.000000000,100494,226,100489,226,100515,226,100488,226,100789,400,100466,100,101037,100,100419,100,101056,100,100155,100,101123,100,100132,100,101166,100,100009,100,101168,100,99992,100,101258,100,99976,100,101333,100,99933,100
2019-06-28 09:56:10.000000000,100494,163,100489,163,100515,163,100488,163,100789,463,100466,163,101037,163,100419,163,101056,100,100155,100,101123,100,100132,100,101166,100,100009,100,101168,100,99992,100,101258,100,99976,100,101333,100,99933,100
2019-06-28 09:56:20.000000000,100494,150,100489,150,100515,150,100488,150,100789,450,100466,150,101037,150,100419,150,101056,150,100155,150,101123,100,100132,100,101166,100,100009,100,101168,100,99992,100,101258,100,99976,100,101333,100,99933,100
2019-06-28 09:56:30.000000000,100494,226,100489,226,100515,226,100488,226,100789,400,100466,100,101037,100,100419,100,101056,100,100155,100,101123,100,100132,100,101166,100,100009,100,101168,100,99992,100,101258,100,99976,100,101333,100,99933,100
2019-06-28 09:56:32.639097191,100494,226,100489,126,100515,226,100488,226,100789,400,100466,100,101037,100,100155,100,101056,100,100132,100,101123,100,100009,100,101166,100,99992,100,101168,100,99976,100,101258,100,99933,100,101333,100,99919,100
2019-06-28 09:56:40.000000000,100494,186,100488,186,100515,183,100466,183,100789,483,100155,183,101037,100,100132,100,101056,100,100009,100,101123,100,99992,100,101166,100,99976,100,101168,100,99933,100,101258,100,99919,100,101333,100,99910,100
2019-06-28 09:56:42.414012654,100494,186,100488,86,100515,183,100466,183,100789,483,100155,183,101037,100,100132,100,101056,100,100009,100,101123,100,99992,100,101166,100,99976,100,101168,100,99933,100,101258,100,99919,100,101333,100,99910,100
2019-06-28 09:56:50.000000000,100494,186,100466,186,100515,183,100155,183,100789,483,100132,183,101037,100,100009,100,101056,100,99992,100,101123,100,99976,100,101166,100,99933,100,101168,100,99919,100,101258,100,99910,100,101333,100,99900,200
2019-06-28 09:57:00.000000000,100494,186,100466,186,100515,183,100155,183,100789,483,100132,183,101037,100,100009,100,101056,100,99992,100,101123,100,99976,100,101166,100,99933,100,101168,100,99919,100,101258,100,99910,100,101333,100,99900,200
2019-06-28 09:57:10.000000000,100494,186,100466,186,100515,183,100155,183,100789,483,100132,183,101037,100,100009,100,101056,100,99992,100,101123,100,99976,100,101166,100,99933,100,101168,100,99919,100,101258,100,99910,100,101333,100,99900,200
2019-06-28 09:57:20.000000000,100494,226,100466,226,100515,226,100155,226,100789,400,100132,100,101037,100,100009,100,101056,100,99992,100,101123,100,99976,100,101166,100,99933,100,101168,100,99919,100,101258,100,99910,100,101333,100,99900,200
2019-06-28 09:57:20.980263932,100494,226,100466,226,100515,226,100155,126,100789,400,100132,100,101037,100,100009,100,101056,100,99992,100,101123,100,99976,100,101166,100,99933,100,101168,100,99919,100,101258,100,99910,100,101333,100,99900,200
2019-06-28 09:57:30.000000000,100494,226,100466,226,100515,226,100132,226,100789,400,100009,100,101037,100,99992,100,101056,100,99976,100,101123,100,99933,100,101166,100,99919,100,101168,100,99910,100,101258,100,99900,200,101333,100,99809,100
2019-06-28 09:57:32.939956080,100494,226,100466,226,100515,226,100132,226,100789,400,100109,100,101037,100,100009,100,101056,100,99992,100,101123,100,99976,100,101166,100,99933,100,101168,100,99919,100,101258,100,99910,100,101333,100,99900,200
2019-06-28 09:57:40.000000000,100494,150,100466,150,100515,150,100132,150,100789,450,100109,150,101037,150,100009,150,101056,150,99992,150,101123,100,99976,100,101166,100,99933,100,101168,100,99919,100,101258,100,99910,100,101333,100,99900,200
2019-06-28 09:57:50.000000000,100494,226,100466,226,100515,226,100132,226,100789,400,100109,100,101037,100,100009,100,101056,100,99992,100,101123,100,99976,100,101166,100,99933,100,101168,100,99919,100,101258,100,99910,100,101333,100,99900,200
2019-06-28 09:58:00.000000000,100494,352,100466,352,100515,100,100132,100,100789,400,100109,100,101037,100,100009,100,101056,100,99992,100,101123,100,99976,100,101166,100,99933,100,101168,100,99919,100,101258,100,99910,100,101333,100,99900,200
2019-06-28 09:58:05.305083643,100494,352,100466,352,100515,100,100132,100,100746,100,100109,100,100789,400,100009,100,101037,100,99992,100,101056,100,99976,100,101123,100,99933,100,101166,100,99919,100,101168,100,99910,100,101258,100,99900,200
2019-06-28 09:58:10.000000000,100494,352,100466,352,100515,100,100132,100,100746,100,100109,100,100789,400,100009,100,101037,100,99992,100,101056,100,99976,100,101123,100,99933,100,101166,100,99919,100,101168,100,99910,100,101258,100,99900,200
2019-06-28 09:58:11.850281752,100494,352,100466,352,100515,100,100206,100,100746,100,100132,100,100789,400,100109,100,101037,100,100009,100,101056,100,99992,100,101123,100,99976,100,101166,100,99933,100,101168,100,99919,100,101258,100,99910,100
2019-06-28 09:58:20.000000000,100494,352,100466,352,100515,100,100206,100,100746,100,100132,100,100789,400,100109,100,101037,100,100009,100,101056,100,99992,100,101123,100,99976,100,101166,100,99933,100,101168,100,99919,100,101258,100,99910,100
2019-06-28 09:58:27.374848980,100494,352,100490,100,100515,100,100466,352,100746,100,100206,100,100789,400,100132,100,101037,100,100109,100,101056,100,100009,100,101123,100,99992,100,101166,100,99976,100,101168,100,99933,100,101258,100,99919,100
2019-06-28 09:58:30.000000000,100494,186,100490,186,100515,183,100466,183,100746,183,100206,183,100789,400,100132,100,101037,100,100109,100,101056,100,100009,100,101123,100,99992,100,101166,100,99976,100,101168,100,99933,100,101258,100,99919,100
2019-06-28 09:58:40.000000000,100494,186,100490,186,100515,183,100466,183,100746,183,100206,183,100789,400,100132,100,101037,100,100109,100,101056,100,100009,100,101123,100,99992,100,101166,100,99976,100,101168,100,99933,100,101258,100,99919,100
2019-06-28 09:58:45.024234807,100494,186,100490,186,100515,183,100466,183,100746,183,100206,183,100789,300,100132,100,101037,100,100109,100,101056,100,100009,100,101123,100,99992,100,101166,100,99976,100,101168,100,99933,100,101258,100,99919,100
2019-06-28 09:58:45.888981574,100494,186,100490,286,100515,183,100466,183,100746,183,100206,183,100789,300,100132,100,101037,100,100109,100,101056,100,100009,100,101123,100,99992,100,101166,100,99976,100,101168,100,99933,100,101258,100,99919,100
2019-06-28 09:58:50.000000000,100494,352,100490,452,100515,100,100466,100,100746,100,100206,100,100789,300,100132,100,101037,100,100109,100,101056,100,100009,100,101123,100,99992,100,101166,100,99976,100,101168,100,99933,100,101258,100,99919,100
2019-06-28 09:59:00.000000000,100494,150,100490,250,100515,150,100466,150,100746,150,100206,150,100789,350,100132,150,101037,150,100109,150,101056,100,100009,100,101123,100,99992,100,101166,100,99976,100,101168,100,99933,100,101258,100,99919,100
2019-06-28 09:59:10.000000000,100494,186,100490,286,100515,183,100466,183,100746,183,100206,183,100789,300,100132,100,101037,100,100109,100,101056,100,100009,100,101123,100,99992,100,101166,100,99976,100,101168,100,99933,100,101258,100,99919,100
2019-06-28 09:59:20.000000000,100494,352,100490,452,100515,100,100466,100,100746,100,100206,100,100789,300,100132,100,101037,100,100109,100,101056,100,100009,100,101123,100,99992,100,101166,100,99976,100,101168,100,99933,100,101258,100,99919,100
2019-06-28 09:59:23.375214879,100494,252,100490,452,100515,100,100466,100,100746,100,100206,100,100789,300,100132,100,101037,100,100109,100,101056,100,100009,100,101123,100,99992,100,101166,100,99976,100,101168,100,99933,100,101258,100,99919,100
2019-06-28 09:59:25.608095196,100494,152,100490,452,100515,100,100466,100,100746,100,100206,100,100789,300,100132,100,101037,100,100109,100,101056,100,100009,100,101123,100,99992,100,101166,100,99976,100,101168,100,99933,100,101258,100,99919,100
2019-06-28 09:59:30.000000000,100515,186,100490,286,100746,183,100466,183,100789,383,100206,183,101037,100,100132,100,101056,100,100109,100,101123,100,100009,100,101166,100,99992,100,101168,100,99976,100,101258,100,99933,100,101365,100,99919,100
2019-06-28 09:59:37.148140265,100515,86,100490,286,100746,183,100466,183,100789,383,100206,183,101037,100,100132,100,101056,100,100109,100,101123,100,100009,100,101166,100,99992,100,101168,100,99976,100,101258,100,99933,100,101365,100,99919,100
2019-06-28 09:59:40.000000000,100746,150,100490,250,100789,350,100466,150,101037,150,100206,150,101056,150,100132,150,101123,150,100109,150,101166,100,100009,100,101168,100,99992,100,101258,100,99976,100,101365,100,99933,100,101405,100,99919,100
2019-06-28 09:59:41.148538488,100746,150,100494,100,100789,350,100490,250,101037,150,100466,150,101056,150,100206,150,101123,150,100132,150,101166,100,100109,150,101168,100,100009,100,101258,100,99992,100,101365,100,99976,100,101405,100,99933,100
2019-06-28 09:59:46.657355031,100746,150,100494,200,100789,350,100490,250,101037,150,100466,150,101056,150,100206,150,101123,150,100132,150,101166,100,100109,150,101168,100,100009,100,101258,100,99992,100,101365,100,99976,100,101405,100,99933,100
2019-06-28 09:59:50.000000000,100746,186,100494,286,100789,383,100490,283,101037,183,100466,183,101056,100,100206,100,101123,100,100132,100,101166,100,100109,100,101168,100,100009,100,101258,100,99992,100,101365,100,99976,100,101405,100,99933,100
2019-06-28 10:00:00.000000000,100746,226,100494,326,100789,426,100490,326,101037,100,100466,100,101056,100,100206,100,101123,100,100132,100,101166,100,100109,100,101168,100,100009,100,101258,100,99992,100,101365,100,99976,100,101405,100,99933,100
2019-06-28 10:00:10.000000000,100746,163,100494,263,100789,363,100490,263,101037,163,100466,163,101056,163,100206,163,101123,100,100132,100,101166,100,100109,100,101168,100,100009,100,101258,100,99992,100,101365,100,99976,100,101405,100,99933,100
2019-06-28 10:00:20.000000000,100746,352,100494,452,100789,300,100490,200,101037,100,100466,100,101056,100,100206,100,101123,100,100132,100,101166,100,100109,100,101168,100,100009,100,101258,100,99992,100,101365,100,99976,100,101405,100,99933,100
2019-06-28 10:00:26.560416569,100746,352,100494,452,100789,300,100490,200,101037,100,100466,100,101056,100,100206,100,101123,100,100132,100,101166,100,100109,100,101168,100,100009,100,101258,100,99992,100,101365,100,99976,100,101405,100,99933,100
2019-06-28 10:00:30.000000000,100746,150,100494,250,100789,350,100490,250,101037,150,100466,150,101056,150,100206,150,101123,150,100132,150,101166,100,100109,100,101168,100,100009,100,101258,100,99992,100,101365,100,99976,100,101405,100,99933,100
2019-06-28 10:00:34.106326163,100746,150,100494,250,100789,350,100490,250,101037,50,100466,150,101056,150,100206,150,101123,150,100132,150,101166,100,100109,100,101168,100,100009,100,101258,100,99992,100,101365,100,99976,100,101405,100,99933,100
2019-06-28 10:00:40.000000000,100746,163,100494,263,100789,363,100490,263,101056,163,100466,163,101123,163,100206,163,101166,100,100132,100,101168,100,100109,100,101258,100,100009,100,101365,100,99992,100,101405,100,99976,100,101423,100,99933,100
2019-06-28 10:00:41.039411838,100746,163,100494,263,100789,363,100490,163,101056,163,100466,163,101123,163,100206,163,101166,100,100132,100,101168,100,100109,100,101258,100,100009,100,101365,100,99992,100,101405,100,99976,100,101423,100,99933,100
2019-06-28 10:00:41.752847444,100746,163,100494,363,100789,363,100490,163,101056,163,100466,163,101123,163,100206,163,101166,100,100132,100,101168,100,100109,100,101258,100,100009,100,101365,100,99992,100,101405,100,99976,100,101423,100,99933,100
2019-06-28 10:00:43.911560382,100746,63,100494,363,100789,363,100490,163,101056,163,100466,163,101123,163,100206,163,101166,100,100132,100,101168,100,100009,100,101258,100,99992,100,101365,100,99976,100,101405,100,99933,100,101423,100,99919,100
2019-06-28 10:00:50.000000000,100789,363,100494,363,101056,163,100490,163,101123,163,100466,163,101166,163,100206,163,101168,100,100132,100,101258,100,100009,100,101365,100,99992,100,101405,100,99976,100,101423,100,99933,100,101589,100,99919,100
2019-06-28 10:00:52.468272322,100789,363,100494,363,101056,163,100490,163,101083,100,100466,163,101123,163,100206,163,101166,163,100132,100,101168,100,100009,100,101258,100,99992,100,101365,100,99976,100,101405,100,99933,100,101423,100,99919,100
2019-06-28 10:01:00.000000000,100789,363,100494,363,101056,163,100490,163,101083,163,100466,163,101123,163,100206,163,101166,100,100132,100,101168,100,100009,100,101258,100,99992,100,101365,100,99976,100,101405,100,99933,100,101423,100,99919,100
2019-06-28 10:01:10.000000000,100789,552,100494,552,101056,100,100490,100,101083,100,100466,100,101123,100,100206,100,101166,100,100132,100,101168,100,100009,100,101258,100,99992,100,101365,100,99976,100,101405,100,99933,100,101423,100,99919,100
2019-06-28 10:01:20.000000000,100789,386,100494,386,101056,183,100490,183,101083,183,100466,183,101123,100,100206,100,101166,100,100132,100,101168,100,100009,100,101258,100,99992,100,101365,100,99976,100,101405,100,99933,100,101423,100,99919,100
2019-06-28 10:01:30.000000000,100789,350,100494,350,101056,150,100490,150,101083,150,100466,150,101123,150,100206,150,101166,150,100132,150,101168,100,100009,100,101258,100,99992,100,101365,100,99976,100,101405,100,99933,100,101423,100,99919,100
2019-06-28 10:01:31.013164380,100789,350,100494,350,101056,150,100490,150,101083,150,100466,150,101123,150,100206,150,101166,150,100132,150,101168,100,100009,100,101233,100,99992,100,101258,100,99976,100,101365,100,99933,100,101405,100,99919,100
2019-06-28 10:01:40.000000000,100789,350,100494,350,101056,150,100490,150,101083,150,100466,150,101123,150,100206,150,101166,150,100132,150,101168,100,100009,100,101233,100,99992,100,101258,100,99976,100,101365,100,99933,100,101405,100,99919,100
2019-06-28 10:01:50.000000000,100789,363,100494,363,101056,163,100490,163,101083,163,100466,163,101123,163,100206,163,101166,100,100132,100,101168,100,100009,100,101233,100,99992,100,101258,100,99976,100,101365,100,99933,100,101405,100,99919,100
2019-06-28 10:01:51.601945832,100789,363,100494,363,101056,163,100490,163,101083,163,100466,163,101123,163,100206,163,101168,100,100132,100,101195,100,100009,100,101233,100,99992,100,101258,100,99976,100,101365,100,99933,100,101405,100,99919,100
2019-06-28 10:02:00.000000000,100789,386,100494,386,101056,183,100490,183,101083,183,100466,183,101123,100,100206,100,101168,100,100132,100,101195,100,100009,100,101233,100,99992,100,101258,100,99976,100,101365,100,99933,100,101405,100,99919,100
2019-06-28 10:02:05.939450105,100789,286,100494,386,101056,183,100490,183,101083,183,100466,183,101123,100,100206,100,101168,100,100132,100,101195,100,100009,100,101233,100,99992,100,101258,100,99976,100,101365,100,99933,100,101405,100,99919,100
2019-06-28 10:02:10.000000000,100789,250,100494,350,101056,150,100490,150,101083,150,100466,150,101123,150,100206,150,101168,150,100132,150,101195,100,100009,100,101233,100,99992,100,101258,100,99976,100,101365,100,99933,100,101405,100,99919,100
2019-06-28 10:02:20.000000000,100789,250,100494,350,101056,150,100490,150,101083,150,100466,150,101123,150,100206,150,101168,150,100132,150,101195,100,100009,100,101233,100,99992,100,101258,100,99976,100,101365,100,99933,100,101405,100,99919,100
2019-06-28 10:02:25.938152991,100789,250,100494,350,101056,150,100490,150,101078,100,100466,150,101083,150,100206,150,101123,150,100132,150,101168,150,100009,100,101195,100,99992,100,101233,100,99976,100,101258,100,99933,100,101365,100,99919,100
2019-06-28 10:02:30.000000000,100789,326,100494,426,101056,226,100490,226,101078,100,100466,100,101083,100,100206,100,101123,100,100132,100,101168,100,100009,100,101195,100,99992,100,101233,100,99976,100,101258,100,99933,100,101365,100,99919,100
2019-06-28 10:02:40.000000000,100789,250,100494,350,101056,150,100490,150,101078,150,100466,150,101083,150,100206,150,101123,150,100132,150,101168,100,100009,100,101195,100,99992,100,101233,100,99976,100,101258,100,99933,100,101365,100,99919,100
2019-06-28 10:02:50.000000000,100789,326,100494,426,101056,226,100490,226,101078,100,100466,100,101083,100,100206,100,101123,100,100132,100,101168,100,100009,100,101195,100,99992,100,101233,100,99976,100,101258,100,99933,100,101365,100,99919,100
2019-06-28 10:02:57.114748059,100789,326,100746,100,101056,226,100494,426,101078,100,100490,226,101083,100,100466,100,101123,100,100206,100,101168,100,100132,100,101195,100,100009,100,101233,100,99992,100,101258,100,99976,100,101365,100,99933,100
2019-06-28 10:02:58.372655345,100789,226,100746,100,101056,226,100494,426,101078,100,100490,226,101083,100,100466,100,101123,100,100206,100,101168,100,100132,100,101195,100,100009,100,101233,100,99992,100,101258,100,99976,100,101365,100,99933,100
2019-06-28 10:03:00.000000000,100789,226,100746,226,101056,226,100494,426,101078,100,100490,100,101083,100,100466,100,101123,100,100206,100,101168,100,100132,100,101195,100,100009,100,101233,100,99992,100,101258,100,99976,100,101365,100,99933,100
2019-06-28 10:03:10.000000000,100789,226,100746,226,101056,226,100494,426,101078,100,100490,100,101083,100,100466,100,101123,100,100206,100,101168,100,100132,100,101195,100,100009,100,101233,100,99992,100,101258,100,99976,100,101365,100,99933,100
2019-06-28 10:03:20.000000000,100789,150,100746,150,101056,150,100494,350,101078,150,100490,150,101083,150,100466,150,101123,150,100206,150,101168,100,100132,100,101195,100,100009,100,101233,100,99992,100,101258,100,99976,100,101365,100,99933,100
2019-06-28 10:03:23.793092233,100789,150,100746,150,101056,150,100494,350,101078,150,100490,150,101083,150,100466,150,101123,150,100206,150,101168,100,100132,100,101195,100,99992,100,101233,100,99976,100,101258,100,99933,100,101303,100,99919,100
2019-06-28 10:03:30.000000000,100789,163,100746,163,101056,163,100494,363,101078,163,100490,163,101083,163,100466,163,101123,100,100206,100,101168,100,100132,100,101195,100,99992,100,101233,100,99976,100,101258,100,99933,100,101303,100,99919,100
2019-06-28 10:03:40.000000000,100789,150,100746,150,101056,150,100494,350,101078,150,100490,150,101083,150,100466,150,101123,150,100206,150,101168,100,100132,100,101195,100,99992,100,101233,100,99976,100,101258,100,99933,100,101303,100,99919,100
2019-06-28 10:03:50.000000000,100789,226,100746,226,101056,226,100494,426,101078,100,100490,100,101083,100,100466,100,101123,100,100206,100,101168,100,100132,100,101195,100,99992,100,101233,100,99976,100,101258,100,99933,100,101303,100,99919,100
2019-06-28 10:03:57.291181084,100789,226,100746,226,101056,226,100494,426,101078,100,100490,100,101083,100,100466,100,101123,100,100206,100,101168,100,100132,100,101195,100,99992,100,101233,100,99976,100,101258,100,99933,100,101303,100,99919,100
2019-06-28 10:04:00.000000000,100789,226,100746,226,101056,226,100494,426,101078,100,100490,100,101083,100,100466,100,101123,100,100206,100,101168,100,100132,100,101195,100,99992,100,101233,100,99976,100,101258,100,99933,100,101303,100,99919,100
2019-06-28 10:04:10.000000000,100789,226,100746,226,101056,226,100494,426,101078,100,100490,100,101083,100,100466,100,101123,100,100206,100,101168,100,100132,100,101195,100,99992,100,101233,100,99976,100,101258,100,99933,100,101303,100,99919,100
2019-06-28 10:04:20.000000000,100789,163,100746,163,101056,163,100494,363,101078,163,100490,163,101083,163,100466,163,101123,100,100206,100,101168,100,100132,100,101195,100,99992,100,101233,100,99976,100,101258,100,99933,100,101303,100,99919,100
2019-06-28 10:04:30.000000000,100789,226,100746,226,101056,226,100494,426,101078,100,100490,100,101083,100,100466,100,101123,100,100206,100,101168,100,100132,100,101195,100,99992,100,101233,100,99976,100,101258,100,99933,100,101303,100,99919,100
2019-06-28 10:04:31.778500439,100789,126,100746,226,101056,226,100494,426,101078,100,100490,100,101083,100,100466,100,101123,100,100206,100,101168,100,100132,100,101195,100,99992,100,101233,100,99976,100,101258,100,99933,100,101303,100,99919,100
2019-06-28 10:04:32.559424993,100789,26,100746,226,101056,226,100494,426,101078,100,100490,100,101083,100,100466,100,101123,100,100206,100,101168,100,100132,100,101195,100,99992,100,101233,100,99976,100,101258,100,99933,100,101303,100,99919,100
2019-06-28 10:04:32.888682045,101056,226,100789,74,101078,100,100746,226,101083,100,100494,426,101123,100,100490,100,101168,100,100466,100,101195,100,100206,100,101233,100,100132,100,101258,100,99992,100,101303,100,99976,100,101305,100,99933,100
2019-06-28 10:04:40.000000000,101056,226,100789,200,101078,226,100746,226,101083,100,100494,300,101123,100,100490,100,101168,100,100466,100,101195,100,100206,100,101233,100,100132,100,101258,100,99992,100,101303,100,99976,100,101305,100,99933,100
2019-06-28 10:04:50.000000000,101056,226,100789,200,101078,226,100746,226,101083,100,100494,300,101123,100,100490,100,101168,100,100466,100,101195,100,100206,100,101233,100,100132,100,101258,100,99992,100,101303,100,99976,100,101305,100,99933,100
2019-06-28 10:05:00.000000000,101056,150,100789,124,101078,150,100746,150,101083,150,100494,350,101123,150,100490,150,101168,150,100466,150,101195,100,100206,100,101233,100,100132,100,101258,100,99992,100,101303,100,99976,100,101305,100,99933,100
2019-06-28 10:05:06.232855743,101056,50,100789,124,101078,150,100746,150,101083,150,100494,350,101123,150,100490,150,101168,150,100466,150,101195,100,100206,100,101233,100,100132,100,101258,100,99992,100,101303,100,99976,100,101305,100,99933,100
2019-06-28 10:05:10.000000000,101078,150,100789,124,101083,150,100746,150,101123,150,100494,350,101168,150,100490,150,101195,150,100466,150,101233,100,100206,100,101258,100,100132,100,101303,100,99992,100,101305,100,99976,100,101365,100,99933,100
2019-06-28 10:05:20.000000000,101078,163,100789,137,101083,163,100746,163,101123,163,100494,363,101168,163,100490,163,101195,100,100466,100,101233,100,100206,100,101258,100,100132,100,101303,100,99992,100,101305,100,99976,100,101365,100,99933,100
2019-06-28 10:05:30.000000000,101078,150,100789,124,101083,150,100746,150,101123,150,100494,350,101168,150,100490,150,101195,150,100466,150,101233,100,100206,100,101258,100,100132,100,101303,100,99992,100,101305,100,99976,100,101365,100,99933,100
2019-06-28 10:05:37.027698559,101055,100,100789,124,101078,150,100746,150,101083,150,100494,350,101123,150,100490,150,101168,150,100466,150,101195,150,100206,100,101233,100,100132,100,101258,100,99992,100,101303,100,99976,100,101305,100,99933,100
2019-06-28 10:05:40.000000000,101055,226,100789,200,101078,226,100746,226,101083,100,100494,300,101123,100,100490,100,101168,100,100466,100,101195,100,100206,100,101233,100,100132,100,101258,100,99992,100,101303,100,99976,100,101305,100,99933,100
2019-06-28 10:05:41.001598422,101055,226,100789,200,101078,226,100746,226,101083,100,100494,300,101123,100,100490,100,101168,100,100466,100,101195,100,100304,100,101233,100,100206,100,101258,100,100132,100,101303,100,99992,100,101305,100,99976,100
2019-06-28 10:05:50.000000000,101055,226,100789,200,101078,226,100746,226,101083,100,100494,300,101123,100,100490,100,101168,100,100466,100,101195,100,100304,100,101233,100,100206,100,101258,100,100132,100,101303,100,99992,100,101305,100,99976,100
2019-06-28 10:06:00.000000000,101055,150,100789,124,101078,150,100746,150,101083,150,100494,350,101123,150,100490,150,101168,150,100466,150,101195,100,100304,100,101233,100,100206,100,101258,100,100132,100,101303,100,99992,100,101305,100,99976,100
2019-06-28 10:06:07.635209559,101055,150,100789,124,101078,150,100746,150,101083,150,100494,350,101123,150,100490,150,101168,150,100466,150,101195,100,100304,100,101233,100,100206,100,101258,100,100135,100,101303,100,100132,100,101305,100,99992,100
2019-06-28 10:06:10.000000000,101055,163,100789,137,101078,163,100746,163,101083,163,100494,363,101123,163,100490,163,101168,100,100466,100,101195,100,100304,100,101233,100,100206,100,101258,100,100135,100,101303,100,100132,100,101305,100,99992,100
2019-06-28 10:06:17.316643998,101055,163,100789,37,101078,163,100746,163,101083,163,100494,363,101123,163,100490,163,101168,100,100466,100,101195,100,100304,100,101233,100,100206,100,101258,100,100135,100,101303,100,100132,100,101305,100,99992,100
2019-06-28 10:06:20.000000000,101055,163,100746,163,101078,163,100494,363,101083,163,100490,163,101123,163,100466,163,101168,100,100304,100,101195,100,100206,100,101233,100,100135,100,101258,100,100132,100,101303,100,99992,100,101305,100,99976,100
2019-06-28 10:06:30.000000000,101055,226,100746,226,101078,226,100494,426,101083,100,100490,100,101123,100,100466,100,101168,100,100304,100,101195,100,100206,100,101233,100,100135,100,101258,100,100132,100,101303,100,99992,100,101305,100,99976,100
2019-06-28 10:06:35.644651300,101055,226,100746,226,101078,226,100494,426,101083,100,100490,100,101123,100,100466,100,101168,100,100304,100,101195,100,100206,100,101233,100,100135,100,101258,100,100132,100,101303,100,99992,100,101305,100,99933,100
2019-06-28 10:06:40.000000000,101055,226,100746,226,101078,226,100494,426,101083,100,100490,100,101123,100,100466,100,101168,100,100304,100,101195,100,100206,100,101233,100,100135,100,101258,100,100132,100,101303,100,99992,100,101305,100,99933,100
2019-06-28 10:06:50.000000000,101055,226,100746,226,101078,226,100494,426,101083,100,100490,100,101123,100,100466,100,101168,100,100304,100,101195,100,100206,100,101233,100,100135,100,101258,100,100132,100,101303,100,99992,100,101305,100,99933,100
2019-06-28 10:07:00.000000000,101055,352,100746,352,101078,100,100494,300,101083,100,100490,100,101123,100,100466,100,101168,100,100304,100,101195,100,100206,100,101233,100,100135,100,101258,100,100132,100,101303,100,99992,100,101305,100,99933,100
2019-06-28 10:07:01.229034905,101055,352,100746,252,101078,100,100494,300,101123,100,100490,100,101168,100,100466,100,101195,100,100304,100,101233,100,100206,100,101258,100,100135,100,101303,100,100132,100,101305,100,99992,100,101365,100,99933,100
2019-06-28 10:07:10.000000000,101055,186,100494,386,101078,183,100490,183,101123,183,100466,183,101168,100,100304,100,101195,100,100206,100,101233,100,100135,100,101258,100,100132,100,101303,100,99992,100,101305,100,99933,100,101365,100,99919,100
2019-06-28 10:07:17.279998573,101055,186,100494,286,101078,183,100490,183,101123,183,100466,183,101168,100,100304,100,101195,100,100206,100,101233,100,100135,100,101258,100,100132,100,101303,100,99992,100,101305,100,99933,100,101365,100,99919,100
2019-06-28 10:07:20.000000000,101055,226,100494,326,101078,226,100490,226,101123,100,100466,100,101168,100,100304,100,101195,100,100206,100,101233,100,100135,100,101258,100,100132,100,101303,100,99992,100,101305,100,99933,100,101365,100,99919,100
2019-06-28 10:07:21.375891659,100746,100,100494,326,101055,226,100490,226,101078,226,100466,100,101123,100,100304,100,101168,100,100206,100,101195,100,100135,100,101233,100,100132,100,101258,100,99933,100,101303,100,99919,100,101305,100,99900,200
2019-06-28 10:07:29.202806424,100746,100,100494,326,101055,226,100490,226,101078,226,100466,100,101123,100,100304,100,101168,100,100206,100,101195,100,100135,100,101233,100,100132,100,101258,100,99949,100,101303,100,99933,100,101305,100,99919,100
2019-06-28 10:07:30.000000000,100746,150,100494,250,101055,150,100490,150,101078,150,100466,150,101123,150,100304,150,101168,150,100206,150,101195,100,100135,100,101233,100,100132,100,101258,100,99949,100,101303,100,99933,100,101305,100,99919,100
2019-06-28 10:07:31.780875233,100746,150,100494,250,101055,150,100490,150,101078,150,100466,150,101123,150,100304,150,101168,150,100206,150,101195,100,100135,100,101233,100,100132,100,101258,100,99949,100,101303,100,99933,100,101305,100,99919,100
2019-06-28 10:07:40.000000000,100746,150,100494,250,101055,150,100490,150,101078,150,100466,150,101123,150,100304,150,101168,150,100206,150,101195,100,100135,100,101233,100,100132,100,101258,100,99949,100,101303,100,99933,100,101305,100,99919,100
