,ask_price_1,ask_size_1,bid_price_1,bid_size_1,ask_price_2,ask_size_2,bid_price_2,bid_size_2,ask_price_3,ask_size_3,bid_price_3,bid_size_3,ask_price_4,ask_size_4,bid_price_4,bid_size_4,ask_price_5,ask_size_5,bid_price_5,bid_size_5,ask_price_6,ask_size_6,bid_price_6,bid_size_6,ask_price_7,ask_size_7,bid_price_7,bid_size_7,ask_price_8,ask_size_8,bid_price_8,bid_size_8,ask_price_9,ask_size_9,bid_price_9,bid_size_9,ask_price_10,ask_size_10,bid_price_10,bid_size_10
2019-06-28 09:30:00.000000001,,,99967,100,,,,,,,,,,,,,,,,,,,,,,,,,,,,,,,,,,,,
2019-06-28 09:30:00.000000003,100029,100,99967,100,,,,,,,,,,,,,,,,,,,,,,,,,,,,,,,,,,,,
2019-06-28 09:30:00.000000004,100029,100,99967,100,100092,100,,,,,,,,,,,,,,,,,,,,,,,,,,,,,,,,,,
2019-06-28 09:30:00.000000005,100029,100,99967,100,100092,100,,,100134,100,,,,,,,,,,,,,,,,,,,,,,,,,,,,,,
2019-06-28 09:30:00.000000006,100092,100,99967,100,100134,100,,,,,,,,,,,,,,,,,,,,,,,,,,,,,,,,,,
2019-06-28 09:30:00.000000010,100092,100,100026,100,100134,100,99967,100,,,99953,100,,,99941,100,,,99880,100,,,,,,,,,,,,,,,,,,,,
2019-06-28 09:30:00.000000013,100092,100,100026,100,100134,100,99967,100,,,99953,100,,,99941,100,,,99902,100,,,99880,100,,,,,,,,,,,,,,,,
2019-06-28 09:30:00.000000014,100092,100,100026,100,100093,100,99967,100,100132,100,99953,100,100134,100,99941,100,,,99902,100,,,99880,100,,,,,,,,,,,,,,,,
2019-06-28 09:30:00.000000015,100092,100,100026,100,100093,100,99967,100,100132,100,99953,100,100134,100,99941,100,,,99912,100,,,99902,100,,,99880,100,,,,,,,,,,,,
2019-06-28 09:30:00.000000017,100092,100,100026,100,100093,100,99967,100,100121,100,99953,100,100132,100,99941,100,100134,100,99912,100,,,99902,100,,,99880,100,,,,,,,,,,,,
2019-06-28 09:30:00.000000019,100069,100,100026,100,100092,100,99967,100,100093,100,99953,100,100121,100,99941,100,100132,100,99912,100,100134,100,99902,100,,,99880,100,,,,,,,,,,,,
2019-06-28 09:30:00.000000020,100069,100,100026,100,100092,100,99967,100,100093,100,99953,100,100121,100,99941,100,100132,100,99912,100,100134,100,99902,100,100172,100,99880,100,,,,,,,,,,,,
2019-06-28 09:30:00.000000021,100057,100,100026,100,100069,100,99967,100,100092,100,99953,100,100093,100,99941,100,100121,100,99912,100,100132,100,99902,100,100134,100,99880,100,100172,100,,,,,,,,,,
2019-06-28 09:30:00.000000023,100057,100,100026,100,100069,100,99967,100,100073,100,99953,100,100092,100,99941,100,100093,100,99912,100,100121,100,99902,100,100132,100,99880,100,100134,100,,,100172,100,,,,,,
2019-06-28 09:30:00.000000025,100057,100,100026,100,100069,100,99967,100,100073,100,99959,100,100092,100,99953,100,100093,100,99941,100,100121,100,99912,100,100132,100,99902,100,100134,100,99880,100,100172,100,,,,,,
2019-06-28 09:30:00.000000026,100057,100,100026,100,100069,100,99967,100,100073,100,99959,100,100092,100,99955,100,100093,100,99953,100,100121,100,99941,100,100132,100,99912,100,100134,100,99902,100,100172,100,99880,100,,,,
2019-06-28 09:30:00.000000027,100057,100,100026,100,100069,100,99967,100,100073,100,99959,100,100092,100,99955,100,100093,100,99953,100,100121,100,99946,100,100132,100,99941,100,100134,100,99912,100,100172,100,99902,100,,,99880,100
2019-06-28 09:30:00.000000028,100057,100,100026,100,100069,100,99967,100,100073,100,99959,100,100092,100,99955,100,100093,100,99953,100,100121,100,99946,100,100132,100,99941,100,100134,100,99912,100,100172,100,99902,100,,,99880,100
2019-06-28 09:30:00.000000030,100057,100,100026,100,100069,100,99967,100,100073,100,99959,100,100092,100,99955,100,100093,100,99953,100,100121,100,99946,100,100131,100,99941,100,100132,100,99912,100,100134,100,99902,100,100172,100,99880,100
2019-06-28 09:30:00.000000031,100057,100,100026,100,100069,100,99967,100,100073,100,99959,100,100076,100,99955,100,100092,100,99953,100,100093,100,99946,100,100121,100,99941,100,100131,100,99912,100,100132,100,99902,100,100134,100,99880,100
2019-06-28 09:30:00.000000032,100057,100,100026,100,100069,100,99967,100,100073,100,99959,100,100076,100,99955,100,100092,100,99953,100,100093,100,99946,100,100098,100,99941,100,100121,100,99912,100,100131,100,99902,100,100132,100,99880,100
2019-06-28 09:30:00.000000033,100057,100,100026,100,100069,100,99967,100,100073,100,99959,100,100076,100,99955,100,100092,100,99953,100,100093,100,99946,100,100098,100,99941,100,100121,100,99912,100,100131,100,99902,100,100132,100,99880,100
2019-06-28 09:30:00.000000034,100057,100,100026,100,100069,100,99974,100,100073,100,99967,100,100076,100,99959,100,100092,100,99955,100,100093,100,99953,100,100098,100,99946,100,100121,100,99941,100,100131,100,99912,100,100132,100,99902,100
2019-06-28 09:30:00.000000035,100057,100,100026,100,100069,100,99974,100,100073,100,99967,100,100076,100,99961,100,100092,100,99959,100,100093,100,99955,100,100098,100,99953,100,100121,100,99946,100,100131,100,99941,100,100132,100,99925,100
2019-06-28 09:30:00.000000037,100057,100,99974,100,100069,100,99967,100,100073,100,99961,100,100076,100,99959,100,100092,100,99955,100,100093,100,99953,100,100098,100,99946,100,100121,100,99941,100,100131,100,99925,100,100132,100,99912,100
2019-06-28 09:30:00.000000039,100057,100,100026,100,100069,100,99974,100,100073,100,99967,100,100076,100,99961,100,100092,100,99959,100,100093,100,99955,100,100098,100,99953,100,100121,100,99946,100,100131,100,99941,100,100132,100,99925,100
2019-06-28 09:30:00.000000041,100057,100,100026,100,100069,100,99974,100,100073,100,99967,100,100076,100,99961,100,100092,100,99959,100,100093,100,99955,100,100098,100,99953,100,100105,100,99946,100,100121,100,99944,100,100131,100,99941,100
2019-06-28 09:30:00.000000042,100029,100,100026,100,100057,100,99974,100,100069,100,99967,100,100073,100,99961,100,100076,100,99959,100,100092,100,99955,100,100093,100,99953,100,100098,100,99946,100,100105,100,99944,100,100121,100,99941,100
2019-06-28 09:30:00.000000045,100029,100,99974,100,100057,100,99967,100,100069,100,99961,100,100073,100,99959,100,100076,100,99955,100,100092,100,99953,100,100093,100,99946,100,100098,100,99944,100,100105,100,99941,100,100121,100,99925,100
2019-06-28 09:30:00.000000046,100026,100,99974,100,100029,100,99967,100,100057,100,99961,100,100069,100,99959,100,100073,100,99955,100,100076,100,99953,100,100092,100,99946,100,100093,100,99944,100,100098,100,99941,100,100105,100,99925,100
2019-06-28 09:30:00.000000053,100025,100,99967,100,100026,100,99961,100,100029,100,99959,100,100057,100,99955,100,100069,100,99953,100,100071,100,99946,100,100073,100,99944,100,100076,100,99941,100,100092,100,99925,100,100093,100,99912,100
2019-06-28 09:30:00.000000055,100025,100,99974,100,100026,100,99967,100,100029,100,99961,100,100057,100,99959,100,100069,100,99955,100,100071,100,99953,100,100073,100,99946,100,100076,100,99944,100,100092,100,99941,100,100093,100,99925,100
2019-06-28 09:30:00.000000057,100025,100,100008,100,100026,100,99974,100,100029,100,99967,100,100057,100,99961,100,100069,100,99959,100,100071,100,99955,100,100073,100,99953,100,100076,100,99946,100,100092,100,99944,100,100093,100,99941,100
2019-06-28 09:30:00.000000060,100025,100,100008,100,100026,100,99974,100,100029,100,99967,100,100057,100,99961,100,100069,100,99959,100,100071,100,99955,100,100073,100,99953,100,100076,100,99946,100,100092,100,99944,100,100093,100,99941,100
2019-06-28 09:30:00.000000062,100025,100,99974,100,100026,100,99967,100,100029,100,99961,100,100057,100,99959,100,100069,100,99955,100,100071,100,99953,100,100073,100,99946,100,100076,100,99944,100,100092,100,99941,100,100093,100,99925,100
2019-06-28 09:30:00.000000063,100025,100,99975,100,100026,100,99974,100,100029,100,99967,100,100057,100,99961,100,100069,100,99959,100,100071,100,99955,100,100073,100,99953,100,100076,100,99946,100,100092,100,99944,100,100093,100,99941,100
2019-06-28 09:30:00.000000066,99990,100,99975,100,100008,100,99974,100,100025,100,99967,100,100026,100,99961,100,100029,100,99959,100,100057,100,99955,100,100069,100,99953,100,100071,100,99946,100,100073,100,99944,100,100076,100,99941,100
2019-06-28 09:30:00.000000069,99990,100,99975,200,100008,100,99974,100,100025,100,99967,100,100026,100,99961,100,100029,100,99959,100,100038,100,99955,100,100057,100,99953,100,100069,100,99946,100,100071,100,99944,100,100073,100,99941,100
2019-06-28 09:30:00.000000073,99990,100,99975,200,100008,100,99974,100,100025,100,99967,100,100026,100,99961,100,100029,100,99959,100,100038,100,99955,100,100057,100,99953,100,100069,100,99946,100,100071,100,99944,100,100073,100,99941,100
2019-06-28 09:30:00.000000075,99990,100,99975,300,100008,100,99974,100,100025,100,99967,100,100026,100,99961,100,100029,100,99959,100,100038,100,99955,100,100057,100,99953,100,100069,100,99946,100,100071,100,99944,100,100073,100,99941,100
2019-06-28 09:30:00.000000076,100008,100,99975,300,100025,100,99974,100,100026,100,99967,100,100029,100,99961,100,100038,100,99959,100,100057,100,99955,100,100069,100,99953,100,100071,100,99946,100,100073,100,99944,100,100076,100,99941,100
2019-06-28 09:30:00.000000085,100008,100,99975,300,100025,100,99974,100,100026,100,99967,100,100029,100,99961,100,100038,100,99959,100,100057,100,99955,100,100069,100,99953,100,100071,100,99946,100,100073,100,99944,100,100076,100,99941,100
2019-06-28 09:30:00.000000087,99998,100,99990,100,100008,100,99975,300,100025,100,99974,100,100026,100,99970,100,100029,100,99967,100,100038,100,99961,100,100057,100,99959,100,100069,100,99955,100,100071,100,99953,100,100073,100,99946,100
2019-06-28 09:30:00.000000088,100008,100,99994,100,100025,100,99990,100,100026,100,99975,300,100029,100,99974,100,100038,100,99970,100,100057,100,99967,100,100069,100,99961,100,100071,100,99959,100,100073,100,99955,100,100076,100,99953,100
2019-06-28 09:30:00.000000090,100008,100,99994,100,100025,100,99990,100,100026,200,99975,300,100029,100,99974,100,100038,100,99970,100,100057,100,99967,100,100069,100,99961,100,100071,100,99959,100,100073,100,99955,100,100076,100,99953,100
2019-06-28 09:30:00.000000091,100008,100,99994,100,100025,100,99990,100,100026,200,99975,300,100029,100,99974,100,100038,100,99970,100,100057,100,99967,100,100069,100,99961,200,100071,100,99959,100,100073,100,99955,100,100076,100,99953,100
2019-06-28 09:30:00.000000092,100008,100,99994,100,100025,100,99990,100,100026,200,99975,300,100029,100,99974,100,100038,100,99970,100,100057,100,99967,100,100069,100,99961,200,100071,100,99959,100,100073,100,99955,100,100076,100,99953,100
2019-06-28 09:30:00.000000094,99998,100,99994,100,100008,100,99990,100,100025,100,99975,300,100026,200,99974,100,100029,100,99970,100,100038,100,99967,100,100057,100,99961,200,100069,100,99959,100,100071,100,99955,100,100073,100,99953,100
2019-06-28 09:30:00.000000095,99998,100,99994,100,100008,100,99990,100,100025,100,99975,300,100026,200,99974,100,100029,100,99970,100,100038,100,99967,100,100057,100,99961,200,100069,100,99959,100,100071,100,99955,100,100073,100,99953,100
2019-06-28 09:30:00.000000096,99998,100,99994,100,100008,100,99990,100,100025,100,99975,300,100026,200,99974,100,100029,100,99970,100,100038,100,99967,100,100057,100,99961,200,100069,100,99959,100,100071,100,99955,100,100073,100,99953,100
2019-06-28 09:30:00.000000099,100008,100,99990,100,100025,100,99975,300,100026,200,99974,100,100029,100,99970,100,100038,100,99967,100,100057,100,99961,200,100069,100,99959,100,100071,100,99955,100,100073,100,99953,100,100076,100,99946,100
2019-06-28 09:30:10.000000000,100008,153,99990,153,100025,153,99975,353,100026,253,99974,153,100029,153,99970,153,100038,153,99967,153,100057,100,99961,200,100069,100,99959,100,100071,100,99955,100,100073,100,99953,100,100076,100,99946,100
2019-06-28 09:30:20.000000000,100008,234,99990,234,100025,234,99975,434,100026,200,99974,100,100029,100,99970,100,100038,100,99967,100,100057,100,99961,200,100069,100,99959,100,100071,100,99955,100,100073,100,99953,100,100076,100,99946,100
2019-06-28 09:30:30.000000000,100008,367,99990,367,100025,100,99975,300,100026,200,99974,100,100029,100,99970,100,100038,100,99967,100,100057,100,99961,200,100069,100,99959,100,100071,100,99955,100,100073,100,99953,100,100076,100,99946,100
2019-06-28 09:30:30.625533148,99998,100,99990,367,100008,367,99975,300,100025,100,99974,100,100026,100,99970,100,100029,100,99967,100,100038,100,99961,200,100057,100,99959,100,100069,100,99955,100,100071,100,99953,100,100073,100,99946,100
2019-06-28 09:30:34.475080366,99998,100,99994,100,100008,367,99990,367,100025,100,99975,300,100026,100,99974,100,100029,100,99970,100,100038,100,99967,100,100057,100,99961,200,100069,100,99955,100,100071,100,99953,100,100073,100,99946,100
2019-06-28 09:30:40.000000000,99998,153,99994,153,100008,153,99990,153,100025,153,99975,353,100026,153,99974,153,100029,153,99970,153,100038,100,99967,100,100057,100,99961,200,100069,100,99955,100,100071,100,99953,100,100073,100,99946,100
2019-06-28 09:30:50.000000000,99998,153,99994,153,100008,153,99990,153,100025,153,99975,353,100026,153,99974,153,100029,153,99970,153,100038,100,99967,100,100057,100,99961,200,100069,100,99955,100,100071,100,99953,100,100073,100,99946,100
2019-06-28 09:30:56.021761333,99998,153,99994,153,100008,153,99990,153,100025,153,99975,353,100026,153,99974,153,100029,153,99970,153,100038,100,99967,100,100057,100,99961,200,100069,100,99955,100,100071,100,99953,100,100073,100,99946,100
2019-06-28 09:31:00.000000000,99998,367,99994,367,100008,100,99990,100,100025,100,99975,300,100026,100,99974,100,100029,100,99970,100,100038,100,99967,100,100057,100,99961,200,100069,100,99955,100,100071,100,99953,100,100073,100,99946,100
2019-06-28 09:31:10.000000000,99998,191,99994,191,100008,188,99990,188,100025,188,99975,388,100026,100,99974,100,100029,100,99970,100,100038,100,99967,100,100057,100,99961,200,100069,100,99955,100,100071,100,99953,100,100073,100,99946,100
2019-06-28 09:31:15.358100095,99998,91,99994,191,100008,188,99990,188,100025,188,99975,388,100026,100,99974,100,100029,100,99970,100,100038,100,99967,100,100057,100,99961,200,100069,100,99955,100,100071,100,99953,100,100073,100,99946,100
2019-06-28 09:31:20.000000000,100008,167,99994,167,100025,167,99990,167,100026,167,99975,367,100029,167,99974,167,100038,100,99970,100,100057,100,99967,100,100069,100,99961,200,100071,100,99955,100,100073,100,99953,100,100076,100,99946,100
2019-06-28 09:31:30.000000000,100008,167,99994,167,100025,167,99990,167,100026,167,99975,367,100029,167,99974,167,100038,100,99970,100,100057,100,99967,100,100069,100,99961,200,100071,100,99955,100,100073,100,99953,100,100076,100,99946,100
2019-06-28 09:31:40.000000000,100008,191,99994,191,100025,188,99990,188,100026,188,99975,388,100029,100,99974,100,100038,100,99970,100,100057,100,99967,100,100069,100,99961,200,100071,100,99955,100,100073,100,99953,100,100076,100,99946,100
2019-06-28 09:31:45.673362184,100008,191,99994,191,100025,188,99990,188,100026,188,99975,388,100029,100,99974,100,100038,100,99970,100,100057,100,99967,100,100069,100,99961,200,100071,100,99955,100,100073,100,99953,100,100076,100,99946,100
2019-06-28 09:31:50.000000000,100008,191,99994,191,100025,188,99990,188,100026,188,99975,388,100029,100,99974,100,100038,100,99970,100,100057,100,99967,100,100069,100,99961,200,100071,100,99955,100,100073,100,99953,100,100076,100,99946,100
2019-06-28 09:32:00.000000000,100008,167,99994,167,100025,167,99990,167,100026,167,99975,367,100029,167,99974,167,100038,100,99970,100,100057,100,99967,100,100069,100,99961,200,100071,100,99955,100,100073,100,99953,100,100076,100,99946,100
2019-06-28 09:32:10.000000000,100008,191,99994,191,100025,188,99990,188,100026,188,99975,388,100029,100,99974,100,100038,100,99970,100,100057,100,99967,100,100069,100,99961,200,100071,100,99955,100,100073,100,99953,100,100076,100,99946,100
2019-06-28 09:32:10.131638091,100008,191,99994,191,100025,188,99990,188,100026,188,99975,388,100029,100,99974,100,100038,100,99970,100,100057,100,99967,100,100069,100,99961,200,100071,100,99955,100,100073,100,99953,100,100076,100,99946,100
2019-06-28 09:32:20.000000000,100008,153,99994,153,100025,153,99990,153,100026,153,99975,353,100029,153,99974,153,100038,153,99970,153,100057,100,99967,100,100069,100,99961,200,100071,100,99955,100,100073,100,99953,100,100076,100,99946,100
2019-06-28 09:32:30.000000000,100008,153,99994,153,100025,153,99990,153,100026,153,99975,353,100029,153,99974,153,100038,153,99970,153,100057,100,99967,100,100069,100,99961,200,100071,100,99955,100,100073,100,99953,100,100076,100,99946,100
2019-06-28 09:32:40.000000000,100008,367,99994,367,100025,100,99990,100,100026,100,99975,300,100029,100,99974,100,100038,100,99970,100,100057,100,99967,100,100069,100,99961,200,100071,100,99955,100,100073,100,99953,100,100076,100,99946,100
2019-06-28 09:32:50.000000000,100008,167,99994,167,100025,167,99990,167,100026,167,99975,367,100029,167,99974,167,100038,100,99970,100,100057,100,99967,100,100069,100,99961,200,100071,100,99955,100,100073,100,99953,100,100076,100,99946,100
2019-06-28 09:32:50.298900499,100008,167,99995,100,100025,167,99994,167,100026,167,99990,167,100029,167,99975,267,100038,100,99974,167,100057,100,99970,100,100069,100,99967,100,100071,100,99961,200,100073,100,99955,100,100076,100,99953,100
2019-06-28 09:33:00.000000000,100008,153,99995,153,100025,153,99994,153,100026,153,99990,153,100029,153,99975,253,100038,153,99974,153,100057,100,99970,100,100069,100,99967,100,100071,100,99961,200,100073,100,99955,100,100076,100,99953,100
2019-06-28 09:33:01.154729207,100008,153,99995,153,100025,153,99994,153,100026,153,99990,153,100029,153,99975,253,100038,153,99974,153,100044,100,99970,100,100057,100,99967,100,100069,100,99961,200,100071,100,99955,100,100073,100,99953,100
2019-06-28 09:33:10.000000000,100008,153,99995,153,100025,153,99994,153,100026,153,99990,153,100029,153,99975,253,100038,153,99974,153,100044,100,99970,100,100057,100,99967,100,100069,100,99961,200,100071,100,99955,100,100073,100,99953,100
2019-06-28 09:33:20.000000000,100008,367,99995,367,100025,100,99994,100,100026,100,99990,100,100029,100,99975,200,100038,100,99974,100,100044,100,99970,100,100057,100,99967,100,100069,100,99961,200,100071,100,99955,100,100073,100,99953,100
2019-06-28 09:33:30.000000000,100008,153,99995,153,100025,153,99994,153,100026,153,99990,153,100029,153,99975,253,100038,153,99974,153,100044,100,99970,100,100057,100,99967,100,100069,100,99961,200,100071,100,99955,100,100073,100,99953,100
2019-06-28 09:33:40.000000000,100008,234,99995,234,100025,234,99994,234,100026,100,99990,100,100029,100,99975,200,100038,100,99974,100,100044,100,99970,100,100057,100,99967,100,100069,100,99961,200,100071,100,99955,100,100073,100,99953,100
2019-06-28 09:33:50.000000000,100008,367,99995,367,100025,100,99994,100,100026,100,99990,100,100029,100,99975,200,100038,100,99974,100,100044,100,99970,100,100057,100,99967,100,100069,100,99961,200,100071,100,99955,100,100073,100,99953,100
2019-06-28 09:34:00.000000000,100008,167,99995,167,100025,167,99994,167,100026,167,99990,167,100029,167,99975,267,100038,100,99974,100,100044,100,99970,100,100057,100,99967,100,100069,100,99961,200,100071,100,99955,100,100073,100,99953,100
2019-06-28 09:34:04.904618746,100008,167,99995,167,100025,167,99994,167,100026,167,99990,167,100029,167,99975,267,100038,100,99974,100,100044,100,99970,100,100057,100,99967,100,100069,100,99961,200,100071,100,99953,100,100073,100,99946,100
2019-06-28 09:34:07.109507370,100008,167,99995,167,100025,167,99994,167,100026,167,99990,167,100029,167,99975,267,100038,100,99974,100,100044,100,99970,100,100057,100,99967,100,100069,100,99961,200,100071,100,99953,100,100073,100,99946,100
2019-06-28 09:34:09.073932428,100008,167,99995,67,100025,167,99994,167,100026,167,99990,167,100029,167,99975,267,100038,100,99974,100,100044,100,99970,100,100057,100,99967,100,100069,100,99961,200,100071,100,99953,100,100073,100,99946,100
2019-06-28 09:34:09.518741837,100008,167,99995,67,100025,167,99994,167,100026,167,99990,167,100029,167,99975,267,100038,100,99974,100,100044,100,99970,100,100057,100,99967,100,100069,100,99961,200,100071,100,99953,100,100073,100,99946,100
2019-06-28 09:34:10.000000000,100008,234,99994,234,100025,234,99990,234,100026,100,99975,200,100029,100,99974,100,100038,100,99970,100,100044,100,99967,100,100057,100,99961,200,100069,100,99953,100,100071,100,99946,100,100073,100,99944,100
2019-06-28 09:34:11.256764107,100008,234,99994,134,100025,234,99990,234,100026,100,99975,200,100029,100,99974,100,100038,100,99970,100,100044,100,99967,100,100057,100,99961,200,100069,100,99953,100,100071,100,99946,100,100073,100,99944,100
2019-06-28 09:34:15.289756113,99995,100,99994,134,100008,234,99990,234,100025,234,99975,200,100026,100,99974,100,100029,100,99970,100,100038,100,99967,100,100044,100,99961,200,100057,100,99953,100,100069,100,99946,100,100071,100,99944,100
2019-06-28 09:34:20.000000000,99995,367,99990,367,100008,100,99975,200,100025,100,99974,100,100026,100,99970,100,100029,100,99967,100,100038,100,99961,200,100044,100,99953,100,100057,100,99946,100,100069,100,99944,100,100071,100,99912,100
2019-06-28 09:34:20.164512780,99995,367,99990,267,100008,100,99975,200,100025,100,99974,100,100026,100,99970,100,100029,100,99967,100,100038,100,99961,200,100044,100,99953,100,100057,100,99946,100,100069,100,99944,100,100071,100,99912,100
2019-06-28 09:34:30.000000000,99995,191,99975,291,100008,188,99974,188,100025,188,99970,188,100026,100,99967,100,100029,100,99961,200,100038,100,99953,100,100044,100,99946,100,100057,100,99944,100,100069,100,99912,100,100071,100,99906,100
2019-06-28 09:34:40.000000000,99995,367,99975,467,100008,100,99974,100,100025,100,99970,100,100026,100,99967,100,100029,100,99961,200,100038,100,99953,100,100044,100,99946,100,100057,100,99944,100,100069,100,99912,100,100071,100,99906,100
2019-06-28 09:34:40.442120400,99995,367,99975,367,100008,100,99974,100,100025,100,99970,100,100026,100,99967,100,100029,100,99961,200,100038,100,99953,100,100044,100,99946,100,100057,100,99944,100,100069,100,99912,100,100071,100,99906,100
2019-06-28 09:34:45.902435951,99995,367,99975,367,100008,100,99974,100,100025,100,99970,100,100026,100,99967,100,100029,100,99961,200,100038,100,99953,100,100044,100,99946,100,100057,100,99944,100,100069,100,99912,100,100071,100,99906,100
2019-06-28 09:34:50.000000000,99995,234,99975,234,100008,234,99974,234,100025,100,99970,100,100026,100,99967,100,100029,100,99961,200,100038,100,99953,100,100044,100,99946,100,100057,100,99944,100,100069,100,99912,100,100071,100,99906,100
2019-06-28 09:35:00.000000000,99995,367,99975,367,100008,100,99974,100,100025,100,99970,100,100026,100,99967,100,100029,100,99961,200,100038,100,99953,100,100044,100,99946,100,100057,100,99944,100,100069,100,99912,100,100071,100,99906,100
2019-06-28 09:35:10.000000000,99995,191,99975,191,100008,188,99974,188,100025,188,99970,188,100026,100,99967,100,100029,100,99961,200,100038,100,99953,100,100044,100,99946,100,100057,100,99944,100,100069,100,99912,100,100071,100,99906,100
2019-06-28 09:35:19.441902867,99995,191,99975,91,100008,188,99974,188,100025,188,99970,188,100026,100,99967,100,100029,100,99961,200,100038,100,99953,100,100044,100,99946,100,100057,100,99944,100,100069,100,99906,100,100071,100,99902,100
2019-06-28 09:35:20.000000000,99995,367,99974,367,100008,100,99970,100,100025,100,99967,100,100026,100,99961,200,100029,100,99953,100,100038,100,99946,100,100044,100,99944,100,100057,100,99906,100,100069,100,99902,100,100071,100,99894,100
2019-06-28 09:35:25.110612020,99975,100,99974,367,99995,367,99970,100,100008,100,99967,100,100025,100,99961,200,100026,100,99953,100,100029,100,99946,100,100038,100,99944,100,100044,100,99906,100,100057,100,99902,100,100069,100,99894,100
2019-06-28 09:35:30.000000000,99975,367,99974,367,99995,100,99970,100,100008,100,99967,100,100025,100,99961,200,100026,100,99953,100,100029,100,99946,100,100038,100,99944,100,100044,100,99906,100,100057,100,99902,100,100069,100,99894,100
2019-06-28 09:35:40.000000000,99975,153,99974,153,99995,153,99970,153,100008,153,99967,153,100025,153,99961,253,100026,153,99953,153,100029,100,99946,100,100038,100,99944,100,100044,100,99906,100,100057,100,99902,100,100069,100,99894,100
2019-06-28 09:35:40.172133117,99975,153,99974,153,99995,53,99970,153,100008,153,99967,153,100025,153,99961,253,100026,153,99953,153,100029,100,99946,100,100038,100,99944,100,100044,100,99906,100,100057,100,99902,100,100069,100,99894,100
2019-06-28 09:35:50.000000000,99975,367,99974,367,100008,100,99970,100,100025,100,99967,100,100026,100,99961,200,100029,100,99953,100,100038,100,99946,100,100044,100,99944,100,100057,100,99906,100,100069,100,99902,100,100071,100,99894,100
2019-06-28 09:36:00.000000000,99975,153,99974,153,100008,153,99970,153,100025,153,99967,153,100026,153,99961,253,100029,153,99953,153,100038,100,99946,100,100044,100,99944,100,100057,100,99906,100,100069,100,99902,100,100071,100,99894,100
2019-06-28 09:36:00.378929498,99975,153,99974,153,100008,153,99970,153,100025,153,99967,153,100026,153,99961,253,100029,153,99953,153,100038,100,99946,100,100043,100,99944,100,100044,100,99906,100,100057,100,99902,100,100069,100,99894,100
2019-06-28 09:36:10.000000000,99975,367,99974,367,100008,100,99970,100,100025,100,99967,100,100026,100,99961,200,100029,100,99953,100,100038,100,99946,100,100043,100,99944,100,100044,100,99906,100,100057,100,99902,100,100069,100,99894,100
2019-06-28 09:36:20.000000000,99975,234,99974,234,100008,234,99970,234,100025,100,99967,100,100026,100,99961,200,100029,100,99953,100,100038,100,99946,100,100043,100,99944,100,100044,100,99906,100,100057,100,99902,100,100069,100,99894,100
2019-06-28 09:36:29.219229065,99975,134,99974,234,100008,234,99970,234,100025,100,99961,200,100026,100,99953,100,100029,100,99946,100,100038,100,99944,100,100043,100,99906,100,100044,100,99902,100,100057,100,99894,100,100069,100,99873,100
2019-06-28 09:36:30.000000000,100008,234,99974,234,100025,234,99970,234,100026,100,99961,200,100029,100,99953,100,100038,100,99946,100,100043,100,99944,100,100044,100,99906,100,100057,100,99902,100,100069,100,99894,100,100071,100,99873,100
2019-06-28 09:36:34.254442977,100008,134,99974,234,100025,234,99970,234,100026,100,99961,200,100029,100,99953,100,100038,100,99946,100,100043,100,99944,100,100044,100,99906,100,100057,100,99902,100,100069,100,99894,100,100071,100,99873,100
2019-06-28 09:36:38.149651389,100008,134,99974,134,100025,234,99970,234,100026,100,99961,200,100029,100,99953,100,100038,100,99946,100,100043,100,99944,100,100044,100,99906,100,100057,100,99902,100,100069,100,99894,100,100071,100,99873,100
2019-06-28 09:36:40.000000000,100025,191,99970,191,100026,188,99961,288,100029,188,99953,188,100038,100,99946,100,100043,100,99944,100,100044,100,99906,100,100057,100,99902,100,100069,100,99894,100,100071,100,99873,100,100073,100,99855,100
2019-06-28 09:36:50.000000000,100025,153,99970,153,100026,153,99961,253,100029,153,99953,153,100038,153,99946,153,100043,153,99944,153,100044,100,99906,100,100057,100,99902,100,100069,100,99894,100,100071,100,99873,100,100073,100,99855,100
2019-06-28 09:36:54.506922502,100025,53,99970,153,100026,153,99961,253,100029,153,99953,153,100038,153,99946,153,100043,153,99944,153,100044,100,99906,100,100057,100,99902,100,100069,100,99894,100,100071,100,99873,100,100073,100,99855,100
2019-06-28 09:37:00.000000000,100026,153,99970,153,100029,153,99961,253,100038,153,99953,153,100043,153,99946,153,100044,153,99944,153,100057,100,99906,100,100069,100,99902,100,100071,100,99894,100,100073,100,99873,100,100076,100,99855,100
2019-06-28 09:37:10.000000000,100026,367,99970,367,100029,100,99961,200,100038,100,99953,100,100043,100,99946,100,100044,100,99944,100,100057,100,99906,100,100069,100,99902,100,100071,100,99894,100,100073,100,99873,100,100076,100,99855,100
2019-06-28 09:37:20.000000000,100026,367,99970,367,100029,100,99961,200,100038,100,99953,100,100043,100,99946,100,100044,100,99944,100,100057,100,99906,100,100069,100,99902,100,100071,100,99894,100,100073,100,99873,100,100076,100,99855,100
2019-06-28 09:37:26.055230351,100026,367,99970,367,100029,100,99961,200,100038,100,99953,100,100043,100,99946,100,100044,100,99944,100,100057,100,99902,100,100069,100,99894,100,100071,100,99873,100,100073,100,99855,100,100076,100,99835,100
2019-06-28 09:37:30.000000000,100026,367,99970,367,100029,100,99961,200,100038,100,99953,100,100043,100,99946,100,100044,100,99944,100,100057,100,99902,100,100069,100,99894,100,100071,100,99873,100,100073,100,99855,100,100076,100,99835,100
2019-06-28 09:37:40.000000000,100026,234,99970,234,100029,234,99961,334,100038,100,99953,100,100043,100,99946,100,100044,100,99944,100,100057,100,99902,100,100069,100,99894,100,100071,100,99873,100,100073,100,99855,100,100076,100,99835,100
2019-06-28 09:37:48.131670151,100026,234,99970,234,100029,234,99961,334,100038,100,99953,100,100043,100,99946,100,100044,100,99944,100,100057,100,99902,100,100069,100,99894,100,100071,100,99873,100,100073,100,99855,100,100076,100,99835,100
2019-06-28 09:37:50.000000000,100026,153,99970,153,100029,153,99961,253,100038,153,99953,153,100043,153,99946,153,100044,153,99944,153,100057,100,99902,100,100069,100,99894,100,100071,100,99873,100,100073,100,99855,100,100076,100,99835,100
2019-06-28 09:38:00.000000000,100026,234,99970,234,100029,234,99961,334,100038,100,99953,100,100043,100,99946,100,100044,100,99944,100,100057,100,99902,100,100069,100,99894,100,100071,100,99873,100,100073,100,99855,100,100076,100,99835,100
2019-06-28 09:38:10.000000000,100026,367,99970,367,100029,100,99961,200,100038,100,99953,100,100043,100,99946,100,100044,100,99944,100,100057,100,99902,100,100069,100,99894,100,100071,100,99873,100,100073,100,99855,100,100076,100,99835,100
2019-06-28 09:38:20.000000000,100026,191,99970,191,100029,188,99961,288,100038,188,99953,188,100043,100,99946,100,100044,100,99944,100,100057,100,99902,100,100069,100,99894,100,100071,100,99873,100,100073,100,99855,100,100076,100,99835,100
2019-06-28 09:38:30.000000000,100026,234,99970,234,100029,234,99961,334,100038,100,99953,100,100043,100,99946,100,100044,100,99944,100,100057,100,99902,100,100069,100,99894,100,100071,100,99873,100,100073,100,99855,100,100076,100,99835,100
2019-06-28 09:38:40.000000000,100026,167,99970,167,100029,167,99961,267,100038,167,99953,167,100043,167,99946,167,100044,100,99944,100,100057,100,99902,100,100069,100,99894,100,100071,100,99873,100,100073,100,99855,100,100076,100,99835,100
2019-06-28 09:38:49.788571547,100007,100,99970,167,100026,167,99961,267,100029,167,99953,167,100038,167,99946,167,100043,167,99944,100,100044,100,99902,100,100057,100,99894,100,100069,100,99873,100,100071,100,99855,100,100073,100,99835,100
2019-06-28 09:38:50.000000000,100007,153,99970,153,100026,153,99961,253,100029,153,99953,153,100038,153,99946,153,100043,153,99944,153,100044,100,99902,100,100057,100,99894,100,100069,100,99873,100,100071,100,99855,100,100073,100,99835,100
2019-06-28 09:39:00.000000000,100007,153,99970,153,100026,153,99961,253,100029,153,99953,153,100038,153,99946,153,100043,153,99944,153,100044,100,99902,100,100057,100,99894,100,100069,100,99873,100,100071,100,99855,100,100073,100,99835,100
2019-06-28 09:39:10.000000000,100007,153,99970,153,100026,153,99961,253,100029,153,99953,153,100038,153,99946,153,100043,153,99944,153,100044,100,99902,100,100057,100,99894,100,100069,100,99873,100,100071,100,99855,100,100073,100,99835,100
2019-06-28 09:39:20.000000000,100007,167,99970,167,100026,167,99961,267,100029,167,99953,167,100038,167,99946,167,100043,100,99944,100,100044,100,99902,100,100057,100,99894,100,100069,100,99873,100,100071,100,99855,100,100073,100,99835,100
2019-06-28 09:39:30.000000000,100007,367,99970,367,100026,100,99961,200,100029,100,99953,100,100038,100,99946,100,100043,100,99944,100,100044,100,99902,100,100057,100,99894,100,100069,100,99873,100,100071,100,99855,100,100073,100,99835,100
2019-06-28 09:39:40.000000000,100007,191,99970,191,100026,188,99961,288,100029,188,99953,188,100038,100,99946,100,100043,100,99944,100,100044,100,99902,100,100057,100,99894,100,100069,100,99873,100,100071,100,99855,100,100073,100,99835,100
2019-06-28 09:39:41.392070726,100007,91,99970,191,100026,188,99961,288,100029,188,99953,188,100038,100,99946,100,100043,100,99944,100,100044,100,99902,100,100057,100,99894,100,100069,100,99873,100,100071,100,99855,100,100073,100,99835,100
2019-06-28 09:39:45.853470499,100026,188,100007,9,100029,188,99970,191,100038,100,99961,288,100043,100,99953,188,100044,100,99946,100,100057,100,99944,100,100069,100,99902,100,100073,100,99894,100,100076,100,99873,100,100092,100,99855,100
2019-06-28 09:39:50.000000000,100026,153,100007,62,100029,153,99970,153,100038,153,99961,253,100043,153,99953,153,100044,153,99946,153,100057,100,99944,100,100069,100,99902,100,100073,100,99894,100,100076,100,99873,100,100092,100,99855,100
2019-06-28 09:40:00.000000000,100026,153,100007,62,100029,153,99970,153,100038,153,99961,253,100043,153,99953,153,100044,153,99946,153,100057,100,99944,100,100069,100,99902,100,100073,100,99894,100,100076,100,99873,100,100092,100,99855,100
2019-06-28 09:40:10.000000000,100026,167,100007,76,100029,167,99970,167,100038,167,99961,267,100043,167,99953,167,100044,100,99946,100,100057,100,99944,100,100069,100,99902,100,100073,100,99894,100,100076,100,99873,100,100092,100,99855,100
2019-06-28 09:40:20.000000000,100026,234,100007,143,100029,234,99970,234,100038,100,99961,200,100043,100,99953,100,100044,100,99946,100,100057,100,99944,100,100069,100,99902,100,100073,100,99894,100,100076,100,99873,100,100092,100,99855,100
2019-06-28 09:40:30.000000000,100026,191,100007,100,100029,188,99970,188,100038,188,99961,288,100043,100,99953,100,100044,100,99946,100,100057,100,99944,100,100069,100,99902,100,100073,100,99894,100,100076,100,99873,100,100092,100,99855,100
2019-06-28 09:40:31.400000057,100026,191,100007,100,100029,188,99970,188,100038,188,99961,188,100043,100,99953,100,100044,100,99946,100,100057,100,99944,100,100069,100,99902,100,100073,100,99894,100,100076,100,99873,100,100092,100,99855,100
2019-06-28 09:40:38.548741864,100026,191,100007,100,100029,188,99970,188,100038,188,99961,188,100043,100,99953,100,100044,100,99946,100,100057,100,99944,100,100069,100,99902,100,100073,100,99894,100,100076,100,99873,100,100092,100,99855,100
2019-06-28 09:40:40.000000000,100026,191,100007,100,100029,188,99970,188,100038,188,99961,188,100043,100,99953,100,100044,100,99946,100,100057,100,99944,100,100069,100,99902,100,100073,100,99894,100,100076,100,99873,100,100092,100,99855,100
2019-06-28 09:40:50.000000000,100026,367,100007,276,100029,100,99970,100,100038,100,99961,100,100043,100,99953,100,100044,100,99946,100,100057,100,99944,100,100069,100,99902,100,100073,100,99894,100,100076,100,99873,100,100092,100,99855,100
2019-06-28 09:41:00.000000000,100026,367,100007,276,100029,100,99970,100,100038,100,99961,100,100043,100,99953,100,100044,100,99946,100,100057,100,99944,100,100069,100,99902,100,100073,100,99894,100,100076,100,99873,100,100092,100,99855,100
2019-06-28 09:41:10.000000000,100026,234,100007,143,100029,234,99970,234,100038,100,99961,100,100043,100,99953,100,100044,100,99946,100,100057,100,99944,100,100069,100,99902,100,100073,100,99894,100,100076,100,99873,100,100092,100,99855,100
2019-06-28 09:41:20.000000000,100026,167,100007,76,100029,167,99970,167,100038,167,99961,167,100043,167,99953,167,100044,100,99946,100,100057,100,99944,100,100069,100,99902,100,100073,100,99894,100,100076,100,99873,100,100092,100,99855,100
2019-06-28 09:41:30.000000000,100026,191,100007,100,100029,188,99970,188,100038,188,99961,188,100043,100,99953,100,100044,100,99946,100,100057,100,99944,100,100069,100,99902,100,100073,100,99894,100,100076,100,99873,100,100092,100,99855,100
2019-06-28 09:41:40.000000000,100026,167,100007,76,100029,167,99970,167,100038,167,99961,167,100043,167,99953,167,100044,100,99946,100,100057,100,99944,100,100069,100,99902,100,100073,100,99894,100,100076,100,99873,100,100092,100,99855,100
2019-06-28 09:41:50.000000000,100026,367,100007,276,100029,100,99970,100,100038,100,99961,100,100043,100,99953,100,100044,100,99946,100,100057,100,99944,100,100069,100,99902,100,100073,100,99894,100,100076,100,99873,100,100092,100,99855,100
2019-06-28 09:42:00.000000000,100026,367,100007,276,100029,100,99970,100,100038,100,99961,100,100043,100,99953,100,100044,100,99946,100,100057,100,99944,100,100069,100,99902,100,100073,100,99894,100,100076,100,99873,100,100092,100,99855,100
2019-06-28 09:42:02.928961468,100026,367,100007,276,100029,100,99970,100,100038,100,99961,100,100043,100,99953,100,100044,100,99946,100,100057,100,99944,100,100069,100,99902,100,100073,100,99894,100,100076,100,99877,100,100092,100,99873,100
2019-06-28 09:42:10.000000000,100026,167,100007,76,100029,167,99970,167,100038,167,99961,167,100043,167,99953,167,100044,100,99946,100,100057,100,99944,100,100069,100,99902,100,100073,100,99894,100,100076,100,99877,100,100092,100,99873,100
2019-06-28 09:42:16.571918123,100026,167,100007,76,100029,167,99970,167,100038,167,99961,167,100043,167,99953,167,100044,100,99946,100,100057,100,99944,100,100069,100,99931,100,100073,100,99902,100,100076,100,99894,100,100092,100,99877,100
2019-06-28 09:42:20.000000000,100026,234,100007,143,100029,234,99970,234,100038,100,99961,100,100043,100,99953,100,100044,100,99946,100,100057,100,99944,100,100069,100,99931,100,100073,100,99902,100,100076,100,99894,100,100092,100,99877,100
2019-06-28 09:42:30.000000000,100026,367,100007,276,100029,100,99970,100,100038,100,99961,100,100043,100,99953,100,100044,100,99946,100,100057,100,99944,100,100069,100,99931,100,100073,100,99902,100,100076,100,99894,100,100092,100,99877,100
2019-06-28 09:42:37.854861012,100026,367,100007,276,100029,100,99970,100,100038,100,99961,100,100043,100,99953,100,100044,100,99946,100,100057,100,99944,100,100064,100,99931,100,100069,100,99902,100,100073,100,99894,100,100076,100,99877,100
2019-06-28 09:42:38.077412327,100026,367,100014,100,100029,100,100007,276,100038,100,99970,100,100043,100,99961,100,100044,100,99953,100,100057,100,99946,100,100064,100,99944,100,100069,100,99931,100,100073,100,99902,100,100076,100,99894,100
2019-06-28 09:42:40.000000000,100026,153,100014,153,100029,153,100007,62,100038,153,99970,153,100043,153,99961,153,100044,153,99953,153,100057,100,99946,100,100064,100,99944,100,100069,100,99931,100,100073,100,99902,100,100076,100,99894,100
2019-06-28 09:42:46.733043421,100026,153,100014,53,100029,153,100007,62,100038,153,99970,153,100043,153,99961,153,100044,153,99953,153,100057,100,99946,100,100064,100,99944,100,100069,100,99931,100,100073,100,99902,100,100076,100,99894,100
2019-06-28 09:42:50.000000000,100026,234,100007,143,100029,234,99970,234,100038,100,99961,100,100043,100,99953,100,100044,100,99946,100,100057,100,99944,100,100064,100,99931,100,100069,100,99902,100,100073,100,99894,100,100076,100,99877,100
2019-06-28 09:42:56.850390350,100014,100,100007,143,100026,234,99970,234,100029,234,99961,100,100038,100,99953,100,100043,100,99946,100,100044,100,99944,100,100057,100,99931,100,100064,100,99902,100,100069,100,99894,100,100073,100,99877,100
2019-06-28 09:43:00.000000000,100014,234,100007,143,100026,234,99970,234,100029,100,99961,100,100038,100,99953,100,100043,100,99946,100,100044,100,99944,100,100057,100,99931,100,100064,100,99902,100,100069,100,99894,100,100073,100,99877,100
2019-06-28 09:43:00.605460803,100014,234,100007,143,100026,234,99970,234,100029,100,99961,100,100038,100,99953,100,100043,100,99946,100,100044,100,99944,100,100057,100,99931,100,100064,100,99902,100,100069,100,99894,100,100073,100,99877,100
2019-06-28 09:43:10.000000000,100014,167,100007,76,100026,167,99970,167,100029,167,99961,167,100038,167,99953,167,100043,100,99946,100,100044,100,99944,100,100057,100,99931,100,100064,100,99902,100,100069,100,99894,100,100073,100,99877,100
2019-06-28 09:43:20.000000000,100014,234,100007,143,100026,234,99970,234,100029,100,99961,100,100038,100,99953,100,100043,100,99946,100,100044,100,99944,100,100057,100,99931,100,100064,100,99902,100,100069,100,99894,100,100073,100,99877,100
2019-06-28 09:43:30.000000000,100014,234,100007,143,100026,234,99970,234,100029,100,99961,100,100038,100,99953,100,100043,100,99946,100,100044,100,99944,100,100057,100,99931,100,100064,100,99902,100,100069,100,99894,100,100073,100,99877,100
2019-06-28 09:43:31.411360931,100014,234,100007,43,100026,234,99970,234,100029,100,99961,100,100038,100,99953,100,100043,100,99946,100,100044,100,99944,100,100057,100,99931,100,100064,100,99902,100,100069,100,99894,100,100073,100,99877,100
2019-06-28 09:43:40.000000000,100014,367,99970,367,100026,100,99961,100,100029,100,99953,100,100038,100,99946,100,100043,100,99944,100,100044,100,99931,100,100057,100,99902,100,100064,100,99894,100,100069,100,99877,100,100073,100,99873,100
2019-06-28 09:43:50.000000000,100014,234,99970,234,100026,234,99961,234,100029,100,99953,100,100038,100,99946,100,100043,100,99944,100,100044,100,99931,100,100057,100,99902,100,100064,100,99894,100,100069,100,99877,100,100073,100,99873,100
2019-06-28 09:44:00.000000000,100014,153,99970,153,100026,153,99961,153,100029,153,99953,153,100038,153,99946,153,100043,153,99944,153,100044,100,99931,100,100057,100,99902,100,100064,100,99894,100,100069,100,99877,100,100073,100,99873,100
2019-06-28 09:44:01.610328035,100014,153,99970,153,100026,153,99961,153,100029,153,99953,153,100038,153,99946,153,100043,153,99944,153,100044,100,99931,100,100057,100,99894,100,100064,100,99877,100,100069,100,99873,100,100073,100,99855,100
2019-06-28 09:44:08.202571830,100014,153,99970,153,100026,153,99961,153,100029,153,99953,153,100038,153,99946,153,100043,153,99944,153,100044,100,99931,100,100057,100,99894,100,100064,100,99877,100,100069,100,99873,100,100073,100,99855,100
2019-06-28 09:44:10.000000000,100014,153,99970,153,100026,153,99961,153,100029,153,99953,153,100038,153,99946,153,100043,153,99944,153,100044,100,99931,100,100057,100,99894,100,100064,100,99877,100,100069,100,99873,100,100073,100,99855,100
2019-06-28 09:44:15.708318424,100014,153,99970,153,100026,153,99961,153,100029,153,99953,153,100038,153,99946,153,100043,153,99944,153,100044,100,99931,100,100057,100,99894,100,100064,100,99877,100,100069,100,99873,100,100073,100,99855,100
2019-06-28 09:44:19.746928197,100014,153,99970,153,100026,153,99961,153,100029,153,99953,153,100038,153,99946,153,100043,153,99944,53,100044,100,99931,100,100057,100,99921,100,100064,100,99894,100,100069,100,99877,100,100073,100,99873,100
2019-06-28 09:44:20.000000000,100014,367,99970,367,100026,100,99961,100,100029,100,99953,100,100038,100,99946,100,100043,100,99931,100,100044,100,99921,100,100057,100,99894,100,100064,100,99877,100,100069,100,99873,100,100073,100,99855,100
2019-06-28 09:44:30.000000000,100014,367,99970,367,100026,100,99961,100,100029,100,99953,100,100038,100,99946,100,100043,100,99931,100,100044,100,99921,100,100057,100,99894,100,100064,100,99877,100,100069,100,99873,100,100073,100,99855,100
2019-06-28 09:44:40.000000000,100014,367,99970,367,100026,100,99961,100,100029,100,99953,100,100038,100,99946,100,100043,100,99931,100,100044,100,99921,100,100057,100,99894,100,100064,100,99877,100,100069,100,99873,100,100073,100,99855,100
2019-06-28 09:44:41.058047887,100014,367,99970,367,100026,100,99961,100,100029,100,99953,100,100038,100,99946,100,100043,100,99931,100,100044,100,99921,100,100057,100,99894,100,100064,100,99873,100,100069,100,99855,100,100073,100,99835,100
2019-06-28 09:44:50.000000000,100014,153,99970,153,100026,153,99961,153,100029,153,99953,153,100038,153,99946,153,100043,153,99931,153,100044,100,99921,100,100057,100,99894,100,100064,100,99873,100,100069,100,99855,100,100073,100,99835,100
2019-06-28 09:44:50.269979452,100014,153,99970,153,100026,153,99961,153,100029,153,99953,153,100038,153,99946,153,100043,153,99931,153,100044,100,99921,100,100057,100,99894,100,100064,100,99873,100,100069,100,99855,100,100073,100,99835,100
2019-06-28 09:44:58.600578464,100013,100,99970,153,100014,153,99961,153,100026,153,99953,153,100029,153,99946,153,100038,153,99931,153,100043,153,99921,100,100044,100,99894,100,100057,100,99873,100,100064,100,99855,100,100069,100,99835,100
2019-06-28 09:45:00.000000000,100013,191,99970,191,100014,188,99961,188,100026,188,99953,188,100029,100,99946,100,100038,100,99931,100,100043,100,99921,100,100044,100,99894,100,100057,100,99873,100,100064,100,99855,100,100069,100,99835,100
2019-06-28 09:45:09.188017060,100013,91,99970,191,100014,188,99961,188,100026,188,99953,188,100029,100,99946,100,100038,100,99931,100,100043,100,99921,100,100044,100,99894,100,100057,100,99873,100,100064,100,99855,100,100069,100,99835,100
2019-06-28 09:45:10.000000000,100014,234,99970,234,100026,234,99961,234,100029,100,99953,100,100038,100,99946,100,100043,100,99931,100,100044,100,99921,100,100057,100,99894,100,100064,100,99873,100,100069,100,99855,100,100073,100,99835,100
2019-06-28 09:45:20.000000000,100014,153,99970,153,100026,153,99961,153,100029,153,99953,153,100038,153,99946,153,100043,153,99931,153,100044,100,99921,100,100057,100,99894,100,100064,100,99873,100,100069,100,99855,100,100073,100,99835,100
2019-06-28 09:45:30.000000000,100014,234,99970,234,100026,234,99961,234,100029,100,99953,100,100038,100,99946,100,100043,100,99931,100,100044,100,99921,100,100057,100,99894,100,100064,100,99873,100,100069,100,99855,100,100073,100,99835,100
2019-06-28 09:45:38.005733285,100014,234,99970,234,100026,234,99961,234,100029,100,99953,100,100038,100,99946,100,100043,100,99931,100,100044,100,99921,100,100057,100,99894,100,100064,100,99873,100,100069,100,99855,100,100073,100,99835,100
2019-06-28 09:45:38.027512164,100014,234,100008,100,100026,234,99970,234,100029,100,99961,234,100038,100,99953,100,100043,100,99946,100,100044,100,99931,100,100057,100,99921,100,100064,100,99894,100,100069,100,99873,100,100073,100,99855,100
2019-06-28 09:45:40.000000000,100014,167,100008,167,100026,167,99970,167,100029,167,99961,167,100038,167,99953,167,100043,100,99946,100,100044,100,99931,100,100057,100,99921,100,100064,100,99894,100,100069,100,99873,100,100073,100,99855,100
2019-06-28 09:45:46.389109000,100014,167,100008,167,100026,167,99970,167,100029,167,99961,167,100038,167,99953,167,100043,100,99931,100,100044,100,99921,100,100057,100,99894,100,100064,100,99873,100,100069,100,99855,100,100073,100,99835,100
2019-06-28 09:45:50.000000000,100014,191,100008,191,100026,188,99970,188,100029,188,99961,188,100038,100,99953,100,100043,100,99931,100,100044,100,99921,100,100057,100,99894,100,100064,100,99873,100,100069,100,99855,100,100073,100,99835,100
2019-06-28 09:46:00.000000000,100014,367,100008,367,100026,100,99970,100,100029,100,99961,100,100038,100,99953,100,100043,100,99931,100,100044,100,99921,100,100057,100,99894,100,100064,100,99873,100,100069,100,99855,100,100073,100,99835,100
2019-06-28 09:46:10.000000000,100014,153,100008,153,100026,153,99970,153,100029,153,99961,153,100038,153,99953,153,100043,153,99931,153,100044,100,99921,100,100057,100,99894,100,100064,100,99873,100,100069,100,99855,100,100073,100,99835,100
2019-06-28 09:46:11.991954437,100014,53,100008,153,100026,153,99970,153,100029,153,99961,153,100038,153,99953,153,100043,153,99931,153,100044,100,99921,100,100057,100,99894,100,100064,100,99873,100,100069,100,99855,100,100073,100,99835,100
2019-06-28 09:46:20.000000000,100026,167,100008,167,100029,167,99970,167,100038,167,99961,167,100043,167,99953,167,100044,100,99931,100,100057,100,99921,100,100064,100,99894,100,100069,100,99873,100,100073,100,99855,100,100080,100,99835,100
2019-06-28 09:46:28.885968109,100026,67,100008,167,100029,167,99970,167,100038,167,99961,167,100043,167,99953,167,100044,100,99931,100,100057,100,99921,100,100064,100,99894,100,100069,100,99873,100,100073,100,99855,100,100080,100,99835,100
2019-06-28 09:46:30.000000000,100029,234,100008,234,100038,234,99970,234,100043,100,99961,100,100044,100,99953,100,100057,100,99931,100,100064,100,99921,100,100069,100,99894,100,100073,100,99873,100,100080,100,99855,100,100092,100,99835,100
2019-06-28 09:46:31.537216091,100029,234,100008,234,100038,234,99970,234,100043,100,99961,100,100044,100,99953,100,100057,100,99931,100,100064,100,99921,100,100069,100,99894,100,100073,100,99873,100,100080,100,99855,100,100092,100,99835,100
2019-06-28 09:46:33.209956282,100029,234,100008,134,100038,234,99970,234,100043,100,99961,100,100044,100,99953,100,100057,100,99931,100,100064,100,99921,100,100069,100,99894,100,100073,100,99873,100,100080,100,99855,100,100092,100,99835,100
2019-06-28 09:46:40.000000000,100029,367,99970,367,100038,100,99961,100,100043,100,99953,100,100044,100,99931,100,100057,100,99921,100,100064,100,99894,100,100069,100,99873,100,100073,100,99855,100,100080,100,99835,100,100092,100,99773,100
2019-06-28 09:46:50.000000000,100029,153,99970,153,100038,153,99961,153,100043,153,99953,153,100044,153,99931,153,100057,153,99921,153,100064,100,99894,100,100069,100,99873,100,100073,100,99855,100,100080,100,99835,100,100092,100,99773,100
2019-06-28 09:46:51.536534461,100029,153,99970,153,100038,153,99961,153,100043,153,99953,153,100044,153,99931,153,100057,153,99921,153,100064,100,99894,100,100069,100,99873,100,100073,100,99855,100,100080,100,99835,100,100092,100,99773,100
2019-06-28 09:46:59.789552021,100029,153,100014,100,100038,153,99970,153,100043,153,99961,153,100044,153,99953,153,100057,153,99931,153,100064,100,99921,153,100069,100,99894,100,100073,100,99873,100,100080,100,99855,100,100092,100,99835,100
2019-06-28 09:47:00.000000000,100029,191,100014,191,100038,188,99970,188,100043,188,99961,188,100044,100,99953,100,100057,100,99931,100,100064,100,99921,100,100069,100,99894,100,100073,100,99873,100,100080,100,99855,100,100092,100,99835,100
2019-06-28 09:47:08.828911278,100029,191,100014,291,100038,188,99970,188,100043,188,99961,188,100044,100,99953,100,100057,100,99931,100,100064,100,99921,100,100069,100,99894,100,100073,100,99873,100,100080,100,99855,100,100092,100,99835,100
2019-06-28 09:47:10.000000000,100029,367,100014,467,100038,100,99970,100,100043,100,99961,100,100044,100,99953,100,100057,100,99931,100,100064,100,99921,100,100069,100,99894,100,100073,100,99873,100,100080,100,99855,100,100092,100,99835,100
2019-06-28 09:47:20.000000000,100029,191,100014,291,100038,188,99970,188,100043,188,99961,188,100044,100,99953,100,100057,100,99931,100,100064,100,99921,100,100069,100,99894,100,100073,100,99873,100,100080,100,99855,100,100092,100,99835,100
2019-06-28 09:47:24.704550664,100029,91,100014,291,100038,188,99970,188,100043,188,99961,188,100044,100,99953,100,100057,100,99931,100,100064,100,99921,100,100069,100,99894,100,100073,100,99873,100,100080,100,99855,100,100092,100,99835,100
2019-06-28 09:47:30.000000000,100038,367,100014,467,100043,100,99970,100,100044,100,99961,100,100057,100,99953,100,100064,100,99931,100,100069,100,99921,100,100073,100,99894,100,100080,100,99873,100,100092,100,99855,100,100094,100,99835,100
2019-06-28 09:47:40.000000000,100038,234,100014,334,100043,234,99970,234,100044,100,99961,100,100057,100,99953,100,100064,100,99931,100,100069,100,99921,100,100073,100,99894,100,100080,100,99873,100,100092,100,99855,100,100094,100,99835,100
2019-06-28 09:47:50.000000000,100038,367,100014,467,100043,100,99970,100,100044,100,99961,100,100057,100,99953,100,100064,100,99931,100,100069,100,99921,100,100073,100,99894,100,100080,100,99873,100,100092,100,99855,100,100094,100,99835,100
2019-06-28 09:47:56.754391807,100038,267,100014,467,100043,100,99970,100,100044,100,99961,100,100057,100,99953,100,100064,100,99931,100,100069,100,99921,100,100073,100,99894,100,100080,100,99873,100,100092,100,99855,100,100094,100,99835,100
2019-06-28 09:48:00.000000000,100043,234,100014,334,100044,234,99970,234,100057,100,99961,100,100064,100,99953,100,100069,100,99931,100,100073,100,99921,100,100080,100,99894,100,100092,100,99873,100,100094,100,99855,100,100117,100,99835,100
2019-06-28 09:48:10.000000000,100043,153,100014,253,100044,153,99970,153,100057,153,99961,153,100064,153,99953,153,100069,153,99931,153,100073,100,99921,100,100080,100,99894,100,100092,100,99873,100,100094,100,99855,100,100117,100,99835,100
2019-06-28 09:48:11.749536954,100043,153,100029,100,100044,153,100014,253,100057,153,99970,153,100064,153,99961,153,100069,153,99953,153,100073,100,99931,153,100080,100,99921,100,100092,100,99894,100,100094,100,99873,100,100117,100,99855,100
2019-06-28 09:48:15.286794644,100043,53,100029,100,100044,153,100014,253,100057,153,99970,153,100064,153,99961,153,100069,153,99953,153,100073,100,99931,153,100080,100,99921,100,100092,100,99894,100,100094,100,99873,100,100117,100,99855,100
2019-06-28 09:48:16.267436068,100044,153,100043,47,100057,153,100029,100,100064,153,100014,253,100069,153,99970,153,100073,100,99961,53,100080,100,99953,153,100092,100,99931,153,100094,100,99921,100,100117,100,99894,100,100158,100,99873,100
2019-06-28 09:48:20.000000000,100044,153,100043,100,100057,153,100029,153,100064,153,100014,253,100069,153,99970,153,100073,153,99953,153,100080,100,99931,100,100092,100,99921,100,100094,100,99894,100,100117,100,99873,100,100158,100,99855,100
2019-06-28 09:48:30.000000000,100044,191,100043,138,100057,188,100029,188,100064,188,100014,288,100069,100,99970,100,100073,100,99953,100,100080,100,99931,100,100092,100,99921,100,100094,100,99894,100,100117,100,99873,100,100158,100,99855,100
2019-06-28 09:48:32.691852159,100044,191,100043,238,100057,188,100029,188,100064,188,100014,288,100069,100,99970,100,100073,100,99953,100,100080,100,99931,100,100092,100,99921,100,100094,100,99894,100,100117,100,99873,100,100158,100,99855,100
2019-06-28 09:48:40.000000000,100044,167,100043,214,100057,167,100029,167,100064,167,100014,267,100069,167,99970,167,100073,100,99953,100,100080,100,99931,100,100092,100,99921,100,100094,100,99894,100,100117,100,99873,100,100158,100,99855,100
2019-06-28 09:48:50.000000000,100044,167,100043,214,100057,167,100029,167,100064,167,100014,267,100069,167,99970,167,100073,100,99953,100,100080,100,99931,100,100092,100,99921,100,100094,100,99894,100,100117,100,99873,100,100158,100,99855,100
2019-06-28 09:49:00.000000000,100044,153,100043,200,100057,153,100029,153,100064,153,100014,253,100069,153,99970,153,100073,153,99953,153,100080,100,99931,100,100092,100,99921,100,100094,100,99894,100,100117,100,99873,100,100158,100,99855,100
2019-06-28 09:49:10.000000000,100044,153,100043,200,100057,153,100029,153,100064,153,100014,253,100069,153,99970,153,100073,153,99953,153,100080,100,99931,100,100092,100,99921,100,100094,100,99894,100,100117,100,99873,100,100158,100,99855,100
2019-06-28 09:49:19.967536351,100044,153,100043,300,100057,153,100029,153,100064,153,100014,253,100069,153,99970,153,100073,153,99953,153,100080,100,99931,100,100092,100,99921,100,100094,100,99894,100,100117,100,99873,100,100158,100,99855,100
2019-06-28 09:49:20.000000000,100044,153,100043,300,100057,153,100029,153,100064,153,100014,253,100069,153,99970,153,100073,153,99953,153,100080,100,99931,100,100092,100,99921,100,100094,100,99894,100,100117,100,99873,100,100158,100,99855,100
2019-06-28 09:49:27.152074376,100044,53,100043,300,100057,153,100029,153,100064,153,100014,253,100069,153,99970,153,100073,153,99953,153,100080,100,99931,100,100092,100,99921,100,100094,100,99894,100,100117,100,99873,100,100158,100,99855,100
2019-06-28 09:49:30.000000000,100057,153,100043,300,100064,153,100029,153,100069,153,100014,253,100073,153,99970,153,100080,153,99953,153,100092,100,99931,100,100094,100,99921,100,100117,100,99894,100,100158,100,99873,100,100180,100,99855,100
2019-06-28 09:49:38.259686352,100057,153,100044,100,100064,153,100043,300,100069,153,100029,153,100073,153,100014,253,100080,153,99970,153,100092,100,99953,153,100094,100,99931,100,100117,100,99921,100,100158,100,99894,100,100180,100,99873,100
2019-06-28 09:49:40.000000000,100057,153,100044,153,100064,153,100043,300,100069,153,100029,153,100073,153,100014,253,100080,153,99970,153,100092,100,99953,100,100094,100,99931,100,100117,100,99921,100,100158,100,99894,100,100180,100,99873,100
2019-06-28 09:49:50.000000000,100057,234,100044,234,100064,234,100043,381,100069,100,100029,100,100073,100,100014,200,100080,100,99970,100,100092,100,99953,100,100094,100,99931,100,100117,100,99921,100,100158,100,99894,100,100180,100,99873,100
2019-06-28 09:50:00.000000000,100057,234,100044,234,100064,234,100043,381,100069,100,100029,100,100073,100,100014,200,100080,100,99970,100,100092,100,99953,100,100094,100,99931,100,100117,100,99921,100,100158,100,99894,100,100180,100,99873,100
2019-06-28 09:50:10.000000000,100057,191,100044,191,100064,188,100043,335,100069,188,100029,188,100073,100,100014,200,100080,100,99970,100,100092,100,99953,100,100094,100,99931,100,100117,100,99921,100,100158,100,99894,100,100180,100,99873,100
2019-06-28 09:50:20.000000000,100057,167,100044,167,100064,167,100043,314,100069,167,100029,167,100073,167,100014,267,100080,100,99970,100,100092,100,99953,100,100094,100,99931,100,100117,100,99921,100,100158,100,99894,100,100180,100,99873,100
2019-06-28 09:50:24.733825290,100057,167,100044,167,100064,167,100043,314,100069,167,100029,167,100073,167,100014,267,100080,100,99970,100,100092,100,99953,100,100094,100,99931,100,100117,100,99921,100,100158,100,99894,100,100180,100,99873,100
2019-06-28 09:50:29.785522989,100057,67,100044,167,100064,167,100043,314,100069,167,100029,167,100073,167,100014,267,100080,100,99970,100,100092,100,99953,100,100094,100,99931,100,100117,100,99921,100,100158,100,99894,100,100180,100,99873,100
2019-06-28 09:50:30.000000000,100064,153,100044,153,100069,153,100043,300,100073,153,100029,153,100080,153,100014,253,100092,153,99970,153,100094,100,99953,100,100117,100,99931,100,100158,100,99921,100,100180,100,99894,100,100423,100,99873,100
2019-06-28 09:50:30.476740585,100064,53,100044,153,100069,153,100043,300,100073,153,100029,153,100080,153,100014,253,100092,153,99970,153,100094,100,99953,100,100117,100,99931,100,100158,100,99921,100,100180,100,99894,100,100423,100,99873,100
2019-06-28 09:50:40.000000000,100069,191,100044,191,100073,188,100043,335,100080,188,100029,188,100092,100,100014,200,100094,100,99970,100,100117,100,99953,100,100158,100,99931,100,100180,100,99921,100,100423,100,99894,100,100763,100,99873,100
2019-06-28 09:50:48.861512608,100069,191,100057,100,100073,188,100044,191,100080,188,100043,335,100092,100,100029,188,100094,100,100014,200,100117,100,99970,100,100158,100,99953,100,100180,100,99931,100,100423,100,99921,100,100763,100,99894,100
2019-06-28 09:50:50.000000000,100069,367,100057,367,100073,100,100044,100,100080,100,100043,247,100092,100,100029,100,100094,100,100014,200,100117,100,99970,100,100158,100,99953,100,100180,100,99931,100,100423,100,99921,100,100763,100,99894,100
2019-06-28 09:51:00.000000000,100069,167,100057,167,100073,167,100044,167,100080,167,100043,314,100092,167,100029,167,100094,100,100014,200,100117,100,99970,100,100158,100,99953,100,100180,100,99931,100,100423,100,99921,100,100763,100,99894,100
2019-06-28 09:51:10.000000000,100069,167,100057,167,100073,167,100044,167,100080,167,100043,314,100092,167,100029,167,100094,100,100014,200,100117,100,99970,100,100158,100,99953,100,100180,100,99931,100,100423,100,99921,100,100763,100,99894,100
2019-06-28 09:51:12.899095702,100069,167,100057,167,100073,167,100044,167,100080,167,100043,314,100092,167,100029,167,100094,100,100014,200,100117,100,99970,100,100158,100,99953,100,100180,100,99931,100,100423,100,99921,100,100763,100,99894,100
2019-06-28 09:51:20.000000000,100069,234,100057,234,100073,234,100044,234,100080,100,100043,247,100092,100,100029,100,100094,100,100014,200,100117,100,99970,100,100158,100,99953,100,100180,100,99931,100,100423,100,99921,100,100763,100,99894,100
2019-06-28 09:51:22.423592958,100069,134,100057,234,100073,234,100044,234,100080,100,100043,247,100092,100,100029,100,100094,100,100014,200,100117,100,99970,100,100158,100,99953,100,100180,100,99931,100,100423,100,99921,100,100763,100,99894,100
2019-06-28 09:51:28.336511307,100069,134,100057,134,100073,234,100044,234,100080,100,100043,247,100092,100,100029,100,100094,100,100014,200,100117,100,99970,100,100158,100,99953,100,100180,100,99931,100,100423,100,99921,100,100763,100,99894,100
2019-06-28 09:51:30.000000000,100073,367,100044,367,100080,100,100043,247,100092,100,100029,100,100094,100,100014,200,100117,100,99970,100,100158,100,99953,100,100180,100,99931,100,100423,100,99921,100,100763,100,99894,100,100953,100,99873,100
2019-06-28 09:51:38.651336771,100073,367,100044,367,100080,100,100043,247,100092,100,100029,100,100094,100,100014,200,100117,100,99970,100,100158,100,99953,100,100180,100,99931,100,100423,100,99921,100,100953,100,99894,100,101156,100,99873,100
2019-06-28 09:51:40.000000000,100073,234,100044,234,100080,234,100043,381,100092,100,100029,100,100094,100,100014,200,100117,100,99970,100,100158,100,99953,100,100180,100,99931,100,100423,100,99921,100,100953,100,99894,100,101156,100,99873,100
2019-06-28 09:51:50.000000000,100073,167,100044,167,100080,167,100043,314,100092,167,100029,167,100094,167,100014,267,100117,100,99970,100,100158,100,99953,100,100180,100,99931,100,100423,100,99921,100,100953,100,99894,100,101156,100,99873,100
2019-06-28 09:51:51.974985268,100073,67,100044,167,100080,167,100043,314,100092,167,100029,167,100094,167,100014,267,100117,100,99970,100,100158,100,99931,100,100180,100,99921,100,100423,100,99894,100,100953,100,99873,100,101156,100,99855,100
2019-06-28 09:52:00.000000000,100080,367,100044,367,100092,100,100043,247,100094,100,100029,100,100117,100,100014,200,100158,100,99970,100,100180,100,99931,100,100423,100,99921,100,100953,100,99894,100,101156,100,99873,100,101194,100,99855,100
2019-06-28 09:52:03.411463924,100080,367,100044,367,100092,100,100043,247,100094,100,100029,100,100117,100,100014,200,100158,100,99970,100,100180,100,99931,100,100423,100,99921,100,100870,100,99894,100,100953,100,99873,100,101156,100,99855,100
2019-06-28 09:52:10.000000000,100080,191,100044,191,100092,188,100043,335,100094,188,100029,188,100117,100,100014,200,100158,100,99970,100,100180,100,99931,100,100423,100,99921,100,100870,100,99894,100,100953,100,99873,100,101156,100,99855,100
2019-06-28 09:52:20.000000000,100080,367,100044,367,100092,100,100043,247,100094,100,100029,100,100117,100,100014,200,100158,100,99970,100,100180,100,99931,100,100423,100,99921,100,100870,100,99894,100,100953,100,99873,100,101156,100,99855,100
2019-06-28 09:52:30.000000000,100080,153,100044,153,100092,153,100043,300,100094,153,100029,153,100117,153,100014,253,100158,153,99970,153,100180,100,99931,100,100423,100,99921,100,100870,100,99894,100,100953,100,99873,100,101156,100,99855,100
2019-06-28 09:52:36.877119995,100080,153,100044,153,100092,153,100043,300,100094,153,100029,153,100117,153,100014,253,100158,153,99970,153,100180,100,99931,100,100423,100,99921,100,100870,100,99894,100,100953,100,99873,100,101078,100,99855,100
2019-06-28 09:52:40.000000000,100080,153,100044,153,100092,153,100043,300,100094,153,100029,153,100117,153,100014,253,100158,153,99970,153,100180,100,99931,100,100423,100,99921,100,100870,100,99894,100,100953,100,99873,100,101078,100,99855,100
2019-06-28 09:52:40.587529655,100080,153,100069,100,100092,153,100044,153,100094,153,100043,300,100117,153,100029,153,100158,153,100014,253,100180,100,99970,153,100423,100,99931,100,100870,100,99921,100,100953,100,99894,100,101078,100,99873,100
2019-06-28 09:52:49.414812006,100080,153,100069,100,100092,153,100044,153,100094,153,100043,300,100117,153,100029,53,100158,153,100014,253,100180,100,99970,153,100423,100,99931,100,100870,100,99921,100,100953,100,99894,100,101078,100,99873,100
2019-06-28 09:52:50.000000000,100080,167,100069,167,100092,167,100044,167,100094,167,100043,314,100117,167,100014,267,100158,100,99970,100,100180,100,99931,100,100423,100,99921,100,100870,100,99894,100,100953,100,99873,100,101078,100,99855,100
2019-06-28 09:53:00.000000000,100080,191,100069,191,100092,188,100044,188,100094,188,100043,335,100117,100,100014,200,100158,100,99970,100,100180,100,99931,100,100423,100,99921,100,100870,100,99894,100,100953,100,99873,100,101078,100,99855,100
2019-06-28 09:53:10.000000000,100080,191,100069,191,100092,188,100044,188,100094,188,100043,335,100117,100,100014,200,100158,100,99970,100,100180,100,99931,100,100423,100,99921,100,100870,100,99894,100,100953,100,99873,100,101078,100,99855,100
2019-06-28 09:53:20.000000000,100080,167,100069,167,100092,167,100044,167,100094,167,100043,314,100117,167,100014,267,100158,100,99970,100,100180,100,99931,100,100423,100,99921,100,100870,100,99894,100,100953,100,99873,100,101078,100,99855,100
2019-06-28 09:53:30.000000000,100080,234,100069,234,100092,234,100044,234,100094,100,100043,247,100117,100,100014,200,100158,100,99970,100,100180,100,99931,100,100423,100,99921,100,100870,100,99894,100,100953,100,99873,100,101078,100,99855,100
2019-06-28 09:53:40.000000000,100080,191,100069,191,100092,188,100044,188,100094,188,100043,335,100117,100,100014,200,100158,100,99970,100,100180,100,99931,100,100423,100,99921,100,100870,100,99894,100,100953,100,99873,100,101078,100,99855,100
2019-06-28 09:53:50.000000000,100080,191,100069,191,100092,188,100044,188,100094,188,100043,335,100117,100,100014,200,100158,100,99970,100,100180,100,99931,100,100423,100,99921,100,100870,100,99894,100,100953,100,99873,100,101078,100,99855,100
2019-06-28 09:54:00.000000000,100080,167,100069,167,100092,167,100044,167,100094,167,100043,314,100117,167,100014,267,100158,100,99970,100,100180,100,99931,100,100423,100,99921,100,100870,100,99894,100,100953,100,99873,100,101078,100,99855,100
2019-06-28 09:54:02.168851458,100080,67,100069,167,100092,167,100044,167,100094,167,100043,314,100117,167,100014,267,100158,100,99970,100,100180,100,99931,100,100423,100,99921,100,100870,100,99894,100,100953,100,99873,100,101078,100,99855,100
2019-06-28 09:54:10.000000000,100092,167,100069,167,100094,167,100044,167,100117,167,100043,314,100158,167,100014,267,100180,100,99970,100,100423,100,99931,100,100870,100,99921,100,100953,100,99894,100,101078,100,99873,100,101156,100,99855,100
2019-06-28 09:54:20.000000000,100092,367,100069,367,100094,100,100044,100,100117,100,100043,247,100158,100,100014,200,100180,100,99970,100,100423,100,99931,100,100870,100,99921,100,100953,100,99894,100,101078,100,99873,100,101156,100,99855,100
2019-06-28 09:54:26.208920586,100092,267,100069,367,100094,100,100044,100,100117,100,100043,247,100158,100,100014,200,100180,100,99970,100,100423,100,99931,100,100870,100,99921,100,100953,100,99894,100,101078,100,99873,100,101156,100,99855,100
2019-06-28 09:54:26.737861800,100092,267,100069,367,100094,100,100044,100,100117,100,100043,247,100158,100,100014,200,100180,100,99970,100,100423,100,99931,100,100870,100,99921,100,100953,100,99894,100,101078,100,99873,100,101079,100,99855,100
2019-06-28 09:54:30.000000000,100094,153,100069,153,100117,153,100044,153,100158,153,100043,300,100180,153,100014,253,100423,153,99970,153,100870,100,99931,100,100953,100,99921,100,101078,100,99894,100,101079,100,99873,100,101156,100,99855,100
2019-06-28 09:54:37.251373034,100094,153,100069,153,100117,153,100044,153,100158,153,100043,300,100180,153,100014,253,100423,153,99970,153,100870,100,99931,100,100953,100,99921,100,101078,100,99894,100,101079,100,99873,100,101156,100,99855,100
2019-06-28 09:54:39.378584553,100094,153,100080,100,100117,153,100069,153,100158,153,100044,153,100180,153,100043,300,100423,153,100014,253,100870,100,99970,153,100953,100,99931,100,101078,100,99921,100,101079,100,99894,100,101156,100,99873,100
2019-06-28 09:54:40.000000000,100094,167,100080,167,100117,167,100069,167,100158,167,100044,167,100180,167,100043,314,100423,100,100014,200,100870,100,99970,100,100953,100,99931,100,101078,100,99921,100,101079,100,99894,100,101156,100,99873,100
2019-06-28 09:54:50.000000000,100094,234,100080,234,100117,234,100069,234,100158,100,100044,100,100180,100,100043,247,100423,100,100014,200,100870,100,99970,100,100953,100,99931,100,101078,100,99921,100,101079,100,99894,100,101156,100,99873,100
2019-06-28 09:55:00.000000000,100094,234,100080,234,100117,234,100069,234,100158,100,100044,100,100180,100,100043,247,100423,100,100014,200,100870,100,99970,100,100953,100,99931,100,101078,100,99921,100,101079,100,99894,100,101156,100,99873,100
2019-06-28 09:55:10.000000000,100094,367,100080,367,100117,100,100069,100,100158,100,100044,100,100180,100,100043,247,100423,100,100014,200,100870,100,99970,100,100953,100,99931,100,101078,100,99921,100,101079,100,99894,100,101156,100,99873,100
2019-06-28 09:55:14.991727637,100094,267,100080,367,100117,100,100069,100,100158,100,100044,100,100180,100,100043,247,100423,100,100014,200,100870,100,99970,100,100953,100,99931,100,101078,100,99894,100,101079,100,99873,100,101156,100,99855,100
2019-06-28 09:55:16.191887050,100094,167,100080,367,100117,100,100069,100,100158,100,100044,100,100180,100,100043,247,100423,100,100014,200,100870,100,99970,100,100953,100,99931,100,101078,100,99894,100,101079,100,99873,100,101156,100,99855,100
2019-06-28 09:55:20.000000000,100117,367,100080,367,100158,100,100069,100,100180,100,100044,100,100423,100,100043,247,100870,100,100014,200,100953,100,99970,100,101078,100,99931,100,101079,100,99894,100,101156,100,99873,100,101194,100,99855,100
2019-06-28 09:55:22.770170062,100117,367,100080,367,100158,100,100069,100,100180,100,100044,100,100423,100,100043,247,100870,100,100014,200,100953,100,99970,100,101078,100,99931,100,101079,100,99894,100,101194,100,99873,100,101377,100,99855,100
2019-06-28 09:55:30.000000000,100117,191,100080,191,100158,188,100069,188,100180,188,100044,188,100423,100,100043,247,100870,100,100014,200,100953,100,99970,100,101078,100,99931,100,101079,100,99894,100,101194,100,99873,100,101377,100,99855,100
2019-06-28 09:55:40.000000000,100117,153,100080,153,100158,153,100069,153,100180,153,100044,153,100423,153,100043,300,100870,153,100014,253,100953,100,99970,100,101078,100,99931,100,101079,100,99894,100,101194,100,99873,100,101377,100,99855,100
2019-06-28 09:55:40.733749494,100117,153,100094,100,100158,153,100080,153,100180,153,100069,153,100423,153,100044,153,100870,153,100043,300,100953,100,100014,253,101078,100,99970,100,101079,100,99931,100,101194,100,99894,100,101377,100,99873,100
2019-06-28 09:55:42.957304304,100117,153,100094,100,100158,153,100080,153,100180,153,100069,153,100423,153,100044,153,100870,153,100043,300,100953,100,100014,253,101078,100,99970,100,101079,100,99931,100,101194,100,99894,100,101377,100,99873,100
2019-06-28 09:55:50.000000000,100117,167,100094,167,100158,167,100080,167,100180,167,100069,167,100423,167,100044,167,100870,100,100043,247,100953,100,100014,200,101078,100,99970,100,101079,100,99931,100,101194,100,99894,100,101377,100,99873,100
2019-06-28 09:56:00.000000000,100117,191,100094,191,100158,188,100080,188,100180,188,100069,188,100423,100,100044,100,100870,100,100043,247,100953,100,100014,200,101078,100,99970,100,101079,100,99931,100,101194,100,99894,100,101377,100,99873,100
2019-06-28 09:56:10.000000000,100117,234,100094,234,100158,234,100080,234,100180,100,100069,100,100423,100,100044,100,100870,100,100043,247,100953,100,100014,200,101078,100,99970,100,101079,100,99931,100,101194,100,99894,100,101377,100,99873,100
2019-06-28 09:56:20.000000000,100117,167,100094,167,100158,167,100080,167,100180,167,100069,167,100423,167,100044,167,100870,100,100043,247,100953,100,100014,200,101078,100,99970,100,101079,100,99931,100,101194,100,99894,100,101377,100,99873,100
2019-06-28 09:56:30.000000000,100117,153,100094,153,100158,153,100080,153,100180,153,100069,153,100423,153,100044,153,100870,153,100043,300,100953,100,100014,200,101078,100,99970,100,101079,100,99931,100,101194,100,99894,100,101377,100,99873,100
2019-06-28 09:56:40.000000000,100117,234,100094,234,100158,234,100080,234,100180,100,100069,100,100423,100,100044,100,100870,100,100043,247,100953,100,100014,200,101078,100,99970,100,101079,100,99931,100,101194,100,99894,100,101377,100,99873,100
2019-06-28 09:56:50.000000000,100117,234,100094,234,100158,234,100080,234,100180,100,100069,100,100423,100,100044,100,100870,100,100043,247,100953,100,100014,200,101078,100,99970,100,101079,100,99931,100,101194,100,99894,100,101377,100,99873,100
2019-06-28 09:56:58.710434211,100117,234,100094,234,100158,234,100080,234,100180,100,100069,100,100423,100,100044,100,100870,100,100043,247,100953,100,100014,200,101045,100,99970,100,101078,100,99931,100,101079,100,99894,100,101194,100,99873,100
2019-06-28 09:57:00.000000000,100117,234,100094,234,100158,234,100080,234,100180,100,100069,100,100423,100,100044,100,100870,100,100043,247,100953,100,100014,200,101045,100,99970,100,101078,100,99931,100,101079,100,99894,100,101194,100,99873,100
2019-06-28 09:57:05.085851960,100117,234,100094,334,100158,234,100080,234,100180,100,100069,100,100423,100,100044,100,100870,100,100043,147,100953,100,100014,200,101045,100,99970,100,101078,100,99931,100,101079,100,99894,100,101194,100,99873,100
2019-06-28 09:57:10.000000000,100117,234,100094,334,100158,234,100080,234,100180,100,100069,100,100423,100,100044,100,100870,100,100043,147,100953,100,100014,200,101045,100,99970,100,101078,100,99931,100,101079,100,99894,100,101194,100,99873,100
2019-06-28 09:57:20.000000000,100117,153,100094,253,100158,153,100080,153,100180,153,100069,153,100423,153,100044,153,100870,153,100043,200,100953,100,100014,200,101045,100,99970,100,101078,100,99931,100,101079,100,99894,100,101194,100,99873,100
2019-06-28 09:57:28.264969164,100117,153,100094,353,100158,153,100080,153,100180,153,100069,153,100423,153,100044,153,100870,153,100043,200,100953,100,100014,200,101045,100,99970,100,101078,100,99931,100,101079,100,99894,100,101194,100,99873,100
2019-06-28 09:57:30.000000000,100117,367,100094,567,100158,100,100080,100,100180,100,100069,100,100423,100,100044,100,100870,100,100043,147,100953,100,100014,200,101045,100,99970,100,101078,100,99931,100,101079,100,99894,100,101194,100,99873,100
2019-06-28 09:57:31.752755112,100117,267,100094,567,100158,100,100080,100,100180,100,100069,100,100423,100,100044,100,100856,100,100043,147,100870,100,100014,200,100953,100,99970,100,101045,100,99931,100,101078,100,99894,100,101079,100,99873,100
2019-06-28 09:57:32.897021371,100117,267,100094,567,100158,100,100080,100,100180,100,100069,100,100423,100,100044,100,100842,100,100043,147,100856,100,100014,200,100870,100,99970,100,100953,100,99931,100,101045,100,99894,100,101078,100,99873,100
2019-06-28 09:57:40.000000000,100158,367,100094,567,100180,100,100080,100,100423,100,100069,100,100842,100,100044,100,100856,100,100043,147,100870,100,100014,200,100953,100,99970,100,101045,100,99931,100,101078,100,99894,100,101079,100,99873,100
2019-06-28 09:57:50.000000000,100158,367,100094,567,100180,100,100080,100,100423,100,100069,100,100842,100,100044,100,100856,100,100043,147,100870,100,100014,200,100953,100,99970,100,101045,100,99931,100,101078,100,99894,100,101079,100,99873,100
2019-06-28 09:58:00.000000000,100158,191,100094,391,100180,188,100080,188,100423,188,100069,188,100842,100,100044,100,100856,100,100043,147,100870,100,100014,200,100953,100,99970,100,101045,100,99931,100,101078,100,99894,100,101079,100,99873,100
2019-06-28 09:58:02.948751529,100158,191,100094,491,100180,188,100080,188,100423,188,100069,188,100842,100,100044,100,100856,100,100043,147,100870,100,100014,200,100953,100,99970,100,101045,100,99931,100,101078,100,99894,100,101079,100,99873,100
2019-06-28 09:58:10.000000000,100158,367,100094,667,100180,100,100080,100,100423,100,100069,100,100842,100,100044,100,100856,100,100043,147,100870,100,100014,200,100953,100,99970,100,101045,100,99931,100,101078,100,99894,100,101079,100,99873,100
2019-06-28 09:58:10.965183369,100158,267,100094,667,100180,100,100080,100,100423,100,100069,100,100842,100,100044,100,100856,100,100043,147,100870,100,100014,200,100953,100,99970,100,101045,100,99931,100,101078,100,99873,100,101079,100,99855,100
2019-06-28 09:58:14.480559817,100158,167,100094,667,100180,100,100080,100,100423,100,100069,100,100842,100,100044,100,100856,100,100043,147,100870,100,100014,200,100953,100,99970,100,101045,100,99931,100,101078,100,99873,100,101194,100,99855,100
2019-06-28 09:58:20.000000000,100180,234,100094,534,100423,234,100080,234,100842,100,100069,100,100856,100,100044,100,100870,100,100043,147,100953,100,100014,200,101045,100,99970,100,101078,100,99931,100,101194,100,99873,100,101377,100,99855,100
2019-06-28 09:58:21.845390911,100180,234,100117,100,100423,234,100094,534,100842,100,100080,234,100856,100,100069,100,100870,100,100044,100,100953,100,100043,147,101045,100,100014,200,101078,100,99970,100,101194,100,99931,100,101377,100,99873,100
2019-06-28 09:58:30.000000000,100180,153,100117,153,100423,153,100094,453,100842,153,100080,153,100856,153,100069,153,100870,153,100044,153,100953,100,100043,147,101045,100,100014,200,101078,100,99970,100,101194,100,99931,100,101377,100,99873,100
2019-06-28 09:58:36.003753031,100180,153,100117,153,100423,153,100094,453,100718,100,100080,153,100842,153,100069,153,100856,153,100044,153,100870,153,100043,147,100953,100,100014,200,101045,100,99970,100,101078,100,99931,100,101194,100,99873,100
2019-06-28 09:58:38.417478011,100180,53,100117,153,100423,153,100094,453,100718,100,100080,153,100842,153,100069,153,100856,153,100044,153,100870,153,100043,147,100953,100,100014,200,101045,100,99931,100,101078,100,99873,100,101194,100,99855,100
2019-06-28 09:58:40.000000000,100423,191,100117,191,100718,188,100094,488,100842,188,100080,188,100856,100,100069,100,100870,100,100044,100,100953,100,100043,147,101045,100,100014,200,101078,100,99931,100,101194,100,99873,100,101377,100,99855,100
2019-06-28 09:58:50.000000000,100423,367,100117,367,100718,100,100094,400,100842,100,100080,100,100856,100,100069,100,100870,100,100044,100,100953,100,100043,147,101045,100,100014,200,101078,100,99931,100,101194,100,99873,100,101377,100,99855,100
2019-06-28 09:59:00.000000000,100423,191,100117,191,100718,188,100094,488,100842,188,100080,188,100856,100,100069,100,100870,100,100044,100,100953,100,100043,147,101045,100,100014,200,101078,100,99931,100,101194,100,99873,100,101377,100,99855,100
2019-06-28 09:59:10.000000000,100423,367,100117,367,100718,100,100094,400,100842,100,100080,100,100856,100,100069,100,100870,100,100044,100,100953,100,100043,147,101045,100,100014,200,101078,100,99931,100,101194,100,99873,100,101377,100,99855,100
2019-06-28 09:59:20.000000000,100423,367,100117,367,100718,100,100094,400,100842,100,100080,100,100856,100,100069,100,100870,100,100044,100,100953,100,100043,147,101045,100,100014,200,101078,100,99931,100,101194,100,99873,100,101377,100,99855,100
2019-06-28 09:59:30.000000000,100423,167,100117,167,100718,167,100094,467,100842,167,100080,167,100856,167,100069,167,100870,100,100044,100,100953,100,100043,147,101045,100,100014,200,101078,100,99931,100,101194,100,99873,100,101377,100,99855,100
2019-06-28 09:59:30.166076492,100423,167,100117,167,100718,167,100094,467,100842,167,100080,167,100856,167,100069,167,100870,100,100044,100,100953,100,100043,147,101045,100,100014,200,101049,100,99931,100,101078,100,99873,100,101194,100,99855,100
2019-06-28 09:59:40.000000000,100423,191,100117,191,100718,188,100094,488,100842,188,100080,188,100856,100,100069,100,100870,100,100044,100,100953,100,100043,147,101045,100,100014,200,101049,100,99931,100,101078,100,99873,100,101194,100,99855,100
2019-06-28 09:59:48.463144735,100423,91,100117,191,100718,188,100094,488,100842,188,100080,188,100856,100,100069,100,100870,100,100044,100,100953,100,100043,147,101045,100,100014,200,101049,100,99931,100,101078,100,99873,100,101194,100,99855,100
2019-06-28 09:59:49.374356766,100423,91,100117,191,100718,188,100094,488,100842,188,100080,188,100856,100,100069,100,100870,100,100044,100,100953,100,100043,147,101045,100,100014,200,101049,100,99931,100,101078,100,99873,100,101194,100,99855,100
2019-06-28 09:59:50.000000000,100718,191,100117,191,100842,188,100094,488,100856,188,100080,188,100870,100,100069,100,100953,100,100044,100,101045,100,100043,147,101049,100,100014,200,101078,100,99931,100,101194,100,99873,100,101267,100,99855,100
2019-06-28 10:00:00.000000000,100718,167,100117,167,100842,167,100094,467,100856,167,100080,167,100870,167,100069,167,100953,100,100044,100,101045,100,100043,147,101049,100,100014,200,101078,100,99931,100,101194,100,99873,100,101267,100,99855,100
2019-06-28 10:00:05.273650029,100718,167,100117,167,100842,167,100094,467,100856,167,100080,167,100870,167,100069,167,100953,100,100044,100,101045,100,100043,147,101049,100,100014,200,101078,100,99931,100,101194,100,99873,100,101267,100,99855,100
2019-06-28 10:00:10.000000000,100718,234,100117,234,100842,234,100094,534,100856,100,100080,100,100870,100,100069,100,100953,100,100044,100,101045,100,100043,147,101049,100,100014,200,101078,100,99931,100,101194,100,99873,100,101267,100,99855,100
2019-06-28 10:00:20.000000000,100718,234,100117,234,100842,234,100094,534,100856,100,100080,100,100870,100,100069,100,100953,100,100044,100,101045,100,100043,147,101049,100,100014,200,101078,100,99931,100,101194,100,99873,100,101267,100,99855,100
2019-06-28 10:00:25.943769097,100718,234,100117,234,100842,234,100094,534,100856,100,100080,100,100870,100,100069,100,100953,100,100044,100,100983,100,100043,147,101045,100,100014,200,101049,100,99931,100,101078,100,99873,100,101194,100,99855,100
2019-06-28 10:00:30.000000000,100718,191,100117,191,100842,188,100094,488,100856,188,100080,188,100870,100,100069,100,100953,100,100044,100,100983,100,100043,147,101045,100,100014,200,101049,100,99931,100,101078,100,99873,100,101194,100,99855,100
2019-06-28 10:00:40.000000000,100718,367,100117,367,100842,100,100094,400,100856,100,100080,100,100870,100,100069,100,100953,100,100044,100,100983,100,100043,147,101045,100,100014,200,101049,100,99931,100,101078,100,99873,100,101194,100,99855,100
2019-06-28 10:00:42.286968553,100718,267,100117,367,100842,100,100094,400,100856,100,100080,100,100870,100,100069,100,100953,100,100044,100,100983,100,100043,147,101045,100,100014,200,101049,100,99931,100,101078,100,99873,100,101194,100,99855,100
2019-06-28 10:00:43.057699258,100718,267,100117,367,100842,100,100094,400,100856,100,100080,100,100870,100,100069,100,100953,100,100044,100,100983,100,100043,147,101045,100,100014,200,101049,100,99931,100,101078,100,99873,100,101194,100,99855,100
2019-06-28 10:00:43.379155460,100718,267,100423,100,100842,100,100117,367,100856,100,100094,400,100870,100,100080,100,100953,100,100069,100,100983,100,100043,147,101045,100,100014,200,101049,100,99931,100,101078,100,99873,100,101194,100,99855,100
2019-06-28 10:00:47.635641879,100718,167,100423,100,100842,100,100117,367,100856,100,100094,400,100870,100,100080,100,100953,100,100069,100,100983,100,100043,147,101045,100,100014,200,101049,100,99931,100,101078,100,99873,100,101194,100,99855,100
2019-06-28 10:00:50.000000000,100842,153,100423,153,100856,153,100117,153,100870,153,100094,453,100953,153,100080,153,100983,153,100069,153,101045,100,100043,147,101049,100,100014,200,101078,100,99931,100,101194,100,99873,100,101267,100,99855,100
2019-06-28 10:01:00.000000000,100842,367,100423,367,100856,100,100117,100,100870,100,100094,400,100953,100,100080,100,100983,100,100069,100,101045,100,100043,147,101049,100,100014,200,101078,100,99931,100,101194,100,99873,100,101267,100,99855,100
2019-06-28 10:01:01.256115882,100842,267,100423,367,100856,100,100117,100,100870,100,100094,400,100953,100,100080,100,100983,100,100069,100,101045,100,100043,147,101049,100,100014,200,101078,100,99931,100,101194,100,99873,100,101267,100,99855,100
2019-06-28 10:01:09.541357623,100842,267,100718,100,100856,100,100423,367,100870,100,100117,100,100953,100,100094,400,100983,100,100080,100,101045,100,100069,100,101049,100,100043,147,101078,100,100014,200,101194,100,99931,100,101267,100,99873,100
2019-06-28 10:01:10.000000000,100856,367,100718,367,100870,100,100423,100,100953,100,100117,100,100983,100,100094,400,101045,100,100080,100,101049,100,100069,100,101078,100,100043,147,101194,100,100014,200,101267,100,99931,100,101359,100,99873,100
2019-06-28 10:01:20.000000000,100856,191,100718,191,100870,188,100423,188,100953,188,100117,188,100983,100,100094,400,101045,100,100080,100,101049,100,100069,100,101078,100,100043,147,101194,100,100014,200,101267,100,99931,100,101359,100,99873,100
2019-06-28 10:01:30.000000000,100856,167,100718,167,100870,167,100423,167,100953,167,100117,167,100983,167,100094,467,101045,100,100080,100,101049,100,100069,100,101078,100,100043,147,101194,100,100014,200,101267,100,99931,100,101359,100,99873,100
2019-06-28 10:01:35.606329962,100856,67,100718,167,100870,167,100423,167,100953,167,100117,167,100983,167,100094,467,101045,100,100080,100,101049,100,100069,100,101078,100,100043,147,101194,100,100014,200,101267,100,99931,100,101359,100,99873,100
2019-06-28 10:01:40.000000000,100870,234,100718,234,100953,234,100423,234,100983,100,100117,100,101045,100,100094,400,101049,100,100080,100,101078,100,100069,100,101194,100,100043,147,101267,100,100014,200,101359,100,99931,100,101720,100,99873,100
2019-06-28 10:01:50.000000000,100870,167,100718,167,100953,167,100423,167,100983,167,100117,167,101045,167,100094,467,101049,100,100080,100,101078,100,100069,100,101194,100,100043,147,101267,100,100014,200,101359,100,99931,100,101720,100,99873,100
2019-06-28 10:02:00.000000000,100870,234,100718,234,100953,234,100423,234,100983,100,100117,100,101045,100,100094,400,101049,100,100080,100,101078,100,100069,100,101194,100,100043,147,101267,100,100014,200,101359,100,99931,100,101720,100,99873,100
2019-06-28 10:02:10.000000000,100870,367,100718,367,100953,100,100423,100,100983,100,100117,100,101045,100,100094,400,101049,100,100080,100,101078,100,100069,100,101194,100,100043,147,101267,100,100014,200,101359,100,99931,100,101720,100,99873,100
2019-06-28 10:02:10.963137319,100870,267,100718,367,100953,100,100423,100,100983,100,100117,100,101045,100,100094,400,101049,100,100080,100,101194,100,100069,100,101267,100,100043,147,101359,100,100014,200,101720,100,99931,100,,,99873,100
2019-06-28 10:02:20.000000000,100953,167,100718,167,100983,167,100423,167,101045,167,100117,167,101049,167,100094,467,101194,100,100080,100,101267,100,100069,100,101359,100,100043,147,101720,100,100014,200,,,99931,100,,,99873,100
2019-06-28 10:02:24.836894824,100953,67,100718,167,100983,167,100423,167,101045,167,100117,167,101049,167,100094,467,101194,100,100080,100,101267,100,100069,100,101359,100,100043,147,101720,100,100014,200,,,99931,100,,,99873,100
2019-06-28 10:02:24.981706677,100953,67,100718,167,100983,167,100423,167,101045,167,100117,167,101049,167,100094,467,101194,100,100080,100,101267,100,100069,100,101359,100,100043,100,101720,100,100014,200,101790,100,99931,100,,,99873,100
2019-06-28 10:02:30.000000000,100983,367,100718,367,101045,100,100423,100,101049,100,100117,100,101194,100,100094,400,101267,100,100080,100,101359,100,100069,100,101720,100,100043,100,101790,100,100014,200,,,99931,100,,,99873,100
2019-06-28 10:02:40.000000000,100983,234,100718,234,101045,234,100423,234,101049,100,100117,100,101194,100,100094,400,101267,100,100080,100,101359,100,100069,100,101720,100,100043,100,101790,100,100014,200,,,99931,100,,,99873,100
2019-06-28 10:02:43.256483043,100983,134,100718,234,101045,234,100423,234,101049,100,100117,100,101194,100,100094,400,101267,100,100080,100,101359,100,100069,100,101720,100,100043,100,101790,100,100014,200,,,99931,100,,,99873,100
2019-06-28 10:02:43.819892063,100983,134,100718,234,101045,234,100423,234,101049,100,100117,100,101194,100,100094,400,101267,100,100080,100,101359,100,100069,100,101720,100,100043,100,101790,100,100014,200,102133,100,99931,100,,,99873,100
2019-06-28 10:02:50.000000000,101045,167,100718,167,101049,167,100423,167,101194,167,100117,167,101267,167,100094,467,101359,100,100080,100,101720,100,100069,100,101790,100,100043,100,102133,100,100014,200,,,99931,100,,,99873,100
2019-06-28 10:02:52.305850106,101045,167,100718,167,101049,167,100423,167,101194,167,100117,167,101267,167,100094,467,101359,100,100080,100,101720,100,100069,100,101790,100,100043,100,102113,100,100014,200,102133,100,99931,100,,,99873,100
2019-06-28 10:02:54.471240281,101045,167,100953,100,101049,167,100718,167,101194,167,100423,167,101267,167,100117,167,101359,100,100094,467,101720,100,100080,100,101790,100,100069,100,102113,100,100043,100,102133,100,100014,200,,,99931,100
2019-06-28 10:03:00.000000000,101045,191,100953,191,101049,188,100718,188,101194,188,100423,188,101267,100,100117,100,101359,100,100094,400,101720,100,100080,100,101790,100,100069,100,102113,100,100043,100,102133,100,100014,200,,,99931,100
2019-06-28 10:03:01.552333379,101045,191,100953,191,101049,188,100718,188,101194,188,100423,188,101267,100,100117,100,101359,100,100094,400,101720,100,100080,100,101790,100,100069,100,102113,100,100043,100,102133,100,100014,200,,,99931,100
2019-06-28 10:03:10.000000000,101045,367,100953,367,101049,100,100718,100,101194,100,100423,100,101267,100,100117,100,101359,100,100094,400,101720,100,100080,100,101790,100,100069,100,102113,100,100043,100,102133,100,100014,200,,,99931,100
2019-06-28 10:03:20.000000000,101045,153,100953,153,101049,153,100718,153,101194,153,100423,153,101267,153,100117,153,101359,153,100094,453,101720,100,100080,100,101790,100,100069,100,102113,100,100043,100,102133,100,100014,200,,,99931,100
2019-06-28 10:03:24.395092417,101045,153,100953,153,101049,153,100718,153,101194,153,100423,153,101267,153,100117,153,101359,153,100094,353,101720,100,100080,100,101790,100,100069,100,102113,100,100043,100,102133,100,100014,200,,,99931,100
2019-06-28 10:03:30.000000000,101045,234,100953,234,101049,234,100718,234,101194,100,100423,100,101267,100,100117,100,101359,100,100094,300,101720,100,100080,100,101790,100,100069,100,102113,100,100043,100,102133,100,100014,200,,,99931,100
2019-06-28 10:03:30.191509864,101045,234,100953,234,101049,234,100718,234,101194,100,100423,100,101267,100,100117,100,101359,100,100094,300,101720,100,100080,100,101790,100,100069,100,101983,100,100043,100,102113,100,100014,200,102133,100,99931,100
2019-06-28 10:03:40.000000000,101045,153,100953,153,101049,153,100718,153,101194,153,100423,153,101267,153,100117,153,101359,153,100094,353,101720,100,100080,100,101790,100,100069,100,101983,100,100043,100,102113,100,100014,200,102133,100,99931,100
2019-06-28 10:03:50.000000000,101045,153,100953,153,101049,153,100718,153,101194,153,100423,153,101267,153,100117,153,101359,153,100094,353,101720,100,100080,100,101790,100,100069,100,101983,100,100043,100,102113,100,100014,200,102133,100,99931,100
2019-06-28 10:04:00.000000000,101045,153,100953,153,101049,153,100718,153,101194,153,100423,153,101267,153,100117,153,101359,153,100094,353,101720,100,100080,100,101790,100,100069,100,101983,100,100043,100,102113,100,100014,200,102133,100,99931,100
2019-06-28 10:04:08.646257792,101045,53,100953,153,101049,153,100718,153,101194,153,100423,153,101267,153,100117,153,101359,153,100094,353,101720,100,100080,100,101790,100,100069,100,101983,100,100043,100,102113,100,100014,200,102133,100,99931,100
2019-06-28 10:04:10.000000000,101049,191,100953,191,101194,188,100718,188,101267,188,100423,188,101359,100,100117,100,101720,100,100094,300,101790,100,100080,100,101983,100,100069,100,102113,100,100043,100,102133,100,100014,200,,,99931,100
2019-06-28 10:04:20.000000000,101049,191,100953,191,101194,188,100718,188,101267,188,100423,188,101359,100,100117,100,101720,100,100094,300,101790,100,100080,100,101983,100,100069,100,102113,100,100043,100,102133,100,100014,200,,,99931,100
2019-06-28 10:04:22.666619333,101049,91,100953,191,101194,188,100718,188,101267,188,100423,188,101359,100,100117,100,101790,100,100094,300,101983,100,100080,100,102113,100,100069,100,102133,100,100043,100,,,100014,200,,,99931,100
2019-06-28 10:04:25.048395877,101049,91,101045,100,101194,188,100953,191,101267,188,100718,188,101359,100,100423,188,101790,100,100117,100,101983,100,100094,200,102113,100,100080,100,102133,100,100069,100,,,100043,100,,,100014,200
2019-06-28 10:04:30.000000000,101194,153,101045,153,101267,153,100953,153,101359,153,100718,153,101790,153,100423,153,101983,153,100117,153,102113,100,100094,200,102133,100,100080,100,,,100069,100,,,100043,100,,,100014,200
2019-06-28 10:04:40.000000000,101194,167,101045,167,101267,167,100953,167,101359,167,100718,167,101790,167,100423,167,101983,100,100117,100,102113,100,100094,200,102133,100,100080,100,,,100069,100,,,100043,100,,,100014,200
2019-06-28 10:04:50.000000000,101194,367,101045,367,101267,100,100953,100,101359,100,100718,100,101790,100,100423,100,101983,100,100117,100,102113,100,100094,200,102133,100,100080,100,,,100069,100,,,100043,100,,,100014,200
2019-06-28 10:05:00.000000000,101194,234,101045,234,101267,234,100953,234,101359,100,100718,100,101790,100,100423,100,101983,100,100117,100,102113,100,100094,200,102133,100,100080,100,,,100069,100,,,100043,100,,,100014,200
2019-06-28 10:05:10.000000000,101194,234,101045,234,101267,234,100953,234,101359,100,100718,100,101790,100,100423,100,101983,100,100117,100,102113,100,100094,200,102133,100,100080,100,,,100069,100,,,100043,100,,,100014,200
2019-06-28 10:05:16.143751518,101194,234,101045,234,101267,234,100953,234,101359,100,100718,100,101790,100,100423,100,101983,100,100117,100,102113,100,100094,200,102133,100,100080,100,102165,100,100069,100,,,100043,100,,,100014,200
2019-06-28 10:05:20.000000000,101194,191,101045,191,101267,188,100953,188,101359,188,100718,188,101790,100,100423,100,101983,100,100117,100,102113,100,100094,200,102133,100,100080,100,102165,100,100069,100,,,100043,100,,,100014,200
2019-06-28 10:05:30.000000000,101194,367,101045,367,101267,100,100953,100,101359,100,100718,100,101790,100,100423,100,101983,100,100117,100,102113,100,100094,200,102133,100,100080,100,102165,100,100069,100,,,100043,100,,,100014,200
2019-06-28 10:05:40.000000000,101194,191,101045,191,101267,188,100953,188,101359,188,100718,188,101790,100,100423,100,101983,100,100117,100,102113,100,100094,200,102133,100,100080,100,102165,100,100069,100,,,100043,100,,,100014,200
2019-06-28 10:05:40.718773067,101194,91,101045,191,101267,188,100953,188,101359,188,100718,188,101790,100,100423,100,101983,100,100117,100,102113,100,100094,200,102133,100,100080,100,102165,100,100069,100,,,100043,100,,,100014,200
2019-06-28 10:05:50.000000000,101267,191,101045,191,101359,188,100953,188,101790,188,100718,188,101983,100,100423,100,102113,100,100117,100,102133,100,100094,200,102165,100,100080,100,,,100069,100,,,100043,100,,,100014,200
2019-06-28 10:05:51.237944578,101267,191,101045,191,101359,188,100953,188,101790,188,100718,188,101983,100,100423,100,102113,100,100117,100,102165,100,100094,200,102340,100,100080,100,,,100069,100,,,100043,100,,,100014,200
2019-06-28 10:06:00.000000000,101267,367,101045,367,101359,100,100953,100,101790,100,100718,100,101983,100,100423,100,102113,100,100117,100,102165,100,100094,200,102340,100,100080,100,,,100069,100,,,100043,100,,,100014,200
2019-06-28 10:06:02.140579797,101267,267,101045,367,101790,100,100953,100,101983,100,100718,100,102113,100,100423,100,102165,100,100117,100,102340,100,100094,200,,,100080,100,,,100069,100,,,100043,100,,,100014,200
2019-06-28 10:06:05.010290342,101267,167,101045,367,101790,100,100953,100,101983,100,100718,100,102113,100,100423,100,102165,100,100117,100,102340,100,100094,200,,,100080,100,,,100069,100,,,100043,100,,,100014,200
2019-06-28 10:06:10.000000000,101790,167,101045,167,101983,167,100953,167,102113,167,100718,167,102165,167,100423,167,102340,100,100117,100,,,100094,200,,,100080,100,,,100069,100,,,100043,100,,,100014,200
2019-06-28 10:06:20.000000000,101790,153,101045,153,101983,153,100953,153,102113,153,100718,153,102165,153,100423,153,102340,153,100117,153,,,100094,200,,,100080,100,,,100069,100,,,100043,100,,,100014,200
2019-06-28 10:06:20.496120635,101790,153,101267,100,101983,153,101045,153,102113,153,100953,153,102165,153,100718,153,102340,153,100423,153,,,100117,153,,,100094,200,,,100080,100,,,100069,100,,,100043,100
2019-06-28 10:06:27.742978735,101790,53,101267,100,101983,153,101045,153,102113,153,100953,153,102165,153,100718,153,102340,53,100423,153,,,100117,153,,,100094,200,,,100080,100,,,100069,100,,,100043,100
2019-06-28 10:06:30.000000000,101983,367,101267,367,102113,100,101045,100,102165,100,100953,100,,,100718,100,,,100423,100,,,100117,100,,,100094,200,,,100080,100,,,100069,100,,,100043,100
2019-06-28 10:06:40.000000000,101983,153,101267,153,102113,153,101045,153,102165,153,100953,153,102166,53,100718,153,,,100423,153,,,100117,100,,,100094,200,,,100080,100,,,100069,100,,,100043,100
2019-06-28 10:06:50.000000000,101983,234,101267,234,102113,234,101045,234,102165,100,100953,100,,,100718,100,,,100423,100,,,100117,100,,,100094,200,,,100080,100,,,100069,100,,,100043,100
2019-06-28 10:06:51.761037911,101983,234,101267,234,102113,234,101045,234,102165,100,100953,100,,,100718,100,,,100423,100,,,100117,100,,,100094,200,,,100069,100,,,100043,100,,,100014,100
2019-06-28 10:07:00.000000000,101983,234,101267,234,102113,234,101045,234,102165,100,100953,100,,,100718,100,,,100423,100,,,100117,100,,,100094,200,,,100069,100,,,100043,100,,,100014,100
2019-06-28 10:07:06.668681153,101983,134,101267,234,102113,234,101045,234,102165,100,100953,100,,,100718,100,,,100423,100,,,100117,100,,,100094,200,,,100069,100,,,100043,100,,,100014,100
2019-06-28 10:07:10.000000000,102113,234,101267,234,102165,234,101045,234,,,100953,100,,,100718,100,,,100423,100,,,100117,100,,,100094,200,,,100069,100,,,100043,100,,,100014,100
2019-06-28 10:07:11.148046940,102113,134,101267,234,102165,234,101045,234,,,100953,100,,,100718,100,,,100423,100,,,100117,100,,,100094,200,,,100069,100,,,100043,100,,,100014,100
2019-06-28 10:07:20.000000000,102165,367,101267,367,,,101045,100,,,100953,100,,,100718,100,,,100423,100,,,100117,100,,,100094,200,,,100069,100,,,100043,100,,,100014,100
2019-06-28 10:07:30.000000000,102165,234,101267,234,102166,134,101045,234,,,100953,100,,,100718,100,,,100423,100,,,100117,100,,,100094,200,,,100069,100,,,100043,100,,,100014,100
2019-06-28 10:07:40.000000000,102165,153,101267,153,102166,53,101045,153,,,100953,153,,,100718,153,,,100423,153,,,100117,100,,,100094,200,,,100069,100,,,100043,100,,,100014,100
2019-06-28 10:07:50.000000000,102165,367,101267,367,,,101045,100,,,100953,100,,,100718,100,,,100423,100,,,100117,100,,,100094,200,,,100069,100,,,100043,100,,,100014,100
2019-06-28 10:07:59.400946062,102165,367,101831,100,,,101267,367,,,101045,100,,,100953,100,,,100718,100,,,100423,100,,,100117,100,,,100094,200,,,100069,100,,,100043,100
2019-06-28 10:08:00.000000000,102165,167,101831,167,102166,67,101267,167,,,101045,167,,,100953,167,,,100718,100,,,100423,100,,,100117,100,,,100094,200,,,100069,100,,,100043,100
2019-06-28 10:08:10.000000000,102165,234,101831,234,102166,134,101267,234,,,101045,100,,,100953,100,,,100718,100,,,100423,100,,,100117,100,,,100094,200,,,100069,100,,,100043,100
2019-06-28 10:08:20.000000000,102165,153,101831,153,102166,53,101267,153,,,101045,153,,,100953,153,,,100718,153,,,100423,100,,,100117,100,,,100094,200,,,100069,100,,,100043,100
2019-06-28 10:08:30.000000000,102165,191,101831,191,102166,88,101267,188,,,101045,188,,,100953,100,,,100718,100,,,100423,100,,,100117,100,,,100094,200,,,100069,100,,,100043,100
2019-06-28 10:08:35.391143787,102112,100,101831,191,102165,191,101267,188,102166,88,101045,188,,,100953,100,,,100718,100,,,100423,100,,,100117,100,,,100094,200,,,100069,100,,,100043,100
2019-06-28 10:08:40.000000000,102112,234,101831,234,102165,234,101267,234,,,101045,100,,,100953,100,,,100718,100,,,100423,100,,,100117,100,,,100094,200,,,100069,100,,,100043,100
2019-06-28 10:08:47.528484838,102112,234,101831,234,102165,234,101566,100,,,101267,234,,,101045,100,,,100953,100,,,100718,100,,,100423,100,,,100117,100,,,100094,200,,,100069,100
2019-06-28 10:08:48.574213029,102112,234,101831,134,102165,234,101566,100,,,101267,234,,,101045,100,,,100953,100,,,100718,100,,,100423,100,,,100117,100,,,100094,200,,,100069,100
2019-06-28 10:08:50.000000000,102112,191,101566,191,102165,188,101267,188,102166,88,101045,188,,,100953,100,,,100718,100,,,100423,100,,,100117,100,,,100094,200,,,100069,100,,,100043,100
2019-06-28 10:08:55.827817696,102112,191,101566,191,102165,188,101459,100,102166,88,101267,188,,,101045,188,,,100953,100,,,100718,100,,,100423,100,,,100117,100,,,100094,200,,,100069,100
