,ask_price_1,ask_size_1,bid_price_1,bid_size_1,ask_price_2,ask_size_2,bid_price_2,bid_size_2,ask_price_3,ask_size_3,bid_price_3,bid_size_3,ask_price_4,ask_size_4,bid_price_4,bid_size_4,ask_price_5,ask_size_5,bid_price_5,bid_size_5,ask_price_6,ask_size_6,bid_price_6,bid_size_6,ask_price_7,ask_size_7,bid_price_7,bid_size_7,ask_price_8,ask_size_8,bid_price_8,bid_size_8,ask_price_9,ask_size_9,bid_price_9,bid_size_9,ask_price_10,ask_size_10,bid_price_10,bid_size_10
2019-06-28 09:30:00.000000000,,,99949,100,,,,,,,,,,,,,,,,,,,,,,,,,,,,,,,,,,,,
2019-06-28 09:30:00.000000001,100059,100,99949,100,,,99801,100,,,,,,,,,,,,,,,,,,,,,,,,,,,,,,,,
2019-06-28 09:30:00.000000003,100059,100,99949,100,,,99836,100,,,99801,100,,,,,,,,,,,,,,,,,,,,,,,,,,,,
2019-06-28 09:30:00.000000004,100023,100,99949,100,100059,100,99836,100,100164,100,99801,100,,,,,,,,,,,,,,,,,,,,,,,,,,,,
2019-06-28 09:30:00.000000005,100023,100,100003,100,100059,100,99949,100,100164,100,99836,100,,,99825,100,,,99801,100,,,,,,,,,,,,,,,,,,,,
2019-06-28 09:30:00.000000008,100023,100,100003,100,100059,100,99976,100,100164,100,99949,100,,,99836,100,,,99825,100,,,99801,100,,,,,,,,,,,,,,,,
2019-06-28 09:30:00.000000010,100023,100,100003,100,100059,100,99976,100,100164,100,99949,100,,,99879,100,,,99836,100,,,99825,100,,,99801,100,,,,,,,,,,,,
2019-06-28 09:30:00.000000011,100023,100,100003,100,100059,100,99976,100,100164,200,99949,100,100257,100,99879,100,,,99836,100,,,99825,100,,,99801,100,,,,,,,,,,,,
2019-06-28 09:30:00.000000012,100023,100,100003,100,100059,100,99976,100,100164,200,99949,100,100257,100,99919,100,,,99879,100,,,99836,100,,,99825,100,,,99801,100,,,,,,,,
2019-06-28 09:30:00.000000013,100023,100,100003,100,100059,100,99976,100,100164,200,99950,100,100257,100,99949,100,,,99919,100,,,99898,100,,,99879,100,,,99836,100,,,99825,100,,,99801,100
2019-06-28 09:30:00.000000014,100023,100,100003,100,100059,100,99976,100,100164,200,99972,100,100257,100,99950,100,,,99949,100,,,99919,100,,,99898,100,,,99879,100,,,99836,100,,,99825,100
2019-06-28 09:30:00.000000016,100023,100,100003,100,100059,100,99976,100,100164,200,99972,100,100257,100,99950,100,,,99949,100,,,99919,100,,,99899,100,,,99898,100,,,99879,100,,,99836,100
2019-06-28 09:30:00.000000017,100023,100,100003,100,100044,100,99976,100,100059,100,99972,100,100164,200,99950,100,100257,100,99949,100,,,99919,100,,,99899,100,,,99898,100,,,99879,100,,,99836,100
2019-06-28 09:30:00.000000019,100023,100,100022,100,100044,100,100003,100,100059,100,99976,100,100066,100,99972,100,100164,200,99950,100,100257,100,99949,100,,,99919,100,,,99899,100,,,99898,100,,,99879,100
2019-06-28 09:30:00.000000021,100023,100,100022,100,100044,100,100003,100,100059,100,99976,100,100066,100,99972,100,100144,100,99950,100,100164,200,99949,100,100257,100,99919,100,,,99899,100,,,99898,100,,,99879,100
2019-06-28 09:30:00.000000024,100023,100,100022,100,100044,100,100013,100,100059,100,100003,100,100066,100,99976,100,100144,100,99972,100,100164,200,99950,100,100257,100,99949,100,,,99919,100,,,99899,100,,,99898,100
2019-06-28 09:30:00.000000025,100023,100,100022,100,100044,100,100013,100,100059,100,100003,100,100066,100,99976,100,100074,100,99972,100,100144,100,99953,100,100164,200,99950,100,100257,100,99949,100,,,99919,100,,,99899,100
2019-06-28 09:30:00.000000026,100023,100,100022,100,100044,100,100013,100,100059,100,100003,100,100066,100,99976,100,100069,100,99972,100,100074,200,99953,100,100144,100,99950,100,100164,200,99949,100,100257,100,99919,100,,,99899,100
2019-06-28 09:30:00.000000027,100023,100,100022,100,100044,100,100013,100,100059,100,100003,100,100066,100,99976,100,100069,100,99972,100,100073,100,99953,100,100074,200,99950,100,100144,100,99949,100,100164,200,99919,100,100257,100,99899,100
2019-06-28 09:30:00.000000034,100023,100,100022,100,100044,100,100013,100,100059,100,100003,100,100063,100,99976,100,100066,100,99972,100,100069,100,99953,100,100073,100,99950,100,100074,200,99949,100,100097,100,99919,100,100144,100,99899,100
2019-06-28 09:30:00.000000035,100023,100,100022,100,100037,100,100013,100,100044,100,100003,100,100059,100,99976,100,100063,100,99972,100,100066,100,99953,100,100069,100,99950,100,100073,100,99949,100,100074,200,99919,100,100097,100,99899,100
2019-06-28 09:30:00.000000036,100023,100,100022,100,100037,100,100013,100,100044,100,100003,100,100059,100,99976,100,100061,100,99972,100,100063,100,99953,100,100066,100,99950,100,100069,100,99949,100,100073,100,99919,100,100074,200,99899,100
2019-06-28 09:30:00.000000037,100023,100,100013,100,100037,100,100003,100,100044,100,99985,100,100059,100,99976,100,100061,100,99972,100,100063,100,99953,100,100066,100,99950,100,100069,100,99949,100,100073,100,99919,100,100074,200,99899,100
2019-06-28 09:30:00.000000043,100023,100,100013,100,100037,100,100003,100,100044,100,99985,100,100052,100,99976,100,100059,100,99972,100,100061,100,99953,100,100063,100,99950,100,100066,100,99949,100,100069,100,99919,100,100073,100,99899,100
2019-06-28 09:30:00.000000044,100023,100,100013,100,100025,100,100003,100,100037,100,99985,100,100044,100,99976,100,100052,100,99972,100,100059,100,99953,100,100061,100,99950,100,100063,100,99949,100,100066,100,99919,100,100069,100,99899,100
2019-06-28 09:30:00.000000045,100023,100,100013,100,100025,100,100003,100,100037,200,99985,100,100044,100,99976,100,100052,100,99972,100,100059,100,99953,100,100061,100,99950,100,100063,100,99949,100,100066,100,99919,100,100069,100,99899,100
2019-06-28 09:30:00.000000047,100023,100,100013,100,100025,100,100003,100,100037,200,99985,100,100044,100,99976,100,100052,100,99972,100,100059,100,99953,100,100061,100,99950,100,100063,100,99949,100,100066,100,99919,100,100069,100,99899,100
2019-06-28 09:30:00.000000050,100023,100,100013,100,100025,100,100003,100,100028,100,99985,100,100037,200,99976,100,100044,100,99972,100,100052,100,99953,100,100059,100,99950,100,100061,100,99949,100,100063,100,99919,100,100066,100,99899,100
2019-06-28 09:30:00.000000053,100023,100,100013,100,100025,100,100003,100,100028,100,99985,100,100037,200,99976,100,100044,100,99972,100,100052,100,99953,100,100059,100,99950,100,100061,100,99949,100,100063,100,99919,100,100065,100,99899,100
2019-06-28 09:30:00.000000056,100023,100,100013,100,100025,100,100003,100,100028,100,99985,100,100037,200,99976,100,100044,100,99972,100,100052,100,99953,100,100059,100,99950,100,100061,100,99949,100,100063,100,99919,100,100065,100,99899,100
2019-06-28 09:30:00.000000057,100023,100,100013,100,100025,100,100003,100,100028,100,99985,100,100037,200,99976,100,100044,100,99972,100,100052,100,99953,100,100059,100,99950,100,100061,100,99949,100,100063,100,99919,100,100065,100,99899,100
2019-06-28 09:30:00.000000059,100023,100,100013,100,100025,100,100003,100,100028,100,99985,100,100037,200,99976,100,100044,100,99972,100,100052,100,99953,100,100059,100,99950,100,100061,100,99949,100,100063,100,99919,100,100065,100,99899,100
2019-06-28 09:30:00.000000060,100023,100,100013,100,100025,100,100003,100,100028,100,99985,100,100037,200,99976,100,100044,100,99972,100,100052,100,99953,100,100059,100,99950,100,100061,100,99949,100,100063,100,99919,100,100065,100,99899,100
2019-06-28 09:30:00.000000063,100023,100,100013,100,100025,100,100003,100,100028,100,99985,100,100037,200,99976,100,100044,100,99972,100,100052,100,99953,100,100059,100,99950,100,100061,100,99949,100,100063,100,99919,100,100065,100,99899,100
2019-06-28 09:30:00.000000064,100023,100,100013,100,100025,100,100003,100,100028,100,99985,100,100037,200,99976,100,100044,100,99972,100,100052,100,99953,100,100059,100,99950,100,100061,100,99949,100,100063,100,99919,100,100065,100,99899,100
2019-06-28 09:30:00.000000066,100023,100,100013,100,100025,100,100003,100,100028,100,99985,100,100037,200,99976,100,100044,100,99972,100,100052,100,99953,100,100059,100,99950,100,100061,100,99949,100,100063,100,99919,100,100065,100,99899,100
2019-06-28 09:30:00.000000067,100023,100,100013,100,100025,100,100003,100,100028,100,99985,100,100037,200,99976,100,100044,100,99972,100,100052,100,99953,100,100059,100,99950,100,100061,100,99949,100,100063,100,99919,100,100065,100,99899,100
2019-06-28 09:30:00.000000069,100023,100,100013,100,100025,100,100003,100,100028,100,99985,100,100037,200,99976,100,100044,100,99972,100,100052,100,99953,100,100059,100,99950,100,100061,100,99949,100,100063,100,99930,100,100065,100,99919,100
2019-06-28 09:30:00.000000070,100023,100,100013,100,100025,100,100003,100,100028,100,99985,100,100037,200,99976,100,100044,100,99972,100,100052,100,99953,100,100059,100,99950,100,100061,100,99949,100,100063,100,99947,100,100065,100,99930,100
2019-06-28 09:30:00.000000071,100014,100,100013,100,100023,100,100003,100,100025,100,99985,100,100028,100,99976,100,100037,200,99972,100,100044,100,99953,100,100052,100,99950,100,100059,100,99949,100,100061,100,99947,100,100063,100,99930,100
2019-06-28 09:30:00.000000072,100014,100,100013,100,100023,100,100003,100,100025,100,99985,100,100028,100,99976,100,100037,200,99972,100,100044,100,99953,100,100052,100,99950,100,100059,100,99949,100,100061,100,99947,100,100063,100,99930,100
2019-06-28 09:30:00.000000073,100014,100,100013,100,100023,100,100003,100,100025,100,99985,100,100028,100,99976,100,100037,200,99972,100,100044,100,99953,100,100052,100,99950,100,100059,100,99949,100,100061,100,99947,100,100063,100,99935,100
2019-06-28 09:30:00.000000074,100014,100,100013,100,100023,100,100004,100,100025,100,100003,100,100028,100,99985,100,100037,200,99976,100,100044,100,99972,100,100052,100,99953,100,100059,100,99950,100,100061,100,99949,100,100063,100,99947,100
2019-06-28 09:30:00.000000075,100014,100,100004,100,100023,100,100003,100,100025,100,99985,100,100028,100,99976,100,100037,200,99972,100,100044,100,99953,100,100052,100,99950,100,100059,100,99949,100,100061,100,99947,100,100063,100,99935,100
2019-06-28 09:30:00.000000076,100014,100,100004,100,100023,100,100003,100,100025,100,100001,100,100028,100,99985,100,100037,200,99976,100,100044,100,99972,100,100052,100,99953,100,100059,100,99950,100,100061,100,99949,100,100063,100,99947,100
2019-06-28 09:30:00.000000078,100014,100,100004,100,100023,100,100003,100,100025,100,100001,100,100028,100,99985,100,100037,200,99976,100,100044,100,99972,100,100052,100,99953,100,100059,100,99950,100,100061,100,99949,100,100063,100,99947,100
2019-06-28 09:30:00.000000082,100014,100,100004,100,100023,100,100003,100,100025,100,100001,100,100028,100,99985,100,100037,200,99976,100,100044,100,99972,100,100052,100,99962,100,100059,100,99953,100,100061,100,99950,100,100063,100,99949,100
2019-06-28 09:30:00.000000083,100014,100,100004,100,100023,100,100003,100,100025,100,100001,100,100028,100,99985,100,100037,200,99976,100,100044,100,99972,100,100052,100,99962,100,100059,100,99953,100,100061,100,99950,100,100063,100,99949,100
2019-06-28 09:30:00.000000090,100014,100,100004,100,100023,100,100003,100,100025,100,100001,100,100028,100,99985,100,100037,200,99976,100,100044,100,99972,100,100052,100,99962,100,100059,100,99953,100,100061,100,99952,100,100063,100,99950,100
2019-06-28 09:30:00.000000096,100014,100,100004,100,100023,100,100003,100,100025,100,100001,100,100028,100,99985,100,100037,200,99976,100,100044,100,99972,100,100052,100,99962,100,100059,100,99953,100,100061,100,99952,100,100063,100,99950,100
2019-06-28 09:30:00.000000097,100014,100,100004,100,100023,100,100003,100,100025,200,100001,100,100028,100,99985,100,100037,200,99976,100,100044,100,99972,100,100052,100,99962,100,100059,100,99953,100,100061,100,99952,100,100063,100,99950,100
2019-06-28 09:30:00.000000099,100014,100,100004,100,100023,100,100003,100,100025,200,100001,100,100028,100,99985,100,100037,200,99976,100,100044,100,99972,100,100052,100,99962,100,100059,100,99953,100,100061,100,99952,100,100063,100,99950,100
2019-06-28 09:30:10.000000000,100014,348,100004,348,100023,348,100003,348,100025,200,100001,100,100028,100,99985,100,100037,200,99976,100,100044,100,99972,100,100052,100,99962,100,100059,100,99953,100,100061,100,99952,100,100063,100,99950,100
2019-06-28 09:30:10.992702605,100014,348,100004,348,100023,348,100003,348,100025,200,100001,100,100028,100,99985,100,100037,200,99976,100,100044,100,99972,100,100052,100,99962,100,100059,100,99953,100,100061,100,99952,100,100063,100,99950,100
2019-06-28 09:30:12.985255470,100014,248,100004,348,100023,348,100003,348,100025,200,100001,100,100028,100,99985,100,100037,200,99976,100,100044,100,99972,100,100052,100,99962,100,100059,100,99953,100,100061,100,99952,100,100063,100,99950,100
2019-06-28 09:30:20.000000000,100023,348,100004,348,100025,448,100003,348,100028,100,100001,100,100037,200,99985,100,100044,100,99976,100,100052,100,99972,100,100059,100,99962,100,100061,100,99953,100,100063,100,99952,100,100065,100,99950,100
2019-06-28 09:30:30.000000000,100023,269,100004,269,100025,364,100003,264,100028,264,100001,264,100037,200,99985,100,100044,100,99976,100,100052,100,99972,100,100059,100,99962,100,100061,100,99953,100,100063,100,99952,100,100065,100,99950,100
2019-06-28 09:30:33.598982079,100023,169,100004,269,100025,364,100003,264,100028,264,100001,264,100037,200,99985,100,100044,100,99976,100,100052,100,99972,100,100059,100,99962,100,100061,100,99953,100,100063,100,99952,100,100065,100,99950,100
2019-06-28 09:30:37.230334440,100023,69,100004,269,100025,264,100003,264,100028,264,100001,264,100037,200,99985,100,100044,100,99976,100,100052,100,99972,100,100059,100,99962,100,100061,100,99953,100,100063,100,99952,100,100065,100,99950,100
2019-06-28 09:30:40.000000000,100025,348,100004,348,100028,348,100003,348,100037,200,100001,100,100044,100,99985,100,100052,100,99976,100,100059,100,99972,100,100061,100,99962,100,100063,100,99953,100,100065,100,99952,100,100066,100,99950,100
2019-06-28 09:30:50.000000000,100025,269,100004,269,100028,264,100003,264,100037,364,100001,264,100044,100,99985,100,100052,100,99976,100,100059,100,99972,100,100061,100,99962,100,100063,100,99953,100,100065,100,99952,100,100066,100,99950,100
2019-06-28 09:30:55.314468916,100025,169,100004,269,100028,264,100003,264,100037,364,100001,264,100044,100,99985,100,100052,100,99976,100,100059,100,99972,100,100061,100,99962,100,100063,100,99953,100,100065,100,99952,100,100066,100,99950,100
2019-06-28 09:30:58.011943930,100025,169,100004,269,100028,264,100003,264,100037,364,100001,264,100044,100,99985,100,100052,100,99976,100,100059,100,99972,100,100061,100,99962,100,100063,100,99953,100,100065,100,99952,100,100066,100,99950,100
2019-06-28 09:31:00.000000000,100028,269,100004,269,100037,364,100003,264,100044,264,100001,264,100052,100,99985,100,100059,100,99976,100,100061,100,99972,100,100063,100,99962,100,100065,100,99953,100,100066,100,99952,100,100068,100,99950,100
2019-06-28 09:31:07.936739306,100028,169,100004,269,100037,364,100003,264,100044,264,100001,264,100052,100,99985,100,100059,100,99976,100,100061,100,99972,100,100063,100,99962,100,100065,100,99953,100,100066,100,99952,100,100068,100,99949,100
2019-06-28 09:31:10.000000000,100037,299,100004,199,100044,199,100003,199,100052,199,100001,199,100059,199,99985,199,100061,199,99976,199,100063,100,99972,100,100065,100,99962,100,100066,100,99953,100,100068,100,99952,100,100069,100,99949,100
2019-06-28 09:31:20.000000000,100037,299,100004,199,100044,199,100003,199,100052,199,100001,199,100059,199,99985,199,100061,199,99976,199,100063,100,99972,100,100065,100,99962,100,100066,100,99953,100,100068,100,99952,100,100069,100,99949,100
2019-06-28 09:31:21.094858778,100037,299,100004,199,100044,199,100003,199,100052,199,100001,199,100059,199,99985,199,100061,99,99976,199,100063,100,99972,100,100065,100,99962,100,100066,100,99953,100,100068,100,99952,100,100069,100,99949,100
2019-06-28 09:31:30.000000000,100037,448,100004,348,100044,348,100003,348,100052,100,100001,100,100059,100,99985,100,100063,100,99976,100,100065,100,99972,100,100066,100,99962,100,100068,100,99953,100,100069,100,99952,100,100073,100,99949,100
2019-06-28 09:31:37.502569075,100037,348,100004,348,100044,348,100003,348,100052,100,100001,100,100059,100,99985,100,100063,100,99976,100,100065,100,99972,100,100066,100,99962,100,100068,100,99953,100,100069,100,99952,100,100073,100,99949,100
2019-06-28 09:31:40.000000000,100037,348,100004,348,100044,348,100003,348,100052,100,100001,100,100059,100,99985,100,100063,100,99976,100,100065,100,99972,100,100066,100,99962,100,100068,100,99953,100,100069,100,99952,100,100073,100,99949,100
2019-06-28 09:31:50.000000000,100037,224,100004,224,100044,224,100003,224,100052,224,100001,224,100059,224,99985,224,100063,100,99976,100,100065,100,99972,100,100066,100,99962,100,100068,100,99953,100,100069,100,99952,100,100073,100,99949,100
2019-06-28 09:32:00.000000000,100037,199,100004,199,100044,199,100003,199,100052,199,100001,199,100059,199,99985,199,100063,199,99976,199,100065,100,99972,100,100066,100,99962,100,100068,100,99953,100,100069,100,99952,100,100073,100,99949,100
2019-06-28 09:32:02.974550115,100037,199,100004,199,100044,199,100003,199,100052,199,100001,199,100059,199,99985,199,100063,199,99976,199,100065,100,99972,100,100066,100,99962,100,100068,100,99953,100,100069,100,99952,100,100073,100,99949,100
2019-06-28 09:32:10.000000000,100037,224,100004,224,100044,224,100003,224,100052,224,100001,224,100059,224,99985,224,100063,100,99976,100,100065,100,99972,100,100066,100,99962,100,100068,100,99953,100,100069,100,99952,100,100073,100,99949,100
2019-06-28 09:32:18.354730997,100037,224,100004,224,100044,124,100003,224,100052,224,100001,224,100059,224,99985,224,100063,100,99976,100,100065,100,99972,100,100066,100,99962,100,100068,100,99953,100,100069,100,99952,100,100073,100,99949,100
2019-06-28 09:32:20.000000000,100037,348,100004,348,100052,348,100003,348,100059,100,100001,100,100063,100,99985,100,100065,100,99976,100,100066,100,99972,100,100068,100,99962,100,100069,100,99953,100,100073,100,99952,100,100074,200,99949,100
2019-06-28 09:32:24.496521026,100037,348,100025,100,100052,348,100004,348,100059,100,100003,348,100063,100,100001,100,100065,100,99985,100,100066,100,99976,100,100068,100,99962,100,100069,100,99953,100,100073,100,99952,100,100074,200,99949,100
2019-06-28 09:32:26.597669462,100037,248,100025,100,100052,348,100004,348,100059,100,100003,348,100063,100,100001,100,100065,100,99985,100,100068,100,99976,100,100069,100,99962,100,100073,100,99953,100,100074,200,99952,100,100077,200,99949,100
2019-06-28 09:32:30.000000000,100052,224,100025,224,100059,224,100004,224,100063,224,100003,224,100065,224,100001,224,100068,100,99985,100,100069,100,99976,100,100073,100,99962,100,100074,200,99953,100,100077,200,99952,100,100078,100,99949,100
2019-06-28 09:32:40.000000000,100052,224,100025,224,100059,224,100004,224,100063,224,100003,224,100065,224,100001,224,100068,100,99985,100,100069,100,99976,100,100073,100,99962,100,100074,200,99953,100,100077,200,99952,100,100078,100,99949,100
2019-06-28 09:32:50.000000000,100052,224,100025,224,100059,224,100004,224,100063,224,100003,224,100065,224,100001,224,100068,100,99985,100,100069,100,99976,100,100073,100,99962,100,100074,200,99953,100,100077,200,99952,100,100078,100,99949,100
2019-06-28 09:32:58.631303053,100052,224,100025,224,100059,224,100004,224,100063,224,100003,224,100065,224,100001,224,100068,100,99985,100,100069,100,99976,100,100073,100,99962,100,100074,200,99953,100,100077,200,99952,100,100078,100,99949,100
2019-06-28 09:33:00.000000000,100052,224,100025,224,100059,224,100004,224,100063,224,100003,224,100065,224,100001,224,100068,100,99985,100,100069,100,99976,100,100073,100,99962,100,100074,200,99953,100,100077,200,99952,100,100078,100,99949,100
2019-06-28 09:33:05.537416902,100052,224,100025,224,100059,224,100004,224,100063,224,100003,224,100065,224,100001,224,100068,100,99985,100,100069,100,99976,100,100073,100,99962,100,100074,200,99953,100,100077,200,99952,100,100078,100,99947,100
2019-06-28 09:33:10.000000000,100052,269,100025,269,100059,264,100004,264,100063,264,100003,264,100065,100,100001,100,100068,100,99985,100,100069,100,99976,100,100073,100,99962,100,100074,200,99953,100,100077,200,99952,100,100078,100,99947,100
2019-06-28 09:33:16.048544395,100052,169,100025,269,100059,264,100004,264,100063,264,100003,264,100065,100,99985,100,100068,100,99976,100,100069,100,99962,100,100073,100,99953,100,100074,200,99952,100,100077,200,99947,100,100078,100,99930,100
2019-06-28 09:33:20.000000000,100059,597,100025,597,100063,100,100004,100,100065,100,100003,100,100068,100,99985,100,100069,100,99976,100,100073,100,99962,100,100074,200,99953,100,100077,200,99952,100,100078,100,99947,100,100080,100,99930,100
2019-06-28 09:33:30.000000000,100059,348,100025,348,100063,348,100004,348,100065,100,100003,100,100068,100,99985,100,100069,100,99976,100,100073,100,99962,100,100074,200,99953,100,100077,200,99952,100,100078,100,99947,100,100080,100,99930,100
2019-06-28 09:33:36.747182977,100059,248,100025,348,100063,348,100004,348,100065,100,100003,100,100068,100,99985,100,100069,100,99976,100,100073,100,99962,100,100074,200,99953,100,100077,200,99952,100,100078,100,99947,100,100080,100,99930,100
2019-06-28 09:33:40.000000000,100063,348,100025,348,100065,348,100004,348,100068,100,100003,100,100069,100,99985,100,100073,100,99976,100,100074,200,99962,100,100077,200,99953,100,100078,100,99952,100,100080,100,99947,100,100088,100,99930,100
2019-06-28 09:33:50.000000000,100063,597,100025,597,100065,100,100004,100,100068,100,100003,100,100069,100,99985,100,100073,100,99976,100,100074,200,99962,100,100077,200,99953,100,100078,100,99952,100,100080,100,99947,100,100088,100,99930,100
2019-06-28 09:33:53.572427008,100063,497,100025,597,100065,100,100004,100,100068,100,100003,100,100069,100,99985,100,100073,100,99976,100,100074,200,99962,100,100077,200,99953,100,100078,100,99952,100,100080,100,99947,100,100088,100,99930,100
2019-06-28 09:33:53.720824150,100063,497,100025,597,100065,100,100004,100,100068,100,100003,100,100069,100,99985,100,100073,100,99976,100,100074,200,99962,100,100077,200,99953,100,100078,100,99947,100,100080,100,99930,100,100088,100,99919,100
2019-06-28 09:34:00.000000000,100065,224,100025,224,100068,224,100004,224,100069,224,100003,224,100073,224,99985,224,100074,200,99976,100,100077,200,99962,100,100078,100,99953,100,100080,100,99947,100,100088,100,99930,100,100097,100,99919,100
2019-06-28 09:34:10.000000000,100065,597,100025,597,100068,100,100004,100,100069,100,100003,100,100073,100,99985,100,100074,200,99976,100,100077,200,99962,100,100078,100,99953,100,100080,100,99947,100,100088,100,99930,100,100097,100,99919,100
2019-06-28 09:34:20.000000000,100065,224,100025,224,100068,224,100004,224,100069,224,100003,224,100073,224,99985,224,100074,200,99976,100,100077,200,99962,100,100078,100,99953,100,100080,100,99947,100,100088,100,99930,100,100097,100,99919,100
2019-06-28 09:34:20.897437682,100065,124,100025,224,100068,224,100004,224,100069,224,100003,224,100073,224,99985,224,100074,200,99976,100,100077,200,99962,100,100078,100,99953,100,100080,100,99947,100,100088,100,99930,100,100097,100,99919,100
2019-06-28 09:34:30.000000000,100068,199,100025,199,100069,199,100004,199,100073,199,100003,199,100074,299,99985,199,100077,299,99976,199,100078,100,99962,100,100080,100,99953,100,100088,100,99947,100,100097,100,99930,100,100098,100,99919,100
2019-06-28 09:34:40.000000000,100068,199,100025,199,100069,199,100004,199,100073,199,100003,199,100074,299,99985,199,100077,299,99976,199,100078,100,99962,100,100080,100,99953,100,100088,100,99947,100,100097,100,99930,100,100098,100,99919,100
2019-06-28 09:34:50.000000000,100068,597,100025,597,100069,100,100004,100,100073,100,100003,100,100074,200,99985,100,100077,200,99976,100,100078,100,99962,100,100080,100,99953,100,100088,100,99947,100,100097,100,99930,100,100098,100,99919,100
2019-06-28 09:35:00.000000000,100068,199,100025,199,100069,199,100004,199,100073,199,100003,199,100074,299,99985,199,100077,299,99976,199,100078,100,99962,100,100080,100,99953,100,100088,100,99947,100,100097,100,99930,100,100098,100,99919,100
2019-06-28 09:35:03.709869658,100068,99,100025,199,100069,199,100004,199,100073,199,100003,199,100074,299,99985,199,100077,299,99976,199,100078,100,99962,100,100080,100,99953,100,100088,100,99947,100,100097,100,99930,100,100098,100,99919,100
2019-06-28 09:35:10.000000000,100069,224,100025,224,100073,224,100004,224,100074,324,100003,224,100077,324,99985,224,100078,100,99976,100,100080,100,99962,100,100088,100,99953,100,100097,100,99947,100,100098,100,99930,100,100124,100,99919,100
2019-06-28 09:35:13.259529128,100069,124,100025,224,100073,224,100004,224,100074,324,100003,224,100077,324,99985,224,100078,100,99976,100,100080,100,99962,100,100088,100,99953,100,100097,100,99947,100,100098,100,99930,100,100124,100,99919,100
2019-06-28 09:35:17.395683274,100069,124,100025,224,100073,224,100004,224,100074,324,100003,224,100077,324,99985,224,100078,100,99976,100,100080,100,99962,100,100088,100,99953,100,100097,100,99947,100,100098,100,99930,100,100124,100,99919,100
2019-06-28 09:35:20.000000000,100073,597,100025,597,100074,200,100004,100,100077,200,100003,100,100078,100,99985,100,100080,100,99976,100,100088,100,99962,100,100097,100,99953,100,100098,100,99947,100,100124,100,99930,100,100133,100,99919,100
2019-06-28 09:35:24.719516101,100073,497,100025,597,100074,200,100004,100,100077,200,100003,100,100078,100,99985,100,100080,100,99976,100,100088,100,99962,100,100097,100,99953,100,100098,100,99947,100,100124,100,99930,100,100133,100,99919,100
2019-06-28 09:35:30.000000000,100074,448,100025,348,100077,448,100004,348,100078,100,100003,100,100080,100,99985,100,100088,100,99976,100,100097,100,99962,100,100098,100,99953,100,100124,100,99947,100,100133,100,99930,100,100144,100,99919,100
2019-06-28 09:35:40.000000000,100074,697,100025,597,100077,200,100004,100,100078,100,100003,100,100080,100,99985,100,100088,100,99976,100,100097,100,99962,100,100098,100,99953,100,100124,100,99947,100,100133,100,99930,100,100144,100,99919,100
2019-06-28 09:35:40.520684963,100074,597,100025,597,100077,200,100004,100,100078,100,100003,100,100080,100,99985,100,100088,100,99976,100,100097,100,99962,100,100098,100,99953,100,100124,100,99947,100,100133,100,99930,100,100152,100,99919,100
2019-06-28 09:35:47.709902219,100074,597,100025,597,100077,200,100004,100,100078,100,100003,100,100080,100,99985,100,100088,100,99976,100,100097,100,99962,100,100098,100,99953,100,100124,100,99947,100,100133,100,99930,100,100152,100,99919,100
2019-06-28 09:35:48.319303399,100074,497,100025,597,100077,200,100004,100,100078,100,100003,100,100080,100,99985,100,100088,100,99976,100,100097,100,99962,100,100098,100,99953,100,100124,100,99947,100,100133,100,99930,100,100152,100,99919,100
2019-06-28 09:35:50.000000000,100077,324,100025,224,100078,224,100004,224,100080,224,100003,224,100088,224,99985,224,100097,100,99976,100,100098,100,99962,100,100124,100,99953,100,100133,100,99947,100,100152,100,99930,100,100164,200,99919,100
2019-06-28 09:36:00.000000000,100077,369,100025,269,100078,264,100004,264,100080,264,100003,264,100088,100,99985,100,100097,100,99976,100,100098,100,99962,100,100124,100,99953,100,100133,100,99947,100,100152,100,99930,100,100164,200,99919,100
2019-06-28 09:36:10.000000000,100077,324,100025,224,100078,224,100004,224,100080,224,100003,224,100088,224,99985,224,100097,100,99976,100,100098,100,99962,100,100124,100,99953,100,100133,100,99947,100,100152,100,99930,100,100164,200,99919,100
2019-06-28 09:36:20.000000000,100077,299,100025,199,100078,199,100004,199,100080,199,100003,199,100088,199,99985,199,100097,199,99976,199,100098,100,99962,100,100124,100,99953,100,100133,100,99947,100,100152,100,99930,100,100164,200,99919,100
2019-06-28 09:36:30.000000000,100077,299,100025,199,100078,199,100004,199,100080,199,100003,199,100088,199,99985,199,100097,199,99976,199,100098,100,99962,100,100124,100,99953,100,100133,100,99947,100,100152,100,99930,100,100164,200,99919,100
2019-06-28 09:36:40.000000000,100077,299,100025,199,100078,199,100004,199,100080,199,100003,199,100088,199,99985,199,100097,199,99976,199,100098,100,99962,100,100124,100,99953,100,100133,100,99947,100,100152,100,99930,100,100164,200,99919,100
2019-06-28 09:36:50.000000000,100077,697,100025,597,100078,100,100004,100,100080,100,100003,100,100088,100,99985,100,100097,100,99976,100,100098,100,99962,100,100124,100,99953,100,100133,100,99947,100,100152,100,99930,100,100164,200,99919,100
2019-06-28 09:36:56.124343375,100073,100,100025,597,100077,697,100004,100,100078,100,100003,100,100080,100,99985,100,100088,100,99976,100,100097,100,99962,100,100098,100,99953,100,100124,100,99947,100,100133,100,99930,100,100152,100,99919,100
2019-06-28 09:37:00.000000000,100073,597,100025,597,100077,200,100004,100,100078,100,100003,100,100080,100,99985,100,100088,100,99976,100,100097,100,99962,100,100098,100,99953,100,100124,100,99947,100,100133,100,99930,100,100152,100,99919,100
2019-06-28 09:37:01.721985976,100073,697,100025,597,100077,200,100004,100,100078,100,100003,100,100080,100,99985,100,100088,100,99976,100,100097,100,99962,100,100098,100,99953,100,100124,100,99947,100,100152,100,99930,100,100164,200,99919,100
2019-06-28 09:37:10.000000000,100073,697,100025,597,100077,200,100004,100,100078,100,100003,100,100080,100,99985,100,100088,100,99976,100,100097,100,99962,100,100098,100,99953,100,100124,100,99947,100,100152,100,99930,100,100164,200,99919,100
2019-06-28 09:37:13.420347204,100073,697,100025,597,100077,200,100004,100,100078,100,100003,100,100080,100,99985,100,100088,100,99976,100,100097,100,99962,100,100098,100,99953,100,100124,100,99947,100,100152,100,99930,100,100164,200,99919,100
2019-06-28 09:37:18.578297968,100051,100,100025,597,100073,697,100004,100,100077,200,100003,100,100078,100,99985,100,100080,100,99976,100,100088,100,99962,100,100097,100,99953,100,100098,100,99947,100,100124,100,99930,100,100152,100,99919,100
2019-06-28 09:37:20.000000000,100051,348,100025,348,100073,448,100004,348,100077,200,100003,100,100078,100,99985,100,100080,100,99976,100,100088,100,99962,100,100097,100,99953,100,100098,100,99947,100,100124,100,99930,100,100152,100,99919,100
2019-06-28 09:37:23.660385718,100051,348,100025,348,100073,448,100004,348,100077,200,100003,100,100078,100,99985,100,100080,100,99976,100,100088,100,99962,100,100097,100,99953,100,100098,100,99947,100,100124,100,99930,100,100152,100,99919,100
2019-06-28 09:37:26.203680542,100051,348,100025,348,100073,548,100004,248,100077,200,100003,100,100078,100,99985,100,100080,100,99976,100,100088,100,99962,100,100097,100,99953,100,100098,100,99947,100,100124,100,99930,100,100152,100,99919,100
2019-06-28 09:37:30.000000000,100051,597,100025,597,100073,300,100003,100,100077,200,99985,100,100078,100,99976,100,100080,100,99962,100,100088,100,99953,100,100097,100,99947,100,100098,100,99930,100,100124,100,99919,100,100152,100,99899,100
2019-06-28 09:37:37.052126755,100051,597,100025,497,100073,300,100003,100,100077,200,99985,100,100078,100,99976,100,100080,100,99962,100,100088,100,99953,100,100098,100,99947,100,100124,100,99930,100,100152,100,99919,100,100164,200,99899,100
2019-06-28 09:37:40.000000000,100051,224,100003,224,100073,424,99985,224,100077,324,99976,224,100078,224,99962,224,100080,100,99953,100,100088,100,99947,100,100098,100,99930,100,100124,100,99919,100,100152,100,99899,100,100164,200,99891,100
2019-06-28 09:37:44.840231125,100051,224,100003,224,100073,424,99985,224,100077,324,99976,224,100078,224,99962,224,100080,100,99953,100,100088,100,99947,100,100098,100,99930,100,100124,100,99919,100,100152,100,99899,100,100164,200,99891,100
2019-06-28 09:37:50.000000000,100051,597,100003,597,100073,300,99985,100,100077,200,99976,100,100078,100,99962,100,100080,100,99953,100,100088,100,99947,100,100098,100,99930,100,100124,100,99919,100,100152,100,99899,100,100164,200,99891,100
2019-06-28 09:37:56.433575936,100051,597,100003,597,100073,300,99985,100,100077,200,99976,100,100078,100,99962,100,100080,100,99953,100,100088,100,99947,100,100098,100,99930,100,100124,100,99919,100,100152,100,99899,100,100164,200,99891,100
2019-06-28 09:38:00.000000000,100051,199,100003,199,100073,399,99985,199,100077,299,99976,199,100078,199,99962,199,100080,199,99953,199,100088,100,99947,100,100098,100,99930,100,100124,100,99919,100,100152,100,99899,100,100164,200,99891,100
2019-06-28 09:38:07.609802818,100051,199,100003,199,100073,399,99985,199,100077,299,99976,199,100078,199,99962,199,100080,199,99953,199,100088,100,99947,100,100098,100,99930,100,100124,100,99919,100,100152,100,99899,100,100164,200,99891,100
2019-06-28 09:38:08.529230434,100051,199,100003,199,100073,399,99985,199,100077,299,99976,199,100078,199,99962,199,100080,199,99953,199,100088,100,99947,100,100098,100,99930,100,100124,100,99919,100,100152,100,99899,100,100164,200,99891,100
2019-06-28 09:38:10.000000000,100051,199,100003,199,100073,399,99985,199,100077,299,99976,199,100078,199,99962,199,100080,199,99953,199,100088,100,99947,100,100098,100,99930,100,100124,100,99919,100,100152,100,99899,100,100164,200,99891,100
2019-06-28 09:38:10.573061399,100051,199,100026,100,100073,399,100003,199,100077,299,99985,199,100078,199,99976,199,100080,199,99962,199,100088,100,99953,199,100098,100,99947,100,100124,100,99930,100,100152,100,99919,100,100164,200,99899,100
2019-06-28 09:38:20.000000000,100051,224,100026,224,100073,424,100003,224,100077,324,99985,224,100078,224,99976,224,100080,100,99962,100,100088,100,99953,100,100098,100,99947,100,100124,100,99930,100,100152,100,99919,100,100164,200,99899,100
2019-06-28 09:38:30.000000000,100051,199,100026,199,100073,399,100003,199,100077,299,99985,199,100078,199,99976,199,100080,199,99962,199,100088,100,99953,100,100098,100,99947,100,100124,100,99930,100,100152,100,99919,100,100164,200,99899,100
2019-06-28 09:38:40.000000000,100051,224,100026,224,100073,424,100003,224,100077,324,99985,224,100078,224,99976,224,100080,100,99962,100,100088,100,99953,100,100098,100,99947,100,100124,100,99930,100,100152,100,99919,100,100164,200,99899,100
2019-06-28 09:38:50.000000000,100051,269,100026,269,100073,464,100003,264,100077,364,99985,264,100078,100,99976,100,100080,100,99962,100,100088,100,99953,100,100098,100,99947,100,100124,100,99930,100,100152,100,99919,100,100164,200,99899,100
2019-06-28 09:38:52.108352323,100051,269,100026,269,100073,464,100003,264,100077,364,99985,264,100078,100,99976,100,100080,100,99962,100,100088,100,99953,100,100098,100,99947,100,100124,100,99930,100,100164,200,99919,100,100174,100,99899,100
2019-06-28 09:39:00.000000000,100051,597,100026,597,100073,300,100003,100,100077,200,99985,100,100078,100,99976,100,100080,100,99962,100,100088,100,99953,100,100098,100,99947,100,100124,100,99930,100,100164,200,99919,100,100174,100,99899,100
2019-06-28 09:39:02.102882351,100051,597,100026,597,100073,300,100003,100,100077,200,99985,100,100078,100,99976,100,100080,100,99962,100,100088,100,99953,100,100098,100,99947,100,100124,100,99930,100,100164,200,99919,100,100174,100,99899,100
2019-06-28 09:39:03.104611065,100051,597,100026,597,100073,300,100003,100,100077,200,99985,100,100078,100,99976,100,100080,100,99962,100,100088,100,99953,100,100098,100,99947,100,100124,100,99930,100,100164,200,99919,100,100174,100,99899,100
2019-06-28 09:39:10.000000000,100051,597,100026,597,100073,300,100003,100,100077,200,99985,100,100078,100,99976,100,100080,100,99962,100,100088,100,99953,100,100098,100,99947,100,100124,100,99930,100,100164,200,99919,100,100174,100,99899,100
2019-06-28 09:39:15.248310510,100051,497,100026,597,100073,300,100003,100,100077,100,99985,100,100078,100,99976,100,100080,100,99962,100,100088,100,99953,100,100098,100,99947,100,100124,100,99930,100,100164,200,99919,100,100174,100,99899,100
2019-06-28 09:39:19.660242921,100051,397,100026,597,100073,300,100003,100,100077,100,99985,100,100078,100,99976,100,100080,100,99962,100,100088,100,99953,100,100098,100,99947,100,100124,100,99930,100,100164,200,99919,100,100174,100,99899,100
2019-06-28 09:39:20.000000000,100073,797,100026,597,100077,100,100003,100,100078,100,99985,100,100080,100,99976,100,100088,100,99962,100,100098,100,99953,100,100124,100,99947,100,100164,200,99930,100,100174,100,99919,100,100202,100,99899,100
2019-06-28 09:39:23.691416198,100073,697,100026,597,100077,100,100003,100,100078,100,99985,100,100080,100,99976,100,100088,100,99962,100,100098,100,99953,100,100124,100,99947,100,100164,200,99930,100,100174,100,99919,100,100202,100,99899,100
2019-06-28 09:39:30.000000000,100073,369,100026,269,100077,264,100003,264,100078,264,99985,264,100080,100,99976,100,100088,100,99962,100,100098,100,99953,100,100124,100,99947,100,100164,200,99930,100,100174,100,99919,100,100202,100,99899,100
2019-06-28 09:39:40.000000000,100073,448,100026,348,100077,348,100003,348,100078,100,99985,100,100080,100,99976,100,100088,100,99962,100,100098,100,99953,100,100124,100,99947,100,100164,200,99930,100,100174,100,99919,100,100202,100,99899,100
2019-06-28 09:39:50.000000000,100073,448,100026,348,100077,348,100003,348,100078,100,99985,100,100080,100,99976,100,100088,100,99962,100,100098,100,99953,100,100124,100,99947,100,100164,200,99930,100,100174,100,99919,100,100202,100,99899,100
2019-06-28 09:39:53.858227637,100073,348,100026,348,100077,348,100003,348,100078,100,99985,100,100080,100,99976,100,100088,100,99962,100,100098,100,99953,100,100124,100,99947,100,100164,200,99930,100,100174,100,99919,100,100202,100,99899,100
2019-06-28 09:40:00.000000000,100073,224,100026,224,100077,224,100003,224,100078,224,99985,224,100080,224,99976,224,100088,100,99962,100,100098,100,99953,100,100124,100,99947,100,100164,200,99930,100,100174,100,99919,100,100202,100,99899,100
2019-06-28 09:40:02.460816764,100073,124,100026,224,100077,224,100003,224,100078,224,99985,224,100080,224,99976,124,100088,100,99962,100,100098,100,99953,100,100124,100,99947,100,100164,200,99930,100,100174,100,99919,100,100202,100,99899,100
2019-06-28 09:40:10.000000000,100077,269,100026,269,100078,264,100003,264,100080,264,99985,264,100088,100,99962,100,100098,100,99953,100,100124,100,99947,100,100164,200,99930,100,100174,100,99919,100,100202,100,99899,100,100257,100,99891,100
2019-06-28 09:40:16.074349445,100077,169,100026,269,100078,264,100003,264,100080,264,99985,264,100088,100,99962,100,100098,100,99953,100,100124,100,99947,100,100164,200,99930,100,100174,100,99919,100,100202,100,99899,100,100257,100,99891,100
2019-06-28 09:40:17.287464845,100077,169,100073,100,100078,264,100026,269,100080,264,100003,264,100088,100,99985,264,100098,100,99962,100,100124,100,99953,100,100164,200,99947,100,100174,100,99930,100,100202,100,99919,100,100257,100,99899,100
2019-06-28 09:40:20.000000000,100078,597,100073,597,100080,100,100026,100,100088,100,100003,100,100098,100,99985,100,100124,100,99962,100,100164,200,99953,100,100174,100,99947,100,100202,100,99930,100,100257,100,99919,100,100470,100,99899,100
2019-06-28 09:40:27.519330566,100078,597,100073,597,100080,100,100026,100,100088,100,100003,100,100098,100,99985,100,100124,100,99962,100,100164,200,99953,100,100174,100,99947,100,100202,100,99919,100,100257,100,99899,100,100470,100,99891,100
2019-06-28 09:40:30.000000000,100078,597,100073,597,100080,100,100026,100,100088,100,100003,100,100098,100,99985,100,100124,100,99962,100,100164,200,99953,100,100174,100,99947,100,100202,100,99919,100,100257,100,99899,100,100470,100,99891,100
2019-06-28 09:40:40.000000000,100078,199,100073,199,100080,199,100026,199,100088,199,100003,199,100098,199,99985,199,100124,199,99962,199,100164,200,99953,100,100174,100,99947,100,100202,100,99919,100,100257,100,99899,100,100470,100,99891,100
2019-06-28 09:40:40.910044331,100078,199,100073,199,100080,199,100026,199,100088,199,100003,199,100098,199,99985,199,100124,199,99962,199,100164,200,99953,100,100174,100,99947,100,100202,100,99919,100,100257,100,99899,100,100470,100,99891,100
2019-06-28 09:40:50.000000000,100078,199,100073,199,100080,199,100026,199,100088,199,100003,199,100098,199,99985,199,100124,199,99962,199,100164,200,99953,100,100174,100,99947,100,100202,100,99919,100,100257,100,99899,100,100470,100,99891,100
2019-06-28 09:41:00.000000000,100078,597,100073,597,100080,100,100026,100,100088,100,100003,100,100098,100,99985,100,100124,100,99962,100,100164,200,99953,100,100174,100,99947,100,100202,100,99919,100,100257,100,99899,100,100470,100,99891,100
2019-06-28 09:41:10.000000000,100078,199,100073,199,100080,199,100026,199,100088,199,100003,199,100098,199,99985,199,100124,199,99962,199,100164,200,99953,100,100174,100,99947,100,100202,100,99919,100,100257,100,99899,100,100470,100,99891,100
2019-06-28 09:41:14.352654585,100078,99,100073,199,100080,199,100026,199,100088,199,100003,199,100098,199,99985,199,100124,199,99962,199,100164,200,99953,100,100174,100,99947,100,100202,100,99919,100,100257,100,99899,100,100470,100,99891,100
2019-06-28 09:41:20.000000000,100080,348,100073,348,100088,348,100026,348,100098,100,100003,100,100124,100,99985,100,100164,200,99962,100,100174,100,99953,100,100202,100,99947,100,100257,100,99919,100,100470,100,99899,100,100814,100,99891,100
2019-06-28 09:41:30.000000000,100080,199,100073,199,100088,199,100026,199,100098,199,100003,199,100124,199,99985,199,100164,299,99962,199,100174,100,99953,100,100202,100,99947,100,100257,100,99919,100,100470,100,99899,100,100814,100,99891,100
2019-06-28 09:41:36.280843250,100080,199,100077,100,100088,199,100073,199,100098,199,100026,199,100124,199,100003,199,100164,299,99985,199,100174,100,99962,199,100202,100,99953,100,100257,100,99947,100,100470,100,99919,100,100814,100,99899,100
2019-06-28 09:41:40.000000000,100080,348,100077,348,100088,348,100073,348,100098,100,100026,100,100124,100,100003,100,100164,200,99985,100,100174,100,99962,100,100202,100,99953,100,100257,100,99947,100,100470,100,99919,100,100814,100,99899,100
2019-06-28 09:41:50.000000000,100080,348,100077,348,100088,348,100073,348,100098,100,100026,100,100124,100,100003,100,100164,200,99985,100,100174,100,99962,100,100202,100,99953,100,100257,100,99947,100,100470,100,99919,100,100814,100,99899,100
2019-06-28 09:41:50.806224295,100080,348,100077,348,100088,348,100073,348,100098,100,100026,100,100124,100,100003,100,100164,200,99985,100,100174,100,99962,100,100202,100,99953,100,100257,100,99947,100,100470,100,99919,100,100814,100,99899,100
2019-06-28 09:42:00.000000000,100080,224,100077,224,100088,224,100073,224,100098,224,100026,224,100124,224,100003,224,100164,200,99985,100,100174,100,99962,100,100202,100,99953,100,100257,100,99947,100,100470,100,99919,100,100814,100,99899,100
2019-06-28 09:42:07.913325664,100080,124,100077,224,100088,224,100073,224,100098,224,100026,224,100124,224,100003,224,100164,200,99985,100,100174,100,99962,100,100202,100,99953,100,100257,100,99947,100,100470,100,99919,100,100814,100,99899,100
2019-06-28 09:42:08.095805023,100080,124,100078,100,100088,224,100077,224,100098,224,100073,224,100124,224,100026,224,100164,200,100003,224,100174,100,99985,100,100202,100,99962,100,100257,100,99953,100,100470,100,99947,100,100814,100,99919,100
2019-06-28 09:42:10.000000000,100088,269,100078,269,100098,264,100077,264,100124,264,100073,264,100164,200,100026,100,100174,100,100003,100,100202,100,99985,100,100257,100,99962,100,100470,100,99953,100,100814,100,99947,100,101110,100,99919,100
2019-06-28 09:42:20.000000000,100088,597,100078,597,100098,100,100077,100,100124,100,100073,100,100164,200,100026,100,100174,100,100003,100,100202,100,99985,100,100257,100,99962,100,100470,100,99953,100,100814,100,99947,100,101110,100,99919,100
2019-06-28 09:42:27.697803975,100088,497,100078,597,100098,100,100077,100,100124,100,100073,100,100164,100,100026,100,100174,100,100003,100,100202,100,99985,100,100257,100,99962,100,100470,100,99953,100,100814,100,99947,100,101110,100,99919,100
2019-06-28 09:42:30.000000000,100098,269,100078,269,100124,264,100077,264,100164,264,100073,264,100174,100,100026,100,100202,100,100003,100,100257,100,99985,100,100470,100,99962,100,100814,100,99953,100,101110,100,99947,100,101328,100,99919,100
2019-06-28 09:42:34.029011038,100098,269,100078,269,100124,264,100077,264,100164,264,100073,264,100174,100,100026,100,100202,100,99985,100,100257,100,99962,100,100470,100,99953,100,100814,100,99947,100,101110,100,99919,100,101328,100,99899,100
2019-06-28 09:42:40.000000000,100098,348,100078,348,100124,348,100077,348,100164,100,100073,100,100174,100,100026,100,100202,100,99985,100,100257,100,99962,100,100470,100,99953,100,100814,100,99947,100,101110,100,99919,100,101328,100,99899,100
2019-06-28 09:42:44.165471055,100098,248,100078,348,100124,348,100077,348,100164,100,100073,100,100174,100,100026,100,100202,100,99985,100,100257,100,99962,100,100470,100,99953,100,100814,100,99947,100,101110,100,99919,100,101328,100,99899,100
2019-06-28 09:42:48.956393535,100098,248,100088,100,100124,348,100078,248,100164,100,100077,348,100174,100,100073,100,100202,100,100026,100,100257,100,99985,100,100470,100,99962,100,100814,100,99953,100,101110,100,99947,100,101328,100,99919,100
2019-06-28 09:42:50.000000000,100124,597,100088,597,100164,100,100077,100,100174,100,100073,100,100202,100,100026,100,100257,100,99985,100,100470,100,99962,100,100814,100,99953,100,101110,100,99947,100,101328,100,99919,100,101433,100,99899,100
2019-06-28 09:42:55.916111280,100124,497,100088,597,100164,100,100077,100,100174,100,100073,100,100202,100,100026,100,100257,100,99985,100,100470,100,99962,100,100814,100,99953,100,101110,100,99947,100,101328,100,99919,100,101433,100,99899,100
2019-06-28 09:42:59.326504220,100124,497,100098,100,100164,100,100088,597,100174,100,100077,100,100202,100,100073,100,100257,100,99985,100,100470,100,99962,100,100814,100,99953,100,101110,100,99947,100,101328,100,99919,100,101433,100,99899,100
2019-06-28 09:43:00.000000000,100164,348,100098,348,100174,348,100088,348,100202,100,100077,100,100257,100,100073,100,100470,100,99985,100,100814,100,99962,100,101110,100,99953,100,101328,100,99947,100,101433,100,99919,100,101450,100,99899,100
2019-06-28 09:43:10.000000000,100164,348,100098,348,100174,348,100088,348,100202,100,100077,100,100257,100,100073,100,100470,100,99985,100,100814,100,99962,100,101110,100,99953,100,101328,100,99947,100,101433,100,99919,100,101450,100,99899,100
2019-06-28 09:43:20.000000000,100164,224,100098,224,100174,224,100088,224,100202,224,100077,224,100257,224,100073,224,100470,100,99985,100,100814,100,99962,100,101110,100,99953,100,101328,100,99947,100,101433,100,99919,100,101450,100,99899,100
2019-06-28 09:43:21.657652450,100164,124,100098,224,100174,224,100088,224,100202,224,100077,224,100257,224,100073,224,100470,100,99985,100,100814,100,99962,100,101110,100,99953,100,101328,100,99947,100,101433,100,99919,100,101450,100,99891,100
2019-06-28 09:43:30.000000000,100174,224,100098,224,100202,224,100088,224,100257,224,100077,224,100470,224,100073,224,100814,100,99985,100,101110,100,99962,100,101328,100,99953,100,101433,100,99947,100,101450,100,99919,100,101677,100,99891,100
2019-06-28 09:43:40.000000000,100174,224,100098,224,100202,224,100088,224,100257,224,100077,224,100470,224,100073,224,100814,100,99985,100,101110,100,99962,100,101328,100,99953,100,101433,100,99947,100,101450,100,99919,100,101677,100,99891,100
2019-06-28 09:43:50.000000000,100174,224,100098,224,100202,224,100088,224,100257,224,100077,224,100470,224,100073,224,100814,100,99985,100,101110,100,99962,100,101328,100,99953,100,101433,100,99947,100,101450,100,99919,100,101677,100,99891,100
2019-06-28 09:44:00.000000000,100174,224,100098,224,100202,224,100088,224,100257,224,100077,224,100470,224,100073,224,100814,100,99985,100,101110,100,99962,100,101328,100,99953,100,101433,100,99947,100,101450,100,99919,100,101677,100,99891,100
2019-06-28 09:44:03.662132083,100174,224,100098,224,100202,124,100088,224,100257,224,100077,224,100470,224,100073,224,100814,100,99985,100,101110,100,99962,100,101290,100,99953,100,101328,100,99947,100,101433,100,99919,100,101450,100,99891,100
2019-06-28 09:44:08.359804073,100174,224,100098,224,100202,124,100088,224,100257,224,100077,224,100470,224,100073,224,100814,100,99985,100,101057,100,99953,100,101110,100,99947,100,101290,100,99919,100,101328,100,99891,100,101433,100,99890,100
2019-06-28 09:44:10.000000000,100174,348,100098,348,100257,348,100088,348,100470,100,100077,100,100814,100,100073,100,101057,100,99985,100,101110,100,99953,100,101290,100,99947,100,101328,100,99919,100,101433,100,99891,100,101450,100,99890,100
2019-06-28 09:44:14.640906123,100174,248,100098,348,100257,348,100088,348,100470,100,100077,100,100814,100,100073,100,101057,100,99985,100,101110,100,99953,100,101290,100,99947,100,101328,100,99919,100,101433,100,99891,100,101450,100,99890,100
2019-06-28 09:44:16.963887029,100174,248,100098,348,100257,348,100088,348,100470,100,100077,100,100814,100,100073,100,101057,100,99985,100,101110,100,99953,100,101214,100,99947,100,101290,100,99919,100,101328,100,99891,100,101433,100,99890,100
2019-06-28 09:44:20.000000000,100257,224,100098,224,100470,224,100088,224,100814,224,100077,224,101057,224,100073,224,101110,100,99985,100,101214,100,99953,100,101290,100,99947,100,101328,100,99919,100,101433,100,99891,100,101450,100,99890,100
2019-06-28 09:44:30.000000000,100257,269,100098,269,100470,264,100088,264,100814,264,100077,264,101057,100,100073,100,101110,100,99985,100,101214,100,99953,100,101290,100,99947,100,101328,100,99919,100,101433,100,99891,100,101450,100,99890,100
2019-06-28 09:44:40.000000000,100257,224,100098,224,100470,224,100088,224,100814,224,100077,224,101057,224,100073,224,101110,100,99985,100,101214,100,99953,100,101290,100,99947,100,101328,100,99919,100,101433,100,99891,100,101450,100,99890,100
2019-06-28 09:44:50.000000000,100257,199,100098,199,100470,199,100088,199,100814,199,100077,199,101057,199,100073,199,101110,199,99985,199,101214,100,99953,100,101290,100,99947,100,101328,100,99919,100,101433,100,99891,100,101450,100,99890,100
2019-06-28 09:45:00.000000000,100257,199,100098,199,100470,199,100088,199,100814,199,100077,199,101057,199,100073,199,101110,199,99985,199,101214,100,99953,100,101290,100,99947,100,101328,100,99919,100,101433,100,99891,100,101450,100,99890,100
2019-06-28 09:45:10.000000000,100257,348,100098,348,100470,348,100088,348,100814,100,100077,100,101057,100,100073,100,101110,100,99985,100,101214,100,99953,100,101290,100,99947,100,101328,100,99919,100,101433,100,99891,100,101450,100,99890,100
2019-06-28 09:45:12.542737069,100257,248,100098,348,100470,348,100088,348,100814,100,100077,100,101057,100,100073,100,101110,100,99985,100,101214,100,99953,100,101290,100,99947,100,101328,100,99919,100,101433,100,99891,100,101450,100,99890,100
2019-06-28 09:45:12.867564977,100257,248,100098,348,100470,348,100088,348,100814,100,100077,100,100935,100,100073,100,101057,100,99985,100,101110,100,99953,100,101214,100,99947,100,101290,100,99891,100,101328,100,99890,100,101433,100,99883,100
2019-06-28 09:45:20.000000000,100470,597,100098,597,100814,100,100088,100,100935,100,100077,100,101057,100,100073,100,101110,100,99985,100,101214,100,99953,100,101290,100,99947,100,101328,100,99891,100,101433,100,99890,100,101450,100,99883,100
2019-06-28 09:45:26.394422266,100470,497,100098,597,100814,100,100088,100,100935,100,100077,100,101057,100,100073,100,101110,100,99985,100,101214,100,99953,100,101290,100,99947,100,101328,100,99891,100,101433,100,99890,100,101450,100,99883,100
2019-06-28 09:45:28.179083608,100470,497,100098,597,100577,100,100088,100,100814,100,100077,100,100935,100,100073,100,101057,100,99985,100,101110,100,99953,100,101214,100,99947,100,101290,100,99891,100,101328,100,99890,100,101433,100,99883,100
2019-06-28 09:45:28.762618107,100470,497,100098,597,100577,100,100077,100,100814,100,100073,100,100935,100,99985,100,101057,100,99953,100,101110,100,99947,100,101214,100,99891,100,101290,100,99890,100,101328,100,99883,100,101433,100,99882,100
2019-06-28 09:45:30.000000000,100577,597,100098,597,100814,100,100077,100,100935,100,100073,100,101057,100,99985,100,101110,100,99953,100,101214,100,99947,100,101290,100,99891,100,101328,100,99890,100,101433,100,99883,100,101450,100,99882,100
2019-06-28 09:45:40.000000000,100577,348,100098,348,100814,348,100077,348,100935,100,100073,100,101057,100,99985,100,101110,100,99953,100,101214,100,99947,100,101290,100,99891,100,101328,100,99890,100,101433,100,99883,100,101450,100,99882,100
2019-06-28 09:45:50.000000000,100577,597,100098,597,100814,100,100077,100,100935,100,100073,100,101057,100,99985,100,101110,100,99953,100,101214,100,99947,100,101290,100,99891,100,101328,100,99890,100,101433,100,99883,100,101450,100,99882,100
2019-06-28 09:46:00.000000000,100577,224,100098,224,100814,224,100077,224,100935,224,100073,224,101057,224,99985,224,101110,100,99953,100,101214,100,99947,100,101290,100,99891,100,101328,100,99890,100,101433,100,99883,100,101450,100,99882,100
2019-06-28 09:46:00.935007659,100469,100,100098,224,100577,224,100077,224,100814,224,100073,224,100935,224,99985,224,101057,224,99953,100,101110,100,99947,100,101214,100,99891,100,101290,100,99890,100,101328,100,99883,100,101433,100,99882,100
2019-06-28 09:46:08.637974677,100386,100,100098,224,100469,100,100077,224,100577,224,100073,224,100814,224,99985,224,100935,224,99953,100,101057,124,99947,100,101110,100,99891,100,101214,100,99890,100,101290,100,99883,100,101328,100,99882,100
2019-06-28 09:46:10.000000000,100386,597,100098,597,100469,100,100077,100,100577,100,100073,100,100814,100,99985,100,100935,100,99953,100,101110,100,99947,100,101214,100,99891,100,101290,100,99890,100,101328,100,99883,100,101433,100,99882,100
2019-06-28 09:46:12.376023014,100386,597,100257,100,100469,100,100098,597,100577,100,100077,100,100814,100,100073,100,100935,100,99985,100,101110,100,99953,100,101214,100,99947,100,101290,100,99891,100,101328,100,99890,100,101433,100,99883,100
2019-06-28 09:46:20.000000000,100386,348,100257,348,100469,348,100098,348,100577,100,100077,100,100814,100,100073,100,100935,100,99985,100,101110,100,99953,100,101214,100,99947,100,101290,100,99891,100,101328,100,99890,100,101433,100,99883,100
2019-06-28 09:46:30.000000000,100386,269,100257,269,100469,264,100098,264,100577,264,100077,264,100814,100,100073,100,100935,100,99985,100,101110,100,99953,100,101214,100,99947,100,101290,100,99891,100,101328,100,99890,100,101433,100,99883,100
2019-06-28 09:46:38.618357044,100269,100,100257,269,100386,269,100098,264,100469,264,100077,264,100577,264,100073,100,100814,100,99985,100,100935,100,99953,100,101110,100,99947,100,101214,100,99891,100,101290,100,99890,100,101328,100,99883,100
2019-06-28 09:46:40.000000000,100269,348,100257,348,100386,348,100098,348,100469,100,100077,100,100577,100,100073,100,100814,100,99985,100,100935,100,99953,100,101110,100,99947,100,101214,100,99891,100,101290,100,99890,100,101328,100,99883,100
2019-06-28 09:46:41.044908705,100269,348,100257,348,100386,348,100098,348,100469,200,100077,100,100577,100,100073,100,100814,100,99985,100,100935,100,99953,100,101110,100,99947,100,101214,100,99891,100,101290,100,99890,100,101328,100,99883,100
2019-06-28 09:46:50.000000000,100269,597,100257,597,100386,100,100098,100,100469,200,100077,100,100577,100,100073,100,100814,100,99985,100,100935,100,99953,100,101110,100,99947,100,101214,100,99891,100,101290,100,99890,100,101328,100,99883,100
2019-06-28 09:46:56.869908072,100269,597,100257,597,100386,100,100098,100,100469,200,100077,100,100577,100,100073,100,100605,100,99985,100,100814,100,99953,100,100935,100,99947,100,101110,100,99891,100,101214,100,99890,100,101290,100,99883,100
2019-06-28 09:47:00.000000000,100269,224,100257,224,100386,224,100098,224,100469,324,100077,224,100577,224,100073,224,100605,100,99985,100,100814,100,99953,100,100935,100,99947,100,101110,100,99891,100,101214,100,99890,100,101290,100,99883,100
2019-06-28 09:47:06.246025403,100269,124,100257,224,100386,224,100098,224,100469,324,100077,224,100577,224,100073,224,100605,100,99985,100,100814,100,99953,100,100935,100,99947,100,101110,100,99891,100,101214,100,99890,100,101290,100,99883,100
2019-06-28 09:47:10.000000000,100386,597,100257,597,100469,200,100098,100,100577,100,100077,100,100605,100,100073,100,100814,100,99985,100,100935,100,99953,100,101110,100,99947,100,101214,100,99891,100,101290,100,99890,100,101328,100,99883,100
2019-06-28 09:47:20.000000000,100386,597,100257,597,100469,200,100098,100,100577,100,100077,100,100605,100,100073,100,100814,100,99985,100,100935,100,99953,100,101110,100,99947,100,101214,100,99891,100,101290,100,99890,100,101328,100,99883,100
2019-06-28 09:47:24.433190754,100268,100,100257,597,100386,597,100098,100,100469,200,100077,100,100577,100,100073,100,100605,100,99985,100,100814,100,99953,100,100935,100,99947,100,101110,100,99891,100,101214,100,99890,100,101290,100,99883,100
2019-06-28 09:47:30.000000000,100268,269,100257,269,100386,264,100098,264,100469,364,100077,264,100577,100,100073,100,100605,100,99985,100,100814,100,99953,100,100935,100,99947,100,101110,100,99891,100,101214,100,99890,100,101290,100,99883,100
2019-06-28 09:47:40.000000000,100268,269,100257,269,100386,264,100098,264,100469,364,100077,264,100577,100,100073,100,100605,100,99985,100,100814,100,99953,100,100935,100,99947,100,101110,100,99891,100,101214,100,99890,100,101290,100,99883,100
2019-06-28 09:47:48.235165675,100268,269,100257,269,100386,264,100098,264,100469,364,100077,264,100577,100,100073,100,100605,100,99985,100,100814,100,99953,100,100935,100,99947,100,101110,100,99891,100,101214,100,99890,100,101290,100,99883,100
2019-06-28 09:47:50.000000000,100268,348,100257,348,100386,348,100098,348,100469,200,100077,100,100577,100,100073,100,100605,100,99985,100,100814,100,99953,100,100935,100,99947,100,101110,100,99891,100,101214,100,99890,100,101290,100,99883,100
2019-06-28 09:48:00.000000000,100268,597,100257,597,100386,100,100098,100,100469,200,100077,100,100577,100,100073,100,100605,100,99985,100,100814,100,99953,100,100935,100,99947,100,101110,100,99891,100,101214,100,99890,100,101290,100,99883,100
2019-06-28 09:48:10.000000000,100268,269,100257,269,100386,264,100098,264,100469,364,100077,264,100577,100,100073,100,100605,100,99985,100,100814,100,99953,100,100935,100,99947,100,101110,100,99891,100,101214,100,99890,100,101290,100,99883,100
2019-06-28 09:48:20.000000000,100268,224,100257,224,100386,224,100098,224,100469,324,100077,224,100577,224,100073,224,100605,100,99985,100,100814,100,99953,100,100935,100,99947,100,101110,100,99891,100,101214,100,99890,100,101290,100,99883,100
2019-06-28 09:48:22.765928230,100268,324,100257,224,100386,224,100098,224,100469,324,100077,224,100577,224,100073,224,100605,100,99985,100,100814,100,99953,100,100935,100,99947,100,101110,100,99891,100,101214,100,99890,100,101290,100,99883,100
2019-06-28 09:48:23.960202531,100268,324,100257,224,100386,224,100098,224,100469,324,100077,224,100577,224,100073,224,100605,100,99985,100,100814,100,99953,100,100935,100,99947,100,101110,100,99891,100,101214,100,99890,100,101290,100,99883,100
2019-06-28 09:48:30.000000000,100268,448,100257,348,100386,348,100098,348,100469,200,100077,100,100577,100,100073,100,100605,100,99985,100,100814,100,99953,100,100935,100,99947,100,101110,100,99891,100,101214,100,99890,100,101290,100,99883,100
2019-06-28 09:48:30.025514977,100268,448,100257,348,100386,348,100098,348,100469,200,100077,100,100577,100,100073,100,100605,100,99985,100,100814,100,99953,100,100935,100,99947,100,101110,100,99891,100,101214,100,99890,100,101290,100,99883,100
2019-06-28 09:48:40.000000000,100268,448,100257,348,100386,348,100098,348,100469,200,100077,100,100577,100,100073,100,100605,100,99985,100,100814,100,99953,100,100935,100,99947,100,101110,100,99891,100,101214,100,99890,100,101290,100,99883,100
2019-06-28 09:48:50.000000000,100268,369,100257,269,100386,264,100098,264,100469,364,100077,264,100577,100,100073,100,100605,100,99985,100,100814,100,99953,100,100935,100,99947,100,101110,100,99891,100,101214,100,99890,100,101290,100,99883,100
2019-06-28 09:48:51.383763761,100268,469,100257,269,100386,264,100098,264,100469,364,100077,264,100577,100,100073,100,100605,100,99985,100,100814,100,99953,100,100935,100,99947,100,101110,100,99891,100,101214,100,99890,100,101290,100,99883,100
2019-06-28 09:49:00.000000000,100268,797,100257,597,100386,100,100098,100,100469,200,100077,100,100577,100,100073,100,100605,100,99985,100,100814,100,99953,100,100935,100,99947,100,101110,100,99891,100,101214,100,99890,100,101290,100,99883,100
2019-06-28 09:49:10.000000000,100268,424,100257,224,100386,224,100098,224,100469,324,100077,224,100577,224,100073,224,100605,100,99985,100,100814,100,99953,100,100935,100,99947,100,101110,100,99891,100,101214,100,99890,100,101290,100,99883,100
2019-06-28 09:49:20.000000000,100268,469,100257,269,100386,264,100098,264,100469,364,100077,264,100577,100,100073,100,100605,100,99985,100,100814,100,99953,100,100935,100,99947,100,101110,100,99891,100,101214,100,99890,100,101290,100,99883,100
2019-06-28 09:49:30.000000000,100268,469,100257,269,100386,264,100098,264,100469,364,100077,264,100577,100,100073,100,100605,100,99985,100,100814,100,99953,100,100935,100,99947,100,101110,100,99891,100,101214,100,99890,100,101290,100,99883,100
2019-06-28 09:49:39.318921619,100268,569,100257,269,100386,264,100098,264,100469,364,100077,264,100577,100,100073,100,100605,100,99985,100,100814,100,99953,100,100935,100,99947,100,101110,100,99891,100,101214,100,99890,100,101290,100,99883,100
2019-06-28 09:49:40.000000000,100268,897,100257,597,100386,100,100098,100,100469,200,100077,100,100577,100,100073,100,100605,100,99985,100,100814,100,99953,100,100935,100,99947,100,101110,100,99891,100,101214,100,99890,100,101290,100,99883,100
2019-06-28 09:49:50.000000000,100268,897,100257,597,100386,100,100098,100,100469,200,100077,100,100577,100,100073,100,100605,100,99985,100,100814,100,99953,100,100935,100,99947,100,101110,100,99891,100,101214,100,99890,100,101290,100,99883,100
2019-06-28 09:50:00.000000000,100268,524,100257,224,100386,224,100098,224,100469,324,100077,224,100577,224,100073,224,100605,100,99985,100,100814,100,99953,100,100935,100,99947,100,101110,100,99891,100,101214,100,99890,100,101290,100,99883,100
2019-06-28 09:50:08.312699261,100268,624,100257,224,100386,224,100098,224,100469,224,100077,224,100577,224,100073,224,100605,100,99985,100,100814,100,99953,100,100935,100,99947,100,101110,100,99891,100,101214,100,99890,100,101290,100,99883,100
2019-06-28 09:50:10.000000000,100268,599,100257,199,100386,199,100098,199,100469,199,100077,199,100577,199,100073,199,100605,199,99985,199,100814,100,99953,100,100935,100,99947,100,101110,100,99891,100,101214,100,99890,100,101290,100,99883,100
2019-06-28 09:50:19.136170255,100268,599,100257,199,100386,199,100098,199,100469,199,100077,199,100577,199,100073,199,100605,199,99985,199,100814,100,99953,100,100935,100,99947,100,101110,100,99891,100,101214,100,99890,100,101290,100,99883,100
2019-06-28 09:50:20.000000000,100268,669,100257,269,100386,264,100098,264,100469,264,100077,264,100577,100,100073,100,100605,100,99985,100,100814,100,99953,100,100935,100,99947,100,101110,100,99891,100,101214,100,99890,100,101290,100,99883,100
2019-06-28 09:50:30.000000000,100268,748,100257,348,100386,348,100098,348,100469,100,100077,100,100577,100,100073,100,100605,100,99985,100,100814,100,99953,100,100935,100,99947,100,101110,100,99891,100,101214,100,99890,100,101290,100,99883,100
2019-06-28 09:50:40.000000000,100268,748,100257,348,100386,348,100098,348,100469,100,100077,100,100577,100,100073,100,100605,100,99985,100,100814,100,99953,100,100935,100,99947,100,101110,100,99891,100,101214,100,99890,100,101290,100,99883,100
2019-06-28 09:50:50.000000000,100268,748,100257,348,100386,348,100098,348,100469,100,100077,100,100577,100,100073,100,100605,100,99985,100,100814,100,99953,100,100935,100,99947,100,101110,100,99891,100,101214,100,99890,100,101290,100,99883,100
2019-06-28 09:50:56.251347287,100268,748,100257,348,100386,348,100098,348,100469,100,100077,100,100577,100,100073,100,100605,100,99985,100,100814,100,99953,100,100935,100,99947,100,101110,100,99891,100,101214,100,99890,100,101290,100,99834,100
2019-06-28 09:51:00.000000000,100268,669,100257,269,100386,264,100098,264,100469,264,100077,264,100577,100,100073,100,100605,100,99985,100,100814,100,99953,100,100935,100,99947,100,101110,100,99891,100,101214,100,99890,100,101290,100,99834,100
2019-06-28 09:51:10.000000000,100268,624,100257,224,100386,224,100098,224,100469,224,100077,224,100577,224,100073,224,100605,100,99985,100,100814,100,99953,100,100935,100,99947,100,101110,100,99891,100,101214,100,99890,100,101290,100,99834,100
2019-06-28 09:51:20.000000000,100268,748,100257,348,100386,348,100098,348,100469,100,100077,100,100577,100,100073,100,100605,100,99985,100,100814,100,99953,100,100935,100,99947,100,101110,100,99891,100,101214,100,99890,100,101290,100,99834,100
2019-06-28 09:51:30.000000000,100268,748,100257,348,100386,348,100098,348,100469,100,100077,100,100577,100,100073,100,100605,100,99985,100,100814,100,99953,100,100935,100,99947,100,101110,100,99891,100,101214,100,99890,100,101290,100,99834,100
2019-06-28 09:51:39.540535736,100268,748,100257,348,100386,348,100098,348,100469,100,100077,100,100577,100,100073,100,100605,100,99985,100,100814,100,99953,100,100935,100,99947,100,101110,100,99891,100,101214,100,99890,100,101290,100,99834,100
2019-06-28 09:51:40.000000000,100268,997,100257,597,100386,100,100098,100,100469,100,100077,100,100577,100,100073,100,100605,100,99985,100,100814,100,99953,100,100935,100,99947,100,101110,100,99891,100,101214,100,99890,100,101290,100,99834,100
2019-06-28 09:51:41.437005951,100268,997,100257,497,100386,100,100098,100,100469,100,100077,100,100577,100,100073,100,100605,100,99985,100,100814,100,99953,100,100935,100,99947,100,101110,100,99891,100,101214,100,99890,100,101290,100,99834,100
2019-06-28 09:51:48.753893474,100268,897,100257,497,100386,100,100098,100,100469,100,100077,100,100577,100,100073,100,100605,100,99985,100,100814,100,99953,100,100935,100,99947,100,101110,100,99891,100,101214,100,99890,100,101290,100,99834,100
2019-06-28 09:51:49.015593059,100268,897,100257,397,100386,100,100098,100,100469,100,100077,100,100577,100,100073,100,100605,100,99985,100,100814,100,99953,100,100935,100,99947,100,101110,100,99891,100,101214,100,99890,100,101290,100,99834,100
2019-06-28 09:51:50.000000000,100268,648,100098,348,100386,348,100077,348,100469,100,100073,100,100577,100,99985,100,100605,100,99953,100,100814,100,99947,100,100935,100,99891,100,101110,100,99890,100,101214,100,99834,100,101290,100,99753,100
2019-06-28 09:51:51.783791184,100268,648,100098,348,100386,348,100077,348,100469,100,100073,100,100577,100,99985,100,100605,100,99953,100,100814,100,99947,100,100935,100,99891,100,101110,100,99890,100,101214,100,99834,100,101290,100,99753,100
2019-06-28 09:51:53.990478601,100267,100,100098,348,100268,648,100077,348,100386,348,100073,100,100469,100,99985,100,100577,100,99953,100,100605,100,99947,100,100814,100,99891,100,100935,100,99890,100,101110,100,99834,100,101214,100,99753,100
2019-06-28 09:51:56.255068572,100267,100,100098,348,100268,648,100077,348,100386,348,100073,100,100469,100,99985,100,100577,100,99953,100,100605,100,99947,100,100814,100,99891,100,100935,100,99890,100,101110,100,99834,100,101214,100,99753,100
2019-06-28 09:52:00.000000000,100267,269,100098,269,100268,564,100077,264,100386,264,100073,264,100469,100,99985,100,100577,100,99953,100,100605,100,99947,100,100814,100,99891,100,100935,100,99890,100,101110,100,99834,100,101214,100,99753,100
2019-06-28 09:52:10.000000000,100267,199,100098,199,100268,499,100077,199,100386,199,100073,199,100469,199,99985,199,100577,199,99953,199,100605,100,99947,100,100814,100,99891,100,100935,100,99890,100,101110,100,99834,100,101214,100,99753,100
2019-06-28 09:52:19.046865897,100267,299,100098,199,100268,499,100077,199,100386,199,100073,199,100469,199,99985,199,100577,199,99953,199,100605,100,99947,100,100814,100,99891,100,100935,100,99890,100,101110,100,99834,100,101214,100,99753,100
2019-06-28 09:52:20.000000000,100267,369,100098,269,100268,564,100077,264,100386,264,100073,264,100469,100,99985,100,100577,100,99953,100,100605,100,99947,100,100814,100,99891,100,100935,100,99890,100,101110,100,99834,100,101214,100,99753,100
2019-06-28 09:52:30.000000000,100267,448,100098,348,100268,648,100077,348,100386,100,100073,100,100469,100,99985,100,100577,100,99953,100,100605,100,99947,100,100814,100,99891,100,100935,100,99890,100,101110,100,99834,100,101214,100,99753,100
2019-06-28 09:52:30.796047961,100267,448,100098,348,100268,648,100077,348,100386,100,100073,100,100469,100,99985,100,100577,100,99953,100,100605,100,99947,100,100814,100,99891,100,100935,100,99890,100,101110,100,99834,100,101214,100,99752,100
2019-06-28 09:52:31.277554072,100267,448,100098,248,100268,648,100077,348,100386,100,100073,100,100469,100,99985,100,100577,100,99953,100,100605,100,99947,100,100814,100,99891,100,100935,100,99890,100,101110,100,99834,100,101214,100,99752,100
2019-06-28 09:52:40.000000000,100267,448,100077,348,100268,648,100073,348,100386,100,99985,100,100469,100,99953,100,100577,100,99947,100,100605,100,99891,100,100814,100,99890,100,100935,100,99834,100,101110,100,99752,100,101214,100,99743,100
2019-06-28 09:52:50.000000000,100267,369,100077,269,100268,564,100073,264,100386,264,99985,264,100469,100,99953,100,100577,100,99947,100,100605,100,99891,100,100814,100,99890,100,100935,100,99834,100,101110,100,99752,100,101214,100,99743,100
2019-06-28 09:53:00.000000000,100267,299,100077,199,100268,499,100073,199,100386,199,99985,199,100469,199,99953,199,100577,199,99947,199,100605,100,99891,100,100814,100,99890,100,100935,100,99834,100,101110,100,99752,100,101214,100,99743,100
2019-06-28 09:53:08.956818739,100267,299,100077,99,100268,499,100073,199,100386,199,99985,199,100469,199,99953,199,100577,199,99947,199,100605,100,99891,100,100814,100,99890,100,100935,100,99834,100,101110,100,99752,100,101214,100,99743,100
2019-06-28 09:53:10.000000000,100267,299,100073,199,100268,499,99985,199,100386,199,99953,199,100469,199,99947,199,100577,199,99891,199,100605,100,99890,100,100814,100,99834,100,100935,100,99752,100,101110,100,99743,100,101214,100,99722,100
2019-06-28 09:53:10.017945681,100267,299,100073,99,100268,499,99985,199,100386,199,99953,199,100469,199,99947,199,100577,199,99891,199,100605,100,99890,100,100814,100,99834,100,100935,100,99752,100,101214,100,99743,100,101290,100,99722,100
2019-06-28 09:53:19.929320661,100073,1,99985,199,100267,299,99953,199,100268,499,99947,99,100386,199,99891,199,100469,199,99890,100,100577,199,99834,100,100605,100,99752,100,100814,100,99743,100,100935,100,99722,100,101214,100,99617,100
2019-06-28 09:53:20.000000000,100073,498,99985,597,100267,200,99953,100,100268,400,99891,100,100386,100,99890,100,100469,100,99834,100,100577,100,99752,100,100605,100,99743,100,100814,100,99722,100,100935,100,99617,100,101214,100,99568,100
2019-06-28 09:53:25.283677356,100073,598,99985,597,100267,200,99953,100,100268,400,99891,100,100386,100,99890,100,100469,100,99834,100,100577,100,99752,100,100605,100,99743,100,100814,100,99722,100,100935,100,99617,100,101214,100,99568,100
2019-06-28 09:53:30.000000000,100073,349,99985,348,100267,448,99953,348,100268,400,99891,100,100386,100,99890,100,100469,100,99834,100,100577,100,99752,100,100605,100,99743,100,100814,100,99722,100,100935,100,99617,100,101214,100,99568,100
2019-06-28 09:53:40.000000000,100073,225,99985,224,100267,324,99953,224,100268,524,99891,224,100386,224,99890,224,100469,100,99834,100,100577,100,99752,100,100605,100,99743,100,100814,100,99722,100,100935,100,99617,100,101214,100,99568,100
2019-06-28 09:53:50.000000000,100073,200,99985,199,100267,299,99953,199,100268,499,99891,199,100386,199,99890,199,100469,199,99834,199,100577,100,99752,100,100605,100,99743,100,100814,100,99722,100,100935,100,99617,100,101214,100,99568,100
2019-06-28 09:53:52.922401327,100073,200,99985,199,100267,299,99953,199,100268,499,99891,199,100386,199,99890,199,100469,199,99834,199,100577,100,99752,100,100605,100,99743,100,100814,100,99722,100,100935,100,99696,100,101214,100,99617,100
2019-06-28 09:53:57.932659437,100073,200,99985,99,100267,299,99953,199,100268,499,99891,199,100386,199,99890,199,100469,199,99834,199,100577,100,99743,100,100605,100,99722,100,100814,100,99696,100,100935,100,99617,100,101214,100,99568,100
2019-06-28 09:54:00.000000000,100073,270,99953,269,100267,364,99891,264,100268,564,99890,264,100386,100,99834,100,100469,100,99743,100,100577,100,99722,100,100605,100,99696,100,100814,100,99617,100,100935,100,99568,100,101214,100,99252,100
2019-06-28 09:54:10.000000000,100073,349,99953,348,100267,448,99891,348,100268,400,99890,100,100386,100,99834,100,100469,100,99743,100,100577,100,99722,100,100605,100,99696,100,100814,100,99617,100,100935,100,99568,100,101214,100,99252,100
2019-06-28 09:54:18.433741282,100073,349,99953,348,100267,448,99891,348,100268,400,99890,100,100386,100,99834,100,100469,100,99743,100,100577,100,99722,100,100605,100,99696,100,100814,100,99617,100,100935,100,99595,100,101214,100,99568,100
2019-06-28 09:54:20.000000000,100073,349,99953,348,100267,448,99891,348,100268,400,99890,100,100386,100,99834,100,100469,100,99743,100,100577,100,99722,100,100605,100,99696,100,100814,100,99617,100,100935,100,99595,100,101214,100,99568,100
2019-06-28 09:54:26.516933026,100073,349,99953,248,100267,448,99891,348,100268,400,99890,100,100386,100,99834,100,100469,100,99743,100,100577,100,99722,100,100605,100,99696,100,100814,100,99617,100,100935,100,99595,100,101214,100,99568,100
2019-06-28 09:54:30.000000000,100073,270,99891,269,100267,364,99890,264,100268,564,99834,264,100386,100,99743,100,100469,100,99722,100,100577,100,99696,100,100605,100,99617,100,100814,100,99595,100,100935,100,99568,100,101214,100,99252,100
2019-06-28 09:54:40.000000000,100073,598,99891,597,100267,200,99890,100,100268,400,99834,100,100386,100,99743,100,100469,100,99722,100,100577,100,99696,100,100605,100,99617,100,100814,100,99595,100,100935,100,99568,100,101214,100,99252,100
2019-06-28 09:54:44.793887526,99985,100,99891,597,100073,598,99890,100,100267,200,99834,100,100268,400,99743,100,100386,100,99722,100,100469,100,99696,100,100577,100,99617,100,100605,100,99595,100,100814,100,99568,100,100935,100,99252,100
2019-06-28 09:54:50.000000000,99985,199,99891,199,100073,200,99890,199,100267,299,99834,199,100268,499,99743,199,100386,199,99722,199,100469,100,99696,100,100577,100,99617,100,100605,100,99595,100,100814,100,99568,100,100935,100,99252,100
2019-06-28 09:54:52.969930040,99985,199,99891,199,100073,200,99890,99,100267,299,99834,199,100268,499,99743,199,100386,199,99722,199,100469,100,99696,100,100577,100,99617,100,100605,100,99595,100,100814,100,99568,100,100935,100,99327,100
2019-06-28 09:55:00.000000000,99985,199,99891,199,100073,200,99834,199,100267,299,99743,199,100268,499,99722,199,100386,199,99696,199,100469,100,99617,100,100577,100,99595,100,100605,100,99568,100,100814,100,99327,100,100935,100,99252,100
2019-06-28 09:55:10.000000000,99985,597,99891,597,100073,101,99834,100,100267,200,99743,100,100268,400,99722,100,100386,100,99696,100,100469,100,99617,100,100577,100,99595,100,100605,100,99568,100,100814,100,99327,100,100935,100,99252,100
2019-06-28 09:55:10.102994625,99985,597,99891,497,100073,101,99834,100,100267,200,99743,100,100268,400,99722,100,100386,100,99696,100,100469,100,99617,100,100577,100,99595,100,100605,100,99568,100,100814,100,99327,100,100935,100,99252,100
2019-06-28 09:55:14.551083192,99985,597,99891,397,100073,101,99834,100,100267,200,99743,100,100268,400,99722,100,100386,100,99696,100,100469,100,99617,100,100577,100,99595,100,100605,100,99568,100,100814,100,99327,100,100935,100,99252,100
2019-06-28 09:55:20.000000000,99985,348,99834,348,100073,349,99743,348,100267,200,99722,100,100268,400,99696,100,100386,100,99617,100,100469,100,99595,100,100577,100,99568,100,100605,100,99327,100,100814,100,99252,100,100935,100,99200,100
2019-06-28 09:55:30.000000000,99985,224,99834,224,100073,225,99743,224,100267,324,99722,224,100268,524,99696,224,100386,100,99617,100,100469,100,99595,100,100577,100,99568,100,100605,100,99327,100,100814,100,99252,100,100935,100,99200,100
2019-06-28 09:55:31.483352364,99985,224,99834,224,100073,225,99743,224,100267,324,99722,224,100268,524,99696,224,100386,100,99653,100,100469,100,99617,100,100577,100,99595,100,100605,100,99568,100,100814,100,99327,100,100935,100,99252,100
2019-06-28 09:55:33.851011023,99985,224,99834,224,100073,225,99743,224,100267,324,99722,224,100268,524,99696,224,100386,100,99681,100,100469,100,99653,100,100577,100,99617,100,100814,100,99595,100,100935,100,99568,100,101214,100,99327,100
2019-06-28 09:55:40.000000000,99985,269,99834,269,100073,265,99743,264,100267,364,99722,264,100268,400,99696,100,100386,100,99681,100,100469,100,99653,100,100577,100,99617,100,100814,100,99595,100,100935,100,99568,100,101214,100,99327,100
2019-06-28 09:55:48.674078476,99891,100,99834,269,99985,269,99743,264,100073,265,99722,264,100267,364,99696,100,100268,400,99681,100,100386,100,99653,100,100469,100,99617,100,100577,100,99595,100,100814,100,99568,100,100935,100,99327,100
2019-06-28 09:55:50.000000000,99891,224,99834,224,99985,224,99743,224,100073,225,99722,224,100267,324,99696,224,100268,400,99681,100,100386,100,99653,100,100469,100,99617,100,100577,100,99595,100,100814,100,99568,100,100935,100,99327,100
2019-06-28 09:56:00.000000000,99891,348,99834,348,99985,348,99743,348,100073,101,99722,100,100267,200,99696,100,100268,400,99681,100,100386,100,99653,100,100469,100,99617,100,100577,100,99595,100,100814,100,99568,100,100935,100,99327,100
2019-06-28 09:56:10.000000000,99891,199,99834,199,99985,199,99743,199,100073,200,99722,199,100267,299,99696,199,100268,499,99681,199,100386,100,99653,100,100469,100,99617,100,100577,100,99595,100,100814,100,99568,100,100935,100,99327,100
2019-06-28 09:56:20.000000000,99891,224,99834,224,99985,224,99743,224,100073,225,99722,224,100267,324,99696,224,100268,400,99681,100,100386,100,99653,100,100469,100,99617,100,100577,100,99595,100,100814,100,99568,100,100935,100,99327,100
2019-06-28 09:56:30.000000000,99891,224,99834,224,99985,224,99743,224,100073,225,99722,224,100267,324,99696,224,100268,400,99681,100,100386,100,99653,100,100469,100,99617,100,100577,100,99595,100,100814,100,99568,100,100935,100,99327,100
2019-06-28 09:56:34.454898314,99891,224,99834,224,99985,224,99743,224,100073,225,99722,224,100188,100,99696,224,100267,324,99681,100,100268,400,99653,100,100386,100,99617,100,100469,100,99595,100,100577,100,99568,100,100814,100,99327,100
2019-06-28 09:56:40.000000000,99891,597,99834,597,99985,100,99743,100,100073,101,99722,100,100188,100,99696,100,100267,200,99681,100,100268,400,99653,100,100386,100,99617,100,100469,100,99595,100,100577,100,99568,100,100814,100,99327,100
2019-06-28 09:56:47.004256337,99891,497,99834,597,99985,100,99743,100,100073,101,99722,100,100188,100,99696,100,100267,200,99681,100,100268,400,99653,100,100386,100,99617,100,100469,100,99595,100,100577,100,99568,100,100814,100,99327,100
2019-06-28 09:56:50.000000000,99985,269,99834,269,100073,265,99743,264,100188,264,99722,264,100267,200,99696,100,100268,400,99681,100,100386,100,99653,100,100469,100,99617,100,100577,100,99595,100,100814,100,99568,100,100935,100,99327,100
2019-06-28 09:57:00.000000000,99985,199,99834,199,100073,200,99743,199,100188,199,99722,199,100267,299,99696,199,100268,499,99681,199,100386,100,99653,100,100469,100,99617,100,100577,100,99595,100,100814,100,99568,100,100935,100,99327,100
2019-06-28 09:57:01.787718294,99985,199,99834,199,100073,200,99743,199,100180,100,99722,199,100188,199,99696,199,100267,299,99681,199,100268,499,99653,100,100386,100,99617,100,100469,100,99595,100,100577,100,99568,100,100814,100,99327,100
2019-06-28 09:57:10.000000000,99985,597,99834,597,100073,101,99743,100,100180,100,99722,100,100188,100,99696,100,100267,200,99681,100,100268,400,99653,100,100386,100,99617,100,100469,100,99595,100,100577,100,99568,100,100814,100,99327,100
2019-06-28 09:57:20.000000000,99985,597,99834,597,100073,101,99743,100,100180,100,99722,100,100188,100,99696,100,100267,200,99681,100,100268,400,99653,100,100386,100,99617,100,100469,100,99595,100,100577,100,99568,100,100814,100,99327,100
2019-06-28 09:57:27.368894313,99985,597,99834,597,100073,101,99795,100,100180,100,99743,100,100188,100,99722,100,100267,200,99696,100,100268,400,99681,100,100386,100,99653,100,100469,100,99617,100,100577,100,99595,100,100814,100,99568,100
2019-06-28 09:57:30.000000000,99985,224,99834,224,100073,225,99795,224,100180,224,99743,224,100188,224,99722,224,100267,200,99696,100,100268,400,99681,100,100386,100,99653,100,100469,100,99617,100,100577,100,99595,100,100814,100,99568,100
2019-06-28 09:57:37.515823138,99985,224,99834,124,100073,225,99795,224,100180,224,99743,224,100188,224,99722,224,100267,200,99696,100,100268,400,99681,100,100386,100,99653,100,100469,100,99617,100,100577,100,99595,100,100935,100,99568,100
2019-06-28 09:57:40.000000000,99985,269,99795,269,100073,265,99743,264,100180,264,99722,264,100188,100,99696,100,100267,200,99681,100,100268,400,99653,100,100386,100,99617,100,100469,100,99595,100,100577,100,99568,100,100935,100,99327,100
2019-06-28 09:57:50.000000000,99985,348,99795,348,100073,349,99743,348,100180,100,99722,100,100188,100,99696,100,100267,200,99681,100,100268,400,99653,100,100386,100,99617,100,100469,100,99595,100,100577,100,99568,100,100935,100,99327,100
2019-06-28 09:58:00.000000000,99985,597,99795,597,100073,101,99743,100,100180,100,99722,100,100188,100,99696,100,100267,200,99681,100,100268,400,99653,100,100386,100,99617,100,100469,100,99595,100,100577,100,99568,100,100935,100,99327,100
2019-06-28 09:58:00.030231328,99985,597,99795,597,100073,101,99743,100,100180,100,99722,100,100188,100,99696,100,100267,200,99681,100,100268,400,99653,100,100386,100,99617,100,100469,100,99595,100,100577,100,99568,100,100935,100,99514,100
2019-06-28 09:58:00.852497664,99985,597,99795,497,100073,101,99743,100,100180,100,99722,100,100188,100,99696,100,100267,200,99681,100,100268,400,99653,100,100386,100,99617,100,100469,100,99595,100,100577,100,99568,100,100935,100,99514,100
2019-06-28 09:58:10.000000000,99985,597,99743,597,100073,101,99722,100,100180,100,99696,100,100188,100,99681,100,100267,200,99653,100,100268,400,99617,100,100386,100,99595,100,100469,100,99568,100,100577,100,99514,100,100935,100,99327,100
2019-06-28 09:58:20.000000000,99985,269,99743,269,100073,265,99722,264,100180,264,99696,264,100188,100,99681,100,100267,200,99653,100,100268,400,99617,100,100386,100,99595,100,100469,100,99568,100,100577,100,99514,100,100935,100,99327,100
2019-06-28 09:58:30.000000000,99985,269,99743,269,100073,265,99722,264,100180,264,99696,264,100188,100,99681,100,100267,200,99653,100,100268,400,99617,100,100386,100,99595,100,100469,100,99568,100,100577,100,99514,100,100935,100,99327,100
2019-06-28 09:58:32.671223127,99985,269,99743,269,100073,265,99722,264,100180,264,99696,264,100188,100,99681,100,100267,200,99653,100,100268,400,99617,100,100386,100,99595,100,100469,100,99568,100,100577,100,99514,100,100935,100,99327,100
2019-06-28 09:58:35.714045500,99834,100,99743,269,99985,269,99722,264,100073,265,99696,264,100180,264,99681,100,100188,100,99653,100,100267,200,99617,100,100268,400,99595,100,100386,100,99568,100,100577,100,99514,100,100935,100,99327,100
2019-06-28 09:58:40.000000000,99834,269,99743,269,99985,264,99722,264,100073,265,99696,264,100180,100,99681,100,100188,100,99653,100,100267,200,99617,100,100268,400,99595,100,100386,100,99568,100,100577,100,99514,100,100935,100,99327,100
2019-06-28 09:58:44.686268383,99834,269,99743,169,99985,264,99722,264,100073,265,99696,264,100180,100,99681,100,100188,100,99653,100,100267,200,99617,100,100268,400,99595,100,100386,100,99568,100,100577,100,99514,100,100935,100,99327,100
2019-06-28 09:58:50.000000000,99834,269,99722,269,99985,264,99696,264,100073,265,99681,264,100180,100,99653,100,100188,100,99617,100,100267,200,99595,100,100268,400,99568,100,100386,100,99514,100,100577,100,99327,100,100935,100,99252,100
2019-06-28 09:59:00.000000000,99834,597,99722,597,99985,100,99696,100,100073,101,99681,100,100180,100,99653,100,100188,100,99617,100,100267,200,99595,100,100268,400,99568,100,100386,100,99514,100,100577,100,99327,100,100935,100,99252,100
2019-06-28 09:59:05.319879565,99834,597,99722,597,99985,100,99696,100,100073,101,99681,100,100180,100,99653,100,100188,100,99617,100,100267,200,99595,100,100268,400,99568,100,100386,100,99514,100,100577,100,99327,100,100935,100,99252,100
2019-06-28 09:59:10.000000000,99834,199,99722,199,99985,199,99696,199,100073,200,99681,199,100180,199,99653,199,100188,199,99617,199,100267,200,99595,100,100268,400,99568,100,100386,100,99514,100,100577,100,99327,100,100935,100,99252,100
2019-06-28 09:59:18.401434310,99795,100,99722,199,99834,199,99696,199,99985,199,99681,199,100073,200,99653,199,100180,199,99617,199,100188,199,99595,100,100267,200,99568,100,100268,400,99514,100,100386,100,99327,100,100577,100,99252,100
2019-06-28 09:59:20.000000000,99795,199,99722,199,99834,199,99696,199,99985,199,99681,199,100073,200,99653,199,100180,199,99617,199,100188,100,99595,100,100267,200,99568,100,100268,400,99514,100,100386,100,99327,100,100577,100,99252,100
2019-06-28 09:59:26.841738086,99795,199,99722,199,99834,199,99696,199,99985,199,99681,199,100073,200,99653,199,100180,199,99617,199,100188,100,99595,100,100267,200,99568,100,100268,400,99514,100,100386,100,99430,100,100577,100,99327,100
2019-06-28 09:59:29.966784737,99795,199,99722,99,99834,199,99696,199,99985,199,99681,199,100073,199,99653,199,100180,199,99617,199,100188,100,99595,100,100267,200,99568,100,100268,400,99514,100,100386,100,99430,100,100577,100,99327,100
2019-06-28 09:59:30.000000000,99795,348,99696,348,99834,348,99681,348,99985,100,99653,100,100073,100,99617,100,100180,100,99595,100,100188,100,99568,100,100267,200,99514,100,100268,400,99430,100,100386,100,99327,100,100577,100,99252,100
2019-06-28 09:59:40.000000000,99795,597,99696,597,99834,100,99681,100,99985,100,99653,100,100073,100,99617,100,100180,100,99595,100,100188,100,99568,100,100267,200,99514,100,100268,400,99430,100,100386,100,99327,100,100577,100,99252,100
2019-06-28 09:59:50.000000000,99795,224,99696,224,99834,224,99681,224,99985,224,99653,224,100073,224,99617,224,100180,100,99595,100,100188,100,99568,100,100267,200,99514,100,100268,400,99430,100,100386,100,99327,100,100577,100,99252,100
2019-06-28 10:00:00.000000000,99795,199,99696,199,99834,199,99681,199,99985,199,99653,199,100073,199,99617,199,100180,199,99595,199,100188,100,99568,100,100267,200,99514,100,100268,400,99430,100,100386,100,99327,100,100577,100,99252,100
2019-06-28 10:00:07.107188848,99795,199,99696,199,99821,100,99681,199,99834,199,99653,199,99985,199,99617,99,100073,199,99595,199,100180,199,99568,100,100188,100,99514,100,100267,200,99430,100,100268,400,99327,100,100386,100,99252,100
2019-06-28 10:00:08.802553384,99795,199,99744,100,99821,100,99696,199,99834,199,99681,199,99985,199,99653,199,100073,199,99617,99,100180,199,99595,199,100188,100,99568,100,100267,200,99514,100,100268,400,99430,100,100386,100,99327,100
2019-06-28 10:00:10.000000000,99795,348,99744,348,99821,348,99696,348,99834,100,99681,100,99985,100,99653,100,100073,100,99595,100,100180,100,99568,100,100188,100,99514,100,100267,200,99430,100,100268,400,99327,100,100386,100,99252,100
2019-06-28 10:00:12.007975946,99795,348,99744,448,99821,348,99696,348,99834,100,99681,100,99985,100,99653,100,100073,100,99595,100,100180,100,99568,100,100188,100,99514,100,100267,200,99430,100,100268,300,99327,100,100386,100,99252,100
2019-06-28 10:00:19.358940728,99795,348,99744,448,99821,348,99696,348,99834,100,99681,100,99978,100,99653,100,99985,100,99595,100,100073,100,99568,100,100180,100,99514,100,100188,100,99327,100,100267,200,99252,100,100268,300,99080,100
2019-06-28 10:00:20.000000000,99795,269,99744,369,99821,264,99696,264,99834,264,99681,264,99978,100,99653,100,99985,100,99595,100,100073,100,99568,100,100180,100,99514,100,100188,100,99327,100,100267,200,99252,100,100268,300,99080,100
2019-06-28 10:00:22.866350615,99795,269,99744,369,99821,264,99696,264,99834,264,99681,264,99976,100,99653,100,99978,100,99595,100,99985,100,99568,100,100073,100,99514,100,100180,100,99327,100,100188,100,99252,100,100267,200,99080,100
2019-06-28 10:00:30.000000000,99795,269,99744,369,99821,264,99696,264,99834,264,99681,264,99976,100,99653,100,99978,100,99595,100,99985,100,99568,100,100073,100,99514,100,100180,100,99327,100,100188,100,99252,100,100267,200,99080,100
2019-06-28 10:00:33.384961439,99795,169,99744,369,99821,264,99696,264,99834,264,99681,264,99976,100,99653,100,99978,100,99595,100,99985,100,99568,100,100073,100,99514,100,100180,100,99327,100,100188,100,99252,100,100267,200,99080,100
2019-06-28 10:00:39.239340915,99795,69,99744,369,99821,264,99696,264,99834,264,99681,264,99976,100,99653,100,99978,100,99595,100,99985,100,99568,100,100073,100,99514,100,100180,100,99327,100,100188,100,99252,100,100267,200,99080,100
2019-06-28 10:00:40.000000000,99821,348,99744,448,99834,348,99696,348,99976,100,99681,100,99978,100,99653,100,99985,100,99595,100,100073,100,99568,100,100180,100,99514,100,100188,100,99327,100,100267,200,99252,100,100268,300,99080,100
2019-06-28 10:00:48.087045966,99821,348,99744,448,99834,348,99696,348,99976,100,99681,100,99978,100,99653,100,99985,100,99595,100,100056,100,99568,100,100073,100,99514,100,100180,100,99327,100,100188,100,99252,100,100267,200,99080,100
2019-06-28 10:00:50.000000000,99821,224,99744,324,99834,224,99696,224,99976,224,99681,224,99978,224,99653,224,99985,100,99595,100,100056,100,99568,100,100073,100,99514,100,100180,100,99327,100,100188,100,99252,100,100267,200,99080,100
2019-06-28 10:00:50.755508090,99821,124,99744,324,99834,224,99696,224,99976,224,99681,224,99978,224,99653,224,99985,100,99595,100,100056,100,99568,100,100073,100,99514,100,100180,100,99327,100,100188,100,99252,100,100267,200,99080,100
2019-06-28 10:00:55.602420822,99821,124,99758,100,99834,224,99744,324,99976,224,99696,224,99978,224,99681,224,99985,100,99653,224,100056,100,99595,100,100073,100,99568,100,100180,100,99514,100,100188,100,99327,100,100267,200,99252,100
2019-06-28 10:00:57.463048518,99821,24,99758,100,99834,224,99744,324,99976,224,99696,224,99978,224,99681,224,99985,100,99653,224,100056,100,99595,100,100073,100,99568,100,100188,100,99514,100,100267,200,99327,100,100268,300,99252,100
2019-06-28 10:01:00.000000000,99834,199,99758,199,99976,199,99744,299,99978,199,99696,199,99985,199,99681,199,100056,199,99653,199,100073,100,99595,100,100188,100,99568,100,100267,200,99514,100,100268,300,99327,100,100386,100,99252,100
2019-06-28 10:01:10.000000000,99834,224,99758,224,99976,224,99744,324,99978,224,99696,224,99985,224,99681,224,100056,100,99653,100,100073,100,99595,100,100188,100,99568,100,100267,200,99514,100,100268,300,99327,100,100386,100,99252,100
2019-06-28 10:01:20.000000000,99834,597,99758,597,99976,100,99744,200,99978,100,99696,100,99985,100,99681,100,100056,100,99653,100,100073,100,99595,100,100188,100,99568,100,100267,200,99514,100,100268,300,99327,100,100386,100,99252,100
2019-06-28 10:01:29.245668021,99834,597,99821,100,99976,100,99758,597,99978,100,99744,100,99985,100,99696,100,100056,100,99681,100,100073,100,99653,100,100188,100,99595,100,100267,200,99568,100,100268,300,99514,100,100386,100,99327,100
2019-06-28 10:01:30.000000000,99834,224,99821,224,99976,224,99758,224,99978,224,99744,224,99985,224,99696,224,100056,100,99681,100,100073,100,99653,100,100188,100,99595,100,100267,200,99568,100,100268,300,99514,100,100386,100,99327,100
2019-06-28 10:01:37.458080406,99834,124,99821,224,99976,224,99758,224,99978,224,99744,224,99985,224,99696,224,100056,100,99681,100,100073,100,99653,100,100267,200,99595,100,100268,300,99568,100,100386,100,99514,100,100577,100,99327,100
2019-06-28 10:01:40.000000000,99976,348,99821,348,99978,348,99758,348,99985,100,99744,100,100056,100,99696,100,100073,100,99681,100,100267,200,99653,100,100268,300,99595,100,100386,100,99568,100,100577,100,99514,100,100935,100,99327,100
2019-06-28 10:01:50.000000000,99976,224,99821,224,99978,224,99758,224,99985,224,99744,224,100056,224,99696,224,100073,100,99681,100,100267,200,99653,100,100268,300,99595,100,100386,100,99568,100,100577,100,99514,100,100935,100,99327,100
2019-06-28 10:02:00.000000000,99976,597,99821,597,99978,100,99758,100,99985,100,99744,100,100056,100,99696,100,100073,100,99681,100,100267,200,99653,100,100268,300,99595,100,100386,100,99568,100,100577,100,99514,100,100935,100,99327,100
2019-06-28 10:02:07.609471299,99976,497,99821,597,99978,100,99758,100,99985,100,99744,100,100056,100,99696,100,100073,100,99681,100,100267,200,99653,100,100268,300,99595,100,100386,100,99568,100,100577,100,99514,100,100935,100,99327,100
2019-06-28 10:02:10.000000000,99978,348,99821,348,99985,348,99758,348,100056,100,99744,100,100073,100,99696,100,100267,200,99681,100,100268,300,99653,100,100386,100,99595,100,100577,100,99568,100,100935,100,99514,100,101214,100,99327,100
2019-06-28 10:02:20.000000000,99978,199,99821,199,99985,199,99758,199,100056,199,99744,199,100073,199,99696,199,100267,299,99681,199,100268,300,99653,100,100386,100,99595,100,100577,100,99568,100,100935,100,99514,100,101214,100,99327,100
2019-06-28 10:02:21.194382953,99978,199,99821,199,99985,199,99758,199,100056,199,99744,199,100073,199,99696,199,100267,299,99681,199,100268,300,99653,100,100386,100,99595,100,100571,100,99568,100,100577,100,99514,100,100935,100,99327,100
2019-06-28 10:02:30.000000000,99978,269,99821,269,99985,264,99758,264,100056,264,99744,264,100073,100,99696,100,100267,200,99681,100,100268,300,99653,100,100386,100,99595,100,100571,100,99568,100,100577,100,99514,100,100935,100,99327,100
2019-06-28 10:02:37.697422782,99978,269,99834,100,99985,264,99821,269,100056,264,99758,264,100073,100,99744,264,100267,200,99696,100,100268,300,99681,100,100386,100,99653,100,100571,100,99595,100,100577,100,99568,100,100935,100,99514,100
2019-06-28 10:02:40.000000000,99978,348,99834,348,99985,348,99821,348,100056,100,99758,100,100073,100,99744,100,100267,200,99696,100,100268,300,99681,100,100386,100,99653,100,100571,100,99595,100,100577,100,99568,100,100935,100,99514,100
2019-06-28 10:02:50.000000000,99978,269,99834,269,99985,264,99821,264,100056,264,99758,264,100073,100,99744,100,100267,200,99696,100,100268,300,99681,100,100386,100,99653,100,100571,100,99595,100,100577,100,99568,100,100935,100,99514,100
2019-06-28 10:03:00.000000000,99978,269,99834,269,99985,264,99821,264,100056,264,99758,264,100073,100,99744,100,100267,200,99696,100,100268,300,99681,100,100386,100,99653,100,100571,100,99595,100,100577,100,99568,100,100935,100,99514,100
2019-06-28 10:03:10.000000000,99978,597,99834,597,99985,100,99821,100,100056,100,99758,100,100073,100,99744,100,100267,200,99696,100,100268,300,99681,100,100386,100,99653,100,100571,100,99595,100,100577,100,99568,100,100935,100,99514,100
2019-06-28 10:03:20.000000000,99978,199,99834,199,99985,199,99821,199,100056,199,99758,199,100073,199,99744,199,100267,299,99696,199,100268,300,99681,100,100386,100,99653,100,100571,100,99595,100,100577,100,99568,100,100935,100,99514,100
2019-06-28 10:03:30.000000000,99978,224,99834,224,99985,224,99821,224,100056,224,99758,224,100073,224,99744,224,100267,200,99696,100,100268,300,99681,100,100386,100,99653,100,100571,100,99595,100,100577,100,99568,100,100935,100,99514,100
2019-06-28 10:03:34.126197096,99978,224,99834,324,99985,224,99821,224,100056,224,99758,224,100073,124,99744,224,100267,200,99696,100,100268,300,99681,100,100386,100,99653,100,100571,100,99595,100,100577,100,99568,100,100935,100,99514,100
2019-06-28 10:03:39.812827820,99978,224,99834,324,99985,224,99821,224,100056,224,99758,224,100073,124,99744,224,100267,200,99696,100,100268,300,99653,100,100386,100,99595,100,100571,100,99568,100,100577,100,99514,100,100935,100,99327,100
2019-06-28 10:03:40.000000000,99978,348,99834,448,99985,348,99821,348,100056,100,99758,100,100267,200,99744,100,100268,300,99696,100,100386,100,99653,100,100571,100,99595,100,100577,100,99568,100,100935,100,99514,100,101214,100,99327,100
2019-06-28 10:03:50.000000000,99978,348,99834,448,99985,348,99821,348,100056,100,99758,100,100267,200,99744,100,100268,300,99696,100,100386,100,99653,100,100571,100,99595,100,100577,100,99568,100,100935,100,99514,100,101214,100,99327,100
2019-06-28 10:03:53.572077720,99978,248,99834,448,99985,348,99821,348,100056,100,99758,100,100267,200,99744,100,100268,300,99696,100,100386,100,99653,100,100571,100,99595,100,100577,100,99568,100,100935,100,99514,100,101214,100,99327,100
2019-06-28 10:04:00.000000000,99985,224,99834,324,100056,224,99821,224,100267,324,99758,224,100268,424,99744,224,100386,100,99696,100,100571,100,99653,100,100577,100,99595,100,100935,100,99568,100,101214,100,99514,100,101404,100,99327,100
2019-06-28 10:04:01.270990724,99985,124,99834,324,100056,224,99821,224,100267,324,99758,224,100268,424,99744,224,100386,100,99696,100,100571,100,99653,100,100577,100,99595,100,100935,100,99568,100,101214,100,99514,100,101404,100,99327,100
2019-06-28 10:04:02.522410126,99985,124,99834,324,100056,224,99821,224,100267,324,99758,224,100268,424,99744,224,100386,100,99696,100,100571,100,99653,100,100577,100,99595,100,100935,100,99568,100,101214,100,99514,100,101238,100,99327,100
2019-06-28 10:04:09.940046038,99985,24,99834,324,100056,224,99821,224,100267,324,99758,224,100268,424,99744,224,100386,100,99696,100,100571,100,99653,100,100577,100,99595,100,100935,100,99568,100,101214,100,99514,100,101238,100,99327,100
2019-06-28 10:04:10.000000000,100056,348,99834,448,100267,448,99821,348,100268,300,99758,100,100386,100,99744,100,100571,100,99696,100,100577,100,99653,100,100935,100,99595,100,101214,100,99568,100,101238,100,99514,100,101404,100,99327,100
2019-06-28 10:04:14.686652266,100056,248,99834,448,100267,448,99821,348,100268,300,99758,100,100386,100,99744,100,100571,100,99696,100,100577,100,99653,100,100935,100,99595,100,101214,100,99568,100,101238,100,99514,100,101404,100,99327,100
2019-06-28 10:04:20.000000000,100267,369,99834,369,100268,464,99821,264,100386,264,99758,264,100571,100,99744,100,100577,100,99696,100,100935,100,99653,100,101214,100,99595,100,101238,100,99568,100,101404,100,99514,100,101433,100,99327,100
2019-06-28 10:04:30.000000000,100267,299,99834,299,100268,399,99821,199,100386,199,99758,199,100571,199,99744,199,100577,199,99696,199,100935,100,99653,100,101214,100,99595,100,101238,100,99568,100,101404,100,99514,100,101433,100,99327,100
2019-06-28 10:04:31.351768308,100267,199,99834,299,100268,399,99821,199,100386,199,99758,199,100571,199,99744,199,100577,199,99696,199,100935,100,99653,100,101214,100,99595,100,101238,100,99568,100,101404,100,99514,100,101433,100,99327,100
2019-06-28 10:04:35.044336365,100267,99,99834,299,100268,399,99821,199,100386,199,99758,199,100571,199,99744,199,100577,199,99696,99,100935,100,99653,100,101214,100,99595,100,101238,100,99568,100,101404,100,99514,100,101433,100,99327,100
2019-06-28 10:04:37.245393481,100268,399,100267,1,100386,199,99834,299,100571,199,99821,199,100577,199,99758,199,100935,100,99744,99,101214,100,99696,99,101238,100,99653,100,101404,100,99595,100,101433,100,99568,100,,,99514,100
2019-06-28 10:04:40.000000000,100268,399,100267,100,100386,199,99834,299,100571,199,99821,199,100577,199,99758,199,100935,199,99653,199,101214,100,99595,100,101238,100,99568,100,101404,100,99514,100,101433,100,99327,100,,,99252,100
2019-06-28 10:04:50.000000000,100268,469,100267,170,100386,264,99834,364,100571,264,99821,264,100577,100,99758,100,100935,100,99653,100,101214,100,99595,100,101238,100,99568,100,101404,100,99514,100,101433,100,99327,100,,,99252,100
2019-06-28 10:05:00.000000000,100268,548,100267,249,100386,348,99834,448,100571,100,99821,100,100577,100,99758,100,100935,100,99653,100,101214,100,99595,100,101238,100,99568,100,101404,100,99514,100,101433,100,99327,100,,,99252,100
2019-06-28 10:05:03.730813706,100268,548,100267,249,100386,248,99834,448,100571,100,99821,100,100577,100,99758,100,100935,100,99653,100,101072,100,99595,100,101214,100,99568,100,101238,100,99514,100,101404,100,99327,100,101433,100,99252,100
