,ask_price_1,ask_size_1,bid_price_1,bid_size_1,ask_price_2,ask_size_2,bid_price_2,bid_size_2,ask_price_3,ask_size_3,bid_price_3,bid_size_3,ask_price_4,ask_size_4,bid_price_4,bid_size_4,ask_price_5,ask_size_5,bid_price_5,bid_size_5,ask_price_6,ask_size_6,bid_price_6,bid_size_6,ask_price_7,ask_size_7,bid_price_7,bid_size_7,ask_price_8,ask_size_8,bid_price_8,bid_size_8,ask_price_9,ask_size_9,bid_price_9,bid_size_9,ask_price_10,ask_size_10,bid_price_10,bid_size_10
2019-06-28 09:30:00.000000000,,,99886,100,,,,,,,,,,,,,,,,,,,,,,,,,,,,,,,,,,,,
2019-06-28 09:30:00.000000002,99944,100,99886,100,100038,100,,,100059,100,,,,,,,,,,,,,,,,,,,,,,,,,,,,,,
2019-06-28 09:30:00.000000005,99944,100,99886,100,100038,100,,,100059,100,,,100195,100,,,,,,,,,,,,,,,,,,,,,,,,,,
2019-06-28 09:30:00.000000008,100030,100,99886,100,100038,100,,,100059,100,,,100086,100,,,100195,100,,,,,,,,,,,,,,,,,,,,,,
2019-06-28 09:30:00.000000011,99997,100,99915,100,100030,100,99886,100,100038,100,,,100059,100,,,100086,100,,,100195,100,,,,,,,,,,,,,,,,,,
2019-06-28 09:30:00.000000012,99997,100,99917,100,100015,100,99915,100,100030,100,99886,100,100038,100,,,100059,100,,,100086,100,,,100195,100,,,,,,,,,,,,,,
2019-06-28 09:30:00.000000014,99997,100,99917,100,100015,100,99915,100,100030,100,99886,100,100034,100,,,100038,100,,,100059,100,,,100086,100,,,100195,100,,,,,,,,,,
2019-06-28 09:30:00.000000015,99997,100,99917,100,100015,100,99915,100,100030,100,99886,100,100034,100,,,100038,100,,,100059,100,,,100086,100,,,100124,100,,,100195,100,,,,,,
2019-06-28 09:30:00.000000017,99997,100,99940,100,100015,100,99921,100,100030,100,99917,100,100034,100,99915,100,100038,100,99886,100,100047,100,,,100059,100,,,100086,100,,,100124,100,,,100195,100,,
2019-06-28 09:30:00.000000018,99997,100,99942,100,100015,100,99940,100,100030,100,99921,100,100034,100,99917,100,100038,100,99915,100,100047,100,99886,100,100059,100,,,100086,100,,,100124,100,,,100195,100,,
2019-06-28 09:30:00.000000020,99997,100,99940,100,100015,100,99921,100,100030,100,99917,100,100034,100,99915,100,100038,100,99886,100,100047,100,,,100059,100,,,100086,100,,,100124,100,,,100195,100,,
2019-06-28 09:30:00.000000021,99997,100,99977,100,100015,100,99940,100,100030,100,99921,100,100034,100,99917,100,100038,100,99915,100,100047,100,99886,100,100059,100,,,100086,100,,,100124,100,,,100195,100,,
2019-06-28 09:30:00.000000026,99997,100,99977,100,100015,100,99951,100,100030,100,99940,100,100034,100,99921,100,100038,100,99917,100,100047,100,99915,100,100059,100,99886,100,100086,100,,,100124,100,,,100195,100,,
2019-06-28 09:30:00.000000027,99997,100,99977,100,100015,100,99951,100,100030,100,99940,100,100034,100,99921,100,100038,100,99917,100,100047,100,99915,100,100059,100,99905,100,100086,100,99886,100,100124,100,,,100195,100,,
2019-06-28 09:30:00.000000028,99997,100,99977,100,100015,100,99951,100,100030,100,99940,100,100034,100,99921,100,100038,100,99917,100,100047,100,99915,100,100059,100,99905,100,100075,100,99886,100,100086,100,,,100124,100,,
2019-06-28 09:30:00.000000030,99997,100,99977,100,100015,100,99951,100,100030,100,99940,100,100034,100,99921,100,100038,100,99917,100,100047,100,99915,100,100059,100,99905,100,100075,100,99886,100,100086,100,,,100124,100,,
2019-06-28 09:30:00.000000034,99997,100,99977,100,100015,100,99951,100,100030,100,99940,100,100034,100,99921,100,100038,100,99917,100,100047,100,99915,100,100059,100,99905,100,100075,100,99886,100,100086,100,99884,100,100124,100,99860,100
2019-06-28 09:30:00.000000035,99997,100,99977,100,100015,100,99951,100,100030,100,99940,100,100034,100,99921,100,100038,100,99917,100,100047,100,99915,100,100059,100,99905,100,100075,100,99886,100,100086,100,99884,100,100124,100,99860,100
2019-06-28 09:30:00.000000036,99997,100,99977,100,100015,100,99951,100,100030,100,99940,100,100034,100,99926,100,100038,100,99921,100,100047,100,99917,100,100059,100,99915,100,100075,100,99905,100,100086,100,99886,100,100124,100,99884,100
2019-06-28 09:30:00.000000039,100015,100,99977,100,100030,100,99951,100,100034,100,99940,100,100038,100,99926,100,100047,100,99921,100,100059,100,99917,100,100075,100,99915,100,100086,100,99905,100,100088,100,99886,100,100124,100,99884,100
2019-06-28 09:30:00.000000041,100015,100,99978,100,100030,100,99977,100,100034,100,99951,100,100038,100,99940,100,100047,100,99926,100,100059,100,99921,100,100075,100,99917,100,100086,100,99915,100,100088,100,99905,100,100124,100,99886,100
2019-06-28 09:30:00.000000043,100015,100,99978,100,100030,100,99977,100,100034,100,99951,100,100038,100,99942,100,100047,100,99940,100,100059,100,99926,100,100075,100,99921,100,100086,100,99917,100,100088,100,99915,100,100124,100,99905,100
2019-06-28 09:30:00.000000044,99997,100,99978,100,100015,100,99977,100,100030,100,99951,100,100034,100,99942,200,100038,100,99940,100,100047,100,99926,100,100059,100,99921,100,100075,100,99917,100,100086,100,99915,100,100088,100,99905,100
2019-06-28 09:30:00.000000047,99997,100,99978,100,100015,100,99977,100,100030,100,99952,100,100034,100,99951,100,100038,100,99942,200,100047,100,99940,100,100059,100,99926,100,100075,100,99921,100,100086,100,99917,100,100088,100,99915,100
2019-06-28 09:30:00.000000049,99997,100,99978,100,100015,200,99977,100,100030,100,99952,100,100034,100,99951,100,100038,100,99942,200,100047,100,99940,100,100059,100,99926,100,100075,100,99921,100,100086,100,99917,100,100088,100,99915,100
2019-06-28 09:30:00.000000050,99997,100,99978,100,100009,100,99977,100,100015,200,99952,100,100030,100,99951,100,100034,100,99942,200,100038,100,99940,100,100047,100,99926,100,100059,100,99921,100,100075,100,99917,100,100086,100,99915,100
2019-06-28 09:30:00.000000054,99997,100,99978,100,100009,100,99977,100,100015,200,99952,100,100030,100,99951,100,100034,100,99942,200,100038,100,99940,100,100047,100,99926,100,100059,100,99921,100,100075,100,99919,100,100086,100,99917,100
2019-06-28 09:30:00.000000057,100009,100,99978,100,100015,200,99977,100,100030,100,99952,100,100034,100,99951,100,100038,100,99942,200,100047,100,99940,100,100059,100,99926,100,100071,100,99921,100,100075,100,99919,100,100086,100,99917,100
2019-06-28 09:30:00.000000060,100009,100,99978,100,100015,200,99977,100,100030,100,99952,100,100034,100,99951,100,100038,100,99942,200,100047,100,99940,100,100059,100,99926,100,100071,100,99921,100,100075,100,99919,100,100086,100,99917,100
2019-06-28 09:30:00.000000062,100009,100,99978,100,100015,200,99977,100,100030,100,99952,100,100034,100,99951,100,100038,100,99942,200,100047,100,99940,100,100059,100,99926,100,100071,100,99921,100,100075,100,99919,100,100086,100,99917,100
2019-06-28 09:30:00.000000066,100009,100,99978,100,100015,200,99977,100,100030,100,99952,100,100034,100,99951,100,100038,100,99942,200,100047,100,99940,100,100059,100,99926,100,100070,100,99921,100,100071,100,99919,100,100075,100,99917,100
2019-06-28 09:30:00.000000071,100009,100,99978,100,100015,200,99977,100,100030,100,99952,100,100034,100,99951,100,100038,100,99942,200,100047,100,99940,100,100059,100,99939,100,100070,100,99926,100,100071,100,99921,100,100075,100,99919,100
2019-06-28 09:30:00.000000074,99997,100,99978,100,100009,100,99977,100,100015,200,99952,100,100030,100,99951,100,100034,100,99942,200,100038,100,99940,100,100047,100,99939,100,100059,100,99926,100,100070,100,99921,100,100071,100,99919,100
2019-06-28 09:30:00.000000075,99997,100,99978,100,100009,100,99977,100,100015,200,99952,100,100030,100,99951,100,100034,100,99942,200,100038,100,99940,100,100047,100,99939,100,100059,100,99926,100,100070,100,99921,100,100071,100,99919,100
2019-06-28 09:30:00.000000076,100009,100,99997,100,100015,200,99978,100,100030,100,99977,100,100034,100,99952,100,100038,100,99951,100,100047,100,99942,200,100059,100,99940,100,100070,100,99939,100,100071,100,99926,100,100075,100,99921,100
2019-06-28 09:30:00.000000077,100009,100,99997,100,100015,200,99978,100,100030,100,99977,100,100034,100,99952,100,100038,100,99951,100,100047,100,99942,200,100059,100,99940,100,100070,100,99939,100,100071,100,99926,100,100075,100,99921,100
2019-06-28 09:30:00.000000078,100015,200,99997,100,100030,100,99978,100,100034,100,99977,100,100038,100,99952,100,100047,100,99951,100,100059,100,99942,200,100070,100,99940,100,100071,100,99939,100,100075,100,99926,100,100086,100,99921,100
2019-06-28 09:30:00.000000079,100015,100,99997,100,100030,100,99978,100,100034,100,99977,100,100038,100,99952,100,100047,100,99951,100,100059,100,99942,200,100070,100,99940,100,100071,100,99939,100,100075,100,99926,100,100086,100,99921,100
2019-06-28 09:30:00.000000080,100015,100,100009,200,100030,100,99997,100,100034,100,99978,100,100038,100,99977,100,100047,100,99952,100,100059,100,99951,100,100070,100,99942,200,100071,100,99940,100,100075,100,99939,100,100086,100,99926,100
2019-06-28 09:30:00.000000081,100015,100,100009,200,100030,100,99997,100,100034,100,99978,100,100038,100,99977,100,100047,100,99952,100,100059,100,99951,100,100070,100,99945,100,100071,100,99942,200,100075,100,99940,100,100086,100,99939,100
2019-06-28 09:30:00.000000082,100015,100,100009,200,100030,100,99997,100,100034,100,99978,100,100038,100,99977,100,100047,100,99958,100,100059,100,99952,100,100070,100,99951,100,100071,100,99945,100,100075,100,99942,200,100086,100,99940,100
2019-06-28 09:30:00.000000084,100015,100,100009,200,100030,100,99997,100,100034,100,99978,100,100038,100,99977,100,100047,100,99958,100,100059,100,99952,100,100070,200,99951,100,100071,100,99945,100,100075,100,99942,200,100086,100,99940,100
2019-06-28 09:30:00.000000086,100015,100,100009,200,100030,100,99997,100,100034,100,99978,100,100038,100,99977,100,100047,100,99958,100,100059,100,99952,100,100070,200,99951,100,100071,100,99945,100,100075,100,99942,200,100086,100,99940,100
2019-06-28 09:30:00.000000089,100015,100,100009,200,100030,100,99997,100,100034,100,99978,100,100038,100,99977,200,100047,100,99958,100,100059,100,99952,100,100070,200,99951,100,100071,100,99945,100,100075,100,99942,200,100086,100,99940,100
2019-06-28 09:30:00.000000092,100015,100,100009,200,100030,100,99997,100,100034,100,99985,100,100038,100,99978,100,100047,100,99977,200,100059,100,99958,100,100070,200,99952,100,100071,100,99951,100,100075,100,99945,100,100086,100,99942,200
2019-06-28 09:30:00.000000096,100015,200,100009,200,100030,100,99997,100,100034,100,99985,100,100038,100,99978,100,100047,100,99977,200,100059,100,99958,100,100070,200,99952,100,100071,100,99951,100,100075,100,99945,100,100086,100,99942,200
2019-06-28 09:30:00.000000098,100015,200,100009,300,100030,100,99997,100,100034,100,99985,100,100038,100,99978,100,100047,100,99977,200,100059,100,99958,100,100070,200,99952,100,100071,100,99951,100,100075,100,99945,100,100086,100,99942,200
2019-06-28 09:30:00.000000099,100015,200,100009,300,100030,100,99997,100,100034,100,99985,100,100038,100,99978,100,100047,100,99977,200,100059,100,99958,100,100070,200,99952,100,100071,100,99951,100,100075,100,99945,100,100086,100,99942,200
2019-06-28 09:30:02.105273208,100015,300,100009,300,100030,100,99997,100,100034,100,99985,100,100038,100,99978,100,100047,100,99977,200,100059,100,99958,100,100070,200,99952,100,100071,100,99951,100,100075,100,99945,100,100086,100,99942,200
2019-06-28 09:30:10.000000000,100015,466,100009,466,100030,266,99997,266,100034,100,99985,100,100038,100,99978,100,100047,100,99977,200,100059,100,99958,100,100070,200,99952,100,100071,100,99951,100,100075,100,99945,100,100086,100,99942,200
2019-06-28 09:30:20.000000000,100015,632,100009,632,100030,100,99997,100,100034,100,99985,100,100038,100,99978,100,100047,100,99977,200,100059,100,99958,100,100070,200,99952,100,100071,100,99951,100,100075,100,99945,100,100086,100,99942,200
2019-06-28 09:30:20.399749390,100015,632,100009,632,100030,100,99997,100,100034,100,99985,100,100038,100,99978,100,100047,100,99977,200,100059,100,99958,100,100070,200,99952,100,100071,100,99951,100,100075,100,99945,100,100086,100,99942,200
2019-06-28 09:30:29.275384430,100015,632,100009,532,100030,100,99997,100,100034,100,99985,100,100038,100,99978,100,100047,100,99977,200,100059,100,99952,100,100070,200,99951,100,100071,100,99945,100,100075,100,99942,200,100086,100,99940,100
2019-06-28 09:30:30.000000000,100015,466,100009,366,100030,266,99997,266,100034,100,99985,100,100038,100,99978,100,100047,100,99977,200,100059,100,99952,100,100070,200,99951,100,100071,100,99945,100,100075,100,99942,200,100086,100,99940,100
2019-06-28 09:30:40.000000000,100015,413,100009,313,100030,210,99997,210,100034,210,99985,210,100038,100,99978,100,100047,100,99977,200,100059,100,99952,100,100070,200,99951,100,100071,100,99945,100,100075,100,99942,200,100086,100,99940,100
2019-06-28 09:30:50.000000000,100015,366,100009,266,100030,166,99997,166,100034,166,99985,166,100038,166,99978,166,100047,166,99977,266,100059,100,99952,100,100070,200,99951,100,100071,100,99945,100,100075,100,99942,200,100086,100,99940,100
2019-06-28 09:31:00.000000000,100015,366,100009,266,100030,166,99997,166,100034,166,99985,166,100038,166,99978,166,100047,166,99977,266,100059,100,99952,100,100070,200,99951,100,100071,100,99945,100,100075,100,99942,200,100086,100,99940,100
2019-06-28 09:31:08.685801090,100015,366,100009,266,100030,166,99997,166,100034,166,99985,166,100038,166,99978,166,100047,166,99977,266,100059,100,99952,100,100070,200,99951,100,100071,100,99945,100,100075,100,99942,200,100086,100,99940,100
2019-06-28 09:31:10.000000000,100015,466,100009,366,100030,266,99997,266,100034,100,99985,100,100038,100,99978,100,100047,100,99977,200,100059,100,99952,100,100070,200,99951,100,100071,100,99945,100,100075,100,99942,200,100086,100,99940,100
2019-06-28 09:31:13.730202366,100014,100,100009,366,100015,466,99997,266,100030,266,99985,100,100034,100,99978,100,100038,100,99977,200,100047,100,99952,100,100059,100,99951,100,100070,200,99945,100,100071,100,99942,200,100075,100,99940,100
2019-06-28 09:31:20.000000000,100014,183,100009,283,100015,383,99997,183,100030,183,99985,183,100034,183,99978,183,100038,100,99977,200,100047,100,99952,100,100059,100,99951,100,100070,200,99945,100,100071,100,99942,200,100075,100,99940,100
2019-06-28 09:31:24.844774709,100014,183,100009,283,100015,383,99997,183,100030,183,99985,183,100034,183,99978,183,100038,100,99977,200,100047,100,99952,100,100059,100,99951,100,100070,200,99945,100,100071,100,99942,200,100075,100,99940,100
2019-06-28 09:31:30.000000000,100014,266,100009,366,100015,466,99997,266,100030,100,99985,100,100034,100,99978,100,100038,100,99977,200,100047,100,99952,100,100059,100,99951,100,100070,200,99945,100,100071,100,99942,200,100075,100,99940,100
2019-06-28 09:31:40.000000000,100014,166,100009,266,100015,366,99997,166,100030,166,99985,166,100034,166,99978,166,100038,166,99977,266,100047,100,99952,100,100059,100,99951,100,100070,200,99945,100,100071,100,99942,200,100075,100,99940,100
2019-06-28 09:31:50.000000000,100014,166,100009,266,100015,366,99997,166,100030,166,99985,166,100034,166,99978,166,100038,166,99977,266,100047,100,99952,100,100059,100,99951,100,100070,200,99945,100,100071,100,99942,200,100075,100,99940,100
2019-06-28 09:31:53.807921496,100014,166,100009,266,100015,366,99997,166,100030,166,99985,166,100034,166,99978,66,100038,166,99977,266,100047,100,99952,100,100059,100,99951,100,100065,100,99945,100,100070,200,99942,200,100071,100,99940,100
2019-06-28 09:31:57.614882965,100014,166,100009,266,100015,366,100006,100,100030,166,99997,166,100034,166,99985,166,100038,66,99978,66,100047,100,99977,266,100059,100,99952,100,100065,100,99951,100,100070,200,99945,100,100071,100,99942,200
2019-06-28 09:32:00.000000000,100014,166,100009,266,100015,366,100006,166,100030,166,99997,166,100034,166,99985,166,100047,166,99977,266,100059,100,99952,100,100065,100,99951,100,100070,200,99945,100,100071,100,99942,200,100075,100,99940,100
2019-06-28 09:32:05.432310866,100014,166,100009,266,100015,366,100006,166,100030,166,99997,166,100034,166,99985,166,100047,166,99977,266,100059,100,99952,100,100065,100,99951,100,100070,200,99945,100,100071,100,99942,200,100075,100,99940,100
2019-06-28 09:32:10.000000000,100014,166,100009,266,100015,366,100006,166,100030,166,99997,166,100034,166,99985,166,100047,166,99977,266,100059,100,99952,100,100065,100,99951,100,100070,200,99945,100,100071,100,99942,200,100075,100,99940,100
2019-06-28 09:32:20.000000000,100014,432,100009,532,100015,300,100006,100,100030,100,99997,100,100034,100,99985,100,100047,100,99977,200,100059,100,99952,100,100065,100,99951,100,100070,200,99945,100,100071,100,99942,200,100075,100,99940,100
2019-06-28 09:32:30.000000000,100014,266,100009,366,100015,466,100006,266,100030,100,99997,100,100034,100,99985,100,100047,100,99977,200,100059,100,99952,100,100065,100,99951,100,100070,200,99945,100,100071,100,99942,200,100075,100,99940,100
2019-06-28 09:32:40.000000000,100014,266,100009,366,100015,466,100006,266,100030,100,99997,100,100034,100,99985,100,100047,100,99977,200,100059,100,99952,100,100065,100,99951,100,100070,200,99945,100,100071,100,99942,200,100075,100,99940,100
2019-06-28 09:32:44.441638083,100014,266,100010,100,100015,466,100009,366,100030,100,100006,266,100034,100,99997,100,100047,100,99985,100,100059,100,99977,200,100065,100,99952,100,100070,200,99951,100,100071,100,99945,100,100075,100,99942,200
2019-06-28 09:32:49.950071428,100014,266,100010,200,100015,466,100009,366,100030,100,100006,266,100034,100,99997,100,100047,100,99985,100,100059,100,99977,200,100065,100,99952,100,100070,200,99951,100,100071,100,99945,100,100075,100,99942,200
2019-06-28 09:32:50.000000000,100014,166,100010,266,100015,366,100009,266,100030,166,100006,166,100034,166,99997,166,100047,166,99985,166,100059,100,99977,200,100065,100,99952,100,100070,200,99951,100,100071,100,99945,100,100075,100,99942,200
2019-06-28 09:33:00.000000000,100014,213,100010,313,100015,410,100009,310,100030,210,100006,210,100034,100,99997,100,100047,100,99985,100,100059,100,99977,200,100065,100,99952,100,100070,200,99951,100,100071,100,99945,100,100075,100,99942,200
2019-06-28 09:33:07.198337311,100014,213,100010,413,100015,410,100009,310,100030,210,100006,210,100034,100,99997,100,100047,100,99985,100,100059,100,99977,200,100065,100,99952,100,100070,200,99951,100,100071,100,99945,100,100075,100,99942,200
2019-06-28 09:33:10.000000000,100014,166,100010,366,100015,366,100009,266,100030,166,100006,166,100034,166,99997,166,100047,166,99985,166,100059,100,99977,200,100065,100,99952,100,100070,200,99951,100,100071,100,99945,100,100075,100,99942,200
2019-06-28 09:33:19.235582307,100014,66,100010,366,100015,366,100009,266,100030,166,100006,166,100034,166,99997,166,100047,166,99985,166,100059,100,99977,200,100065,100,99952,100,100070,200,99951,100,100071,100,99945,100,100075,100,99942,200
2019-06-28 09:33:20.000000000,100015,366,100010,366,100030,166,100009,266,100034,166,100006,166,100047,166,99997,166,100059,166,99985,166,100065,100,99977,200,100070,200,99952,100,100071,100,99951,100,100075,100,99945,100,100086,100,99942,200
2019-06-28 09:33:22.977396013,100015,366,100010,366,100030,166,100009,266,100034,166,100006,166,100047,166,99997,166,100059,166,99985,166,100065,100,99977,200,100070,200,99952,100,100071,100,99951,100,100075,100,99945,100,100082,100,99942,200
2019-06-28 09:33:30.000000000,100015,383,100010,383,100030,183,100009,283,100034,183,100006,183,100047,183,99997,183,100059,100,99985,100,100065,100,99977,200,100070,200,99952,100,100071,100,99951,100,100075,100,99945,100,100082,100,99942,200
2019-06-28 09:33:40.000000000,100015,366,100010,366,100030,166,100009,266,100034,166,100006,166,100047,166,99997,166,100059,166,99985,166,100065,100,99977,200,100070,200,99952,100,100071,100,99951,100,100075,100,99945,100,100082,100,99942,200
2019-06-28 09:33:46.631835568,100013,100,100010,366,100015,266,100009,266,100030,166,100006,166,100034,166,99997,166,100047,166,99985,166,100059,166,99977,200,100065,100,99952,100,100070,200,99951,100,100071,100,99945,100,100075,100,99942,200
2019-06-28 09:33:46.673442459,100013,100,100010,266,100015,266,100009,266,100030,66,100006,166,100034,166,99997,166,100047,166,99985,166,100059,166,99977,200,100065,100,99952,100,100070,200,99951,100,100071,100,99945,100,100075,100,99942,200
2019-06-28 09:33:50.000000000,100013,432,100010,532,100015,200,100009,200,100034,100,100006,100,100047,100,99997,100,100059,100,99985,100,100065,100,99977,200,100070,200,99952,100,100071,100,99951,100,100075,100,99945,100,100082,100,99942,200
2019-06-28 09:33:55.618783623,100013,432,100010,532,100015,200,100009,200,100034,100,100006,100,100047,100,99997,100,100059,100,99985,100,100065,100,99977,200,100070,200,99952,100,100071,100,99951,100,100075,100,99945,100,100082,100,99942,200
2019-06-28 09:34:00.000000000,100013,166,100010,266,100015,266,100009,266,100034,166,100006,166,100047,166,99997,166,100059,166,99985,166,100065,100,99977,200,100070,200,99952,100,100071,100,99951,100,100075,100,99945,100,100082,100,99942,200
2019-06-28 09:34:10.000000000,100013,432,100010,532,100015,200,100009,200,100034,100,100006,100,100047,100,99997,100,100059,100,99985,100,100065,100,99977,200,100070,200,99952,100,100071,100,99951,100,100075,100,99945,100,100082,100,99942,200
2019-06-28 09:34:17.067829162,100013,432,100010,532,100015,200,100009,200,100034,100,100006,100,100047,100,99997,100,100059,100,99985,100,100065,100,99977,200,100070,200,99959,100,100071,100,99952,100,100075,100,99945,100,100082,100,99942,200
2019-06-28 09:34:20.000000000,100013,183,100010,283,100015,283,100009,283,100034,183,100006,183,100047,183,99997,183,100059,100,99985,100,100065,100,99977,200,100070,200,99959,100,100071,100,99952,100,100075,100,99945,100,100082,100,99942,200
2019-06-28 09:34:26.520372381,100013,183,100010,283,100015,283,100009,283,100034,183,100006,83,100047,183,99997,183,100059,100,99985,100,100065,100,99977,200,100070,200,99959,100,100071,100,99952,100,100075,100,99945,100,100082,100,99942,200
2019-06-28 09:34:30.000000000,100013,183,100010,283,100015,283,100009,283,100034,183,99997,183,100047,183,99985,183,100059,100,99977,200,100065,100,99959,100,100070,200,99952,100,100071,100,99945,100,100075,100,99942,200,100082,100,99940,100
2019-06-28 09:34:40.000000000,100013,266,100010,366,100015,366,100009,366,100034,100,99997,100,100047,100,99985,100,100059,100,99977,200,100065,100,99959,100,100070,200,99952,100,100071,100,99945,100,100075,100,99942,200,100082,100,99940,100
2019-06-28 09:34:50.000000000,100013,213,100010,313,100015,310,100009,310,100034,210,99997,210,100047,100,99985,100,100059,100,99977,200,100065,100,99959,100,100070,200,99952,100,100071,100,99945,100,100075,100,99942,200,100082,100,99940,100
2019-06-28 09:35:00.000000000,100013,432,100010,532,100015,200,100009,200,100034,100,99997,100,100047,100,99985,100,100059,100,99977,200,100065,100,99959,100,100070,200,99952,100,100071,100,99945,100,100075,100,99942,200,100082,100,99940,100
2019-06-28 09:35:10.000000000,100013,183,100010,283,100015,283,100009,283,100034,183,99997,183,100047,183,99985,183,100059,100,99977,200,100065,100,99959,100,100070,200,99952,100,100071,100,99945,100,100075,100,99942,200,100082,100,99940,100
2019-06-28 09:35:18.967219078,100013,83,100010,283,100015,283,100009,283,100034,183,99997,183,100047,183,99985,183,100059,100,99977,200,100065,100,99959,100,100070,200,99952,100,100071,100,99945,100,100075,100,99942,200,100082,100,99940,100
2019-06-28 09:35:20.000000000,100015,266,100010,266,100034,166,100009,266,100047,166,99997,166,100059,166,99985,166,100065,166,99977,266,100070,200,99959,100,100071,100,99952,100,100075,100,99945,100,100082,100,99942,200,100086,100,99940,100
2019-06-28 09:35:30.000000000,100015,532,100010,532,100034,100,100009,200,100047,100,99997,100,100059,100,99985,100,100065,100,99977,200,100070,200,99959,100,100071,100,99952,100,100075,100,99945,100,100082,100,99942,200,100086,100,99940,100
2019-06-28 09:35:40.000000000,100015,532,100010,532,100034,100,100009,200,100047,100,99997,100,100059,100,99985,100,100065,100,99977,200,100070,200,99959,100,100071,100,99952,100,100075,100,99945,100,100082,100,99942,200,100086,100,99940,100
2019-06-28 09:35:46.584808034,100015,532,100011,100,100034,100,100010,532,100047,100,100009,200,100059,100,99997,100,100065,100,99985,100,100070,200,99977,200,100071,100,99959,100,100075,100,99952,100,100082,100,99945,100,100086,100,99942,200
2019-06-28 09:35:50.000000000,100015,283,100011,183,100034,183,100010,283,100047,183,100009,283,100059,183,99997,183,100065,100,99985,100,100070,200,99977,200,100071,100,99959,100,100075,100,99952,100,100082,100,99945,100,100086,100,99942,200
2019-06-28 09:36:00.000000000,100015,313,100011,213,100034,210,100010,310,100047,210,100009,310,100059,100,99997,100,100065,100,99985,100,100070,200,99977,200,100071,100,99959,100,100075,100,99952,100,100082,100,99945,100,100086,100,99942,200
2019-06-28 09:36:10.000000000,100015,313,100011,213,100034,210,100010,310,100047,210,100009,310,100059,100,99997,100,100065,100,99985,100,100070,200,99977,200,100071,100,99959,100,100075,100,99952,100,100082,100,99945,100,100086,100,99942,200
2019-06-28 09:36:19.387285289,100015,313,100011,213,100034,210,100010,310,100047,210,100009,310,100059,100,99997,100,100065,100,99985,100,100070,200,99977,200,100071,100,99959,100,100075,100,99952,100,100082,100,99945,100,100086,100,99942,200
2019-06-28 09:36:20.000000000,100015,366,100011,266,100034,266,100010,366,100047,100,100009,200,100059,100,99997,100,100065,100,99985,100,100070,200,99977,200,100071,100,99959,100,100075,100,99952,100,100082,100,99945,100,100086,100,99942,200
2019-06-28 09:36:30.000000000,100015,366,100011,266,100034,266,100010,366,100047,100,100009,200,100059,100,99997,100,100065,100,99985,100,100070,200,99977,200,100071,100,99959,100,100075,100,99952,100,100082,100,99945,100,100086,100,99942,200
2019-06-28 09:36:40.000000000,100015,266,100011,166,100034,166,100010,266,100047,166,100009,266,100059,166,99997,166,100065,166,99985,166,100070,200,99977,200,100071,100,99959,100,100075,100,99952,100,100082,100,99945,100,100086,100,99942,200
2019-06-28 09:36:42.287809055,100015,266,100011,266,100034,166,100010,266,100047,166,100009,266,100059,166,99997,166,100065,166,99985,166,100070,200,99977,200,100071,100,99959,100,100075,100,99952,100,100082,100,99945,100,100086,100,99942,200
2019-06-28 09:36:50.000000000,100015,366,100011,366,100034,266,100010,366,100047,100,100009,200,100059,100,99997,100,100065,100,99985,100,100070,200,99977,200,100071,100,99959,100,100075,100,99952,100,100082,100,99945,100,100086,100,99942,200
2019-06-28 09:36:52.687088816,100015,366,100011,466,100034,266,100010,366,100047,100,100009,200,100059,100,99997,100,100065,100,99985,100,100070,200,99977,200,100071,100,99959,100,100075,100,99952,100,100082,100,99945,100,100086,100,99942,200
2019-06-28 09:37:00.000000000,100015,532,100011,632,100034,100,100010,200,100047,100,100009,200,100059,100,99997,100,100065,100,99985,100,100070,200,99977,200,100071,100,99959,100,100075,100,99952,100,100082,100,99945,100,100086,100,99942,200
2019-06-28 09:37:03.146939144,100015,532,100011,632,100034,100,100010,200,100047,100,100009,200,100059,100,99997,100,100065,100,99985,100,100070,200,99977,200,100071,100,99959,100,100075,100,99952,100,100082,100,99945,100,100086,100,99942,200
2019-06-28 09:37:10.000000000,100015,266,100011,366,100034,166,100010,266,100047,166,100009,266,100059,166,99997,166,100065,166,99985,166,100070,200,99977,200,100071,100,99959,100,100075,100,99952,100,100082,100,99945,100,100086,100,99942,200
2019-06-28 09:37:10.125209950,100015,166,100011,366,100034,166,100010,266,100047,166,100009,266,100059,166,99997,166,100065,166,99985,166,100070,200,99977,200,100071,100,99959,100,100075,100,99952,100,100086,100,99945,100,100088,100,99942,200
2019-06-28 09:37:11.495315680,100015,166,100011,366,100034,166,100010,266,100047,166,100009,266,100059,166,99997,166,100065,166,99985,166,100070,200,99977,200,100071,100,99959,100,100075,100,99952,100,100086,100,99945,100,100088,100,99942,200
2019-06-28 09:37:16.340311058,100015,166,100011,366,100034,166,100010,266,100047,166,100009,266,100059,166,99997,166,100065,166,99985,166,100070,200,99977,200,100071,100,99959,100,100075,100,99952,100,100086,100,99945,100,100088,100,99942,200
2019-06-28 09:37:16.470731102,100015,166,100013,100,100034,166,100011,366,100047,166,100010,266,100059,166,100009,266,100065,166,99997,166,100070,200,99985,166,100071,100,99977,200,100075,100,99959,100,100086,100,99952,100,100088,100,99945,100
2019-06-28 09:37:19.472564454,100015,166,100013,100,100034,166,100011,366,100047,166,100010,266,100059,166,100009,266,100065,166,99997,166,100070,200,99985,166,100071,100,99977,200,100075,100,99959,100,100086,100,99952,100,100088,100,99945,100
2019-06-28 09:37:20.000000000,100015,266,100013,266,100034,266,100011,466,100047,100,100010,200,100059,100,100009,200,100065,100,99997,100,100070,200,99985,100,100071,100,99977,200,100075,100,99959,100,100086,100,99952,100,100088,100,99945,100
2019-06-28 09:37:21.849016751,100015,266,100013,266,100034,266,100011,466,100047,100,100010,200,100059,100,100009,200,100065,100,99997,100,100070,200,99985,100,100075,100,99977,200,100086,100,99959,100,100088,100,99952,100,100102,100,99945,100
2019-06-28 09:37:26.707324704,100015,266,100013,366,100034,266,100011,466,100047,100,100010,200,100059,100,100009,200,100065,100,99997,100,100070,200,99985,100,100075,100,99977,200,100086,100,99959,100,100088,100,99952,100,100102,100,99945,100
2019-06-28 09:37:27.238931378,100015,266,100013,366,100034,266,100011,466,100047,100,100010,200,100059,100,100009,200,100065,100,99997,100,100070,200,99985,100,100075,100,99977,200,100086,100,99959,100,100088,100,99952,100,100102,100,99945,100
2019-06-28 09:37:30.000000000,100015,266,100013,366,100034,266,100011,466,100047,100,100010,200,100059,100,100009,200,100065,100,99997,100,100070,200,99985,100,100075,100,99977,200,100086,100,99959,100,100088,100,99952,100,100102,100,99945,100
2019-06-28 09:37:40.000000000,100015,183,100013,283,100034,183,100011,383,100047,183,100010,283,100059,183,100009,283,100065,100,99997,100,100070,200,99985,100,100075,100,99977,200,100086,100,99959,100,100088,100,99952,100,100102,100,99945,100
2019-06-28 09:37:50.000000000,100015,432,100013,532,100034,100,100011,300,100047,100,100010,200,100059,100,100009,200,100065,100,99997,100,100070,200,99985,100,100075,100,99977,200,100086,100,99959,100,100088,100,99952,100,100102,100,99945,100
2019-06-28 09:38:00.000000000,100015,183,100013,283,100034,183,100011,383,100047,183,100010,283,100059,183,100009,283,100065,100,99997,100,100070,200,99985,100,100075,100,99977,200,100086,100,99959,100,100088,100,99952,100,100102,100,99945,100
2019-06-28 09:38:10.000000000,100015,166,100013,266,100034,166,100011,366,100047,166,100010,266,100059,166,100009,266,100065,166,99997,166,100070,200,99985,100,100075,100,99977,200,100086,100,99959,100,100088,100,99952,100,100102,100,99945,100
2019-06-28 09:38:15.647404768,100015,66,100013,266,100034,166,100011,366,100047,166,100010,266,100059,166,100009,266,100065,166,99997,166,100070,200,99985,100,100075,100,99977,200,100086,100,99959,100,100088,100,99952,100,100102,100,99945,100
2019-06-28 09:38:20.000000000,100034,266,100013,366,100047,266,100011,466,100059,100,100010,200,100065,100,100009,200,100070,200,99997,100,100075,100,99985,100,100086,100,99977,200,100088,100,99959,100,100102,100,99952,100,100117,100,99945,100
2019-06-28 09:38:30.000000000,100034,432,100013,532,100047,100,100011,300,100059,100,100010,200,100065,100,100009,200,100070,200,99997,100,100075,100,99985,100,100086,100,99977,200,100088,100,99959,100,100102,100,99952,100,100117,100,99945,100
2019-06-28 09:38:40.000000000,100034,432,100013,532,100047,100,100011,300,100059,100,100010,200,100065,100,100009,200,100070,200,99997,100,100075,100,99985,100,100086,100,99977,200,100088,100,99959,100,100102,100,99952,100,100117,100,99945,100
2019-06-28 09:38:50.000000000,100034,166,100013,266,100047,166,100011,366,100059,166,100010,266,100065,166,100009,266,100070,266,99997,166,100075,100,99985,100,100086,100,99977,200,100088,100,99959,100,100102,100,99952,100,100117,100,99945,100
2019-06-28 09:38:53.997611713,100034,66,100013,266,100047,166,100011,366,100059,166,100010,266,100065,166,100009,266,100070,266,99997,166,100075,100,99985,100,100086,100,99977,200,100088,100,99959,100,100102,100,99952,100,100117,100,99945,100
2019-06-28 09:39:00.000000000,100047,266,100013,366,100059,266,100011,466,100065,100,100010,200,100070,200,100009,200,100075,100,99997,100,100086,100,99985,100,100088,100,99977,200,100102,100,99959,100,100117,100,99952,100,100124,100,99945,100
2019-06-28 09:39:00.441341683,100047,266,100013,366,100059,266,100011,466,100065,100,100010,200,100070,200,100009,200,100075,100,99997,100,100086,100,99985,100,100088,100,99977,200,100102,100,99959,100,100117,100,99952,100,100124,100,99945,100
2019-06-28 09:39:07.791528437,100047,266,100013,366,100059,266,100011,466,100065,100,100010,200,100070,200,100009,200,100075,100,99997,100,100086,100,99985,100,100088,100,99977,200,100102,100,99959,100,100117,100,99952,100,100124,100,99945,100
2019-06-28 09:39:10.000000000,100047,183,100013,283,100059,183,100011,383,100065,183,100010,283,100070,283,100009,283,100075,100,99997,100,100086,100,99985,100,100088,100,99977,200,100102,100,99959,100,100117,100,99952,100,100124,100,99945,100
2019-06-28 09:39:12.357817589,100047,183,100013,283,100059,183,100011,383,100065,183,100010,283,100070,283,100009,283,100075,100,99997,100,100086,100,99985,100,100088,100,99977,200,100102,100,99959,100,100117,100,99952,100,100124,100,99945,100
2019-06-28 09:39:18.045600401,100047,83,100013,283,100059,183,100011,383,100065,83,100010,283,100070,283,100009,283,100075,100,99997,100,100086,100,99985,100,100088,100,99977,200,100102,100,99959,100,100117,100,99952,100,100124,100,99945,100
2019-06-28 09:39:20.000000000,100059,266,100013,366,100070,366,100011,466,100075,100,100010,200,100086,100,100009,200,100088,100,99997,100,100102,100,99985,100,100117,100,99977,200,100124,100,99959,100,100128,100,99952,100,100129,100,99945,100
2019-06-28 09:39:30.000000000,100059,266,100013,366,100070,366,100011,466,100075,100,100010,200,100086,100,100009,200,100088,100,99997,100,100102,100,99985,100,100117,100,99977,200,100124,100,99959,100,100128,100,99952,100,100129,100,99945,100
2019-06-28 09:39:31.529784431,100059,266,100013,366,100070,366,100011,466,100075,100,100010,200,100086,100,100009,200,100088,100,99997,100,100102,100,99985,100,100117,100,99977,200,100124,100,99959,100,100129,100,99952,100,100424,100,99945,100
2019-06-28 09:39:33.408877054,100059,266,100013,266,100070,366,100011,466,100075,100,100010,200,100086,100,100009,200,100088,100,99997,100,100102,100,99985,100,100117,100,99977,200,100124,100,99959,100,100129,100,99952,100,100424,100,99945,100
2019-06-28 09:39:40.000000000,100059,183,100013,183,100070,283,100011,383,100075,183,100010,283,100086,183,100009,283,100088,100,99997,100,100102,100,99985,100,100117,100,99977,200,100124,100,99959,100,100129,100,99952,100,100424,100,99945,100
2019-06-28 09:39:40.297549282,100059,183,100013,183,100070,183,100011,383,100075,183,100010,283,100086,183,100009,283,100088,100,99997,100,100102,100,99985,100,100117,100,99977,200,100124,100,99959,100,100129,100,99952,100,100424,100,99945,100
2019-06-28 09:39:50.000000000,100059,432,100013,432,100070,100,100011,300,100075,100,100010,200,100086,100,100009,200,100088,100,99997,100,100102,100,99985,100,100117,100,99977,200,100124,100,99959,100,100129,100,99952,100,100424,100,99945,100
2019-06-28 09:40:00.000000000,100059,432,100013,432,100070,100,100011,300,100075,100,100010,200,100086,100,100009,200,100088,100,99997,100,100102,100,99985,100,100117,100,99977,200,100124,100,99959,100,100129,100,99952,100,100424,100,99945,100
2019-06-28 09:40:10.000000000,100059,213,100013,213,100070,210,100011,410,100075,210,100010,310,100086,100,100009,200,100088,100,99997,100,100102,100,99985,100,100117,100,99977,200,100124,100,99959,100,100129,100,99952,100,100424,100,99945,100
2019-06-28 09:40:20.000000000,100059,432,100013,432,100070,100,100011,300,100075,100,100010,200,100086,100,100009,200,100088,100,99997,100,100102,100,99985,100,100117,100,99977,200,100124,100,99959,100,100129,100,99952,100,100424,100,99945,100
2019-06-28 09:40:20.689457100,100059,432,100013,432,100070,100,100011,300,100075,100,100010,200,100086,100,100009,200,100088,100,99997,100,100102,100,99985,100,100117,100,99977,200,100124,100,99959,100,100129,100,99952,100,100424,100,99945,100
2019-06-28 09:40:30.000000000,100059,183,100013,183,100070,183,100011,383,100075,183,100010,283,100086,183,100009,283,100088,100,99997,100,100102,100,99985,100,100117,100,99977,200,100124,100,99959,100,100129,100,99952,100,100424,100,99945,100
2019-06-28 09:40:39.142046020,100059,183,100013,183,100070,183,100011,283,100075,183,100010,283,100086,183,100009,283,100088,100,99997,100,100102,100,99985,100,100117,100,99977,200,100124,100,99959,100,100129,100,99952,100,100424,100,99945,100
2019-06-28 09:40:39.311805169,100059,183,100013,183,100070,183,100011,283,100075,183,100010,283,100086,183,100009,283,100088,100,99997,100,100102,100,99985,100,100117,100,99977,200,100124,100,99959,100,100129,100,99952,100,100424,100,99945,100
2019-06-28 09:40:40.000000000,100059,213,100013,213,100070,210,100011,310,100075,210,100010,310,100086,100,100009,200,100088,100,99997,100,100102,100,99985,100,100117,100,99977,200,100124,100,99959,100,100129,100,99952,100,100424,100,99945,100
2019-06-28 09:40:43.493129451,100059,213,100013,213,100070,210,100011,310,100075,210,100010,310,100086,100,100009,200,100088,100,99997,100,100102,100,99985,100,100124,100,99977,200,100129,100,99959,100,100217,100,99952,100,100424,100,99945,100
2019-06-28 09:40:43.898557517,100046,100,100013,213,100059,213,100011,310,100070,210,100010,310,100075,210,100009,200,100086,100,99997,100,100088,100,99985,100,100102,100,99977,200,100124,100,99959,100,100129,100,99952,100,100217,100,99945,100
2019-06-28 09:40:50.000000000,100046,266,100013,266,100059,266,100011,366,100070,100,100010,200,100075,100,100009,200,100086,100,99997,100,100088,100,99985,100,100102,100,99977,200,100124,100,99959,100,100129,100,99952,100,100217,100,99945,100
2019-06-28 09:41:00.000000000,100046,432,100013,432,100059,100,100011,200,100070,100,100010,200,100075,100,100009,200,100086,100,99997,100,100088,100,99985,100,100102,100,99977,200,100124,100,99959,100,100129,100,99952,100,100217,100,99945,100
2019-06-28 09:41:10.000000000,100046,266,100013,266,100059,266,100011,366,100070,100,100010,200,100075,100,100009,200,100086,100,99997,100,100088,100,99985,100,100102,100,99977,200,100124,100,99959,100,100129,100,99952,100,100217,100,99945,100
2019-06-28 09:41:14.754239007,100046,266,100013,266,100059,266,100011,366,100070,100,100010,100,100075,100,100009,200,100086,100,99997,100,100088,100,99985,100,100102,100,99977,200,100124,100,99959,100,100129,100,99952,100,100217,100,99945,100
2019-06-28 09:41:20.000000000,100046,266,100013,266,100059,266,100011,366,100070,100,100010,100,100075,100,100009,200,100086,100,99997,100,100088,100,99985,100,100102,100,99977,200,100124,100,99959,100,100129,100,99952,100,100217,100,99945,100
2019-06-28 09:41:30.000000000,100046,266,100013,266,100059,266,100011,366,100070,100,100010,100,100075,100,100009,200,100086,100,99997,100,100088,100,99985,100,100102,100,99977,200,100124,100,99959,100,100129,100,99952,100,100217,100,99945,100
2019-06-28 09:41:37.279882610,100046,266,100013,266,100059,266,100011,366,100070,100,100010,100,100075,100,100009,200,100086,100,99997,100,100102,100,99985,100,100124,100,99977,200,100129,100,99959,100,100217,100,99952,100,100424,100,99945,100
2019-06-28 09:41:40.000000000,100046,266,100013,266,100059,266,100011,366,100070,100,100010,100,100075,100,100009,200,100086,100,99997,100,100102,100,99985,100,100124,100,99977,200,100129,100,99959,100,100217,100,99952,100,100424,100,99945,100
2019-06-28 09:41:43.558386527,100046,366,100013,266,100059,266,100011,366,100070,100,100010,100,100075,100,100009,200,100086,100,99997,100,100102,100,99985,100,100124,100,99977,200,100129,100,99959,100,100217,100,99952,100,100424,100,99945,100
2019-06-28 09:41:50.000000000,100046,283,100013,183,100059,183,100011,283,100070,183,100010,183,100075,183,100009,283,100086,100,99997,100,100102,100,99985,100,100124,100,99977,200,100129,100,99959,100,100217,100,99952,100,100424,100,99945,100
2019-06-28 09:42:00.000000000,100046,313,100013,213,100059,210,100011,310,100070,210,100010,210,100075,100,100009,200,100086,100,99997,100,100102,100,99985,100,100124,100,99977,200,100129,100,99959,100,100217,100,99952,100,100424,100,99945,100
2019-06-28 09:42:07.249433427,100046,413,100013,213,100059,210,100011,310,100070,210,100010,210,100075,100,100009,200,100086,100,99997,100,100102,100,99985,100,100124,100,99977,200,100129,100,99959,100,100217,100,99952,100,100424,100,99945,100
2019-06-28 09:42:10.000000000,100046,632,100013,432,100059,100,100011,200,100070,100,100010,100,100075,100,100009,200,100086,100,99997,100,100102,100,99985,100,100124,100,99977,200,100129,100,99959,100,100217,100,99952,100,100424,100,99945,100
2019-06-28 09:42:20.000000000,100046,632,100013,432,100059,100,100011,200,100070,100,100010,100,100075,100,100009,200,100086,100,99997,100,100102,100,99985,100,100124,100,99977,200,100129,100,99959,100,100217,100,99952,100,100424,100,99945,100
2019-06-28 09:42:30.000000000,100046,466,100013,266,100059,266,100011,366,100070,100,100010,100,100075,100,100009,200,100086,100,99997,100,100102,100,99985,100,100124,100,99977,200,100129,100,99959,100,100217,100,99952,100,100424,100,99945,100
2019-06-28 09:42:40.000000000,100046,632,100013,432,100059,100,100011,200,100070,100,100010,100,100075,100,100009,200,100086,100,99997,100,100102,100,99985,100,100124,100,99977,200,100129,100,99959,100,100217,100,99952,100,100424,100,99945,100
2019-06-28 09:42:50.000000000,100046,466,100013,266,100059,266,100011,366,100070,100,100010,100,100075,100,100009,200,100086,100,99997,100,100102,100,99985,100,100124,100,99977,200,100129,100,99959,100,100217,100,99952,100,100424,100,99945,100
2019-06-28 09:43:00.000000000,100046,366,100013,166,100059,166,100011,266,100070,166,100010,166,100075,166,100009,266,100086,166,99997,166,100102,100,99985,100,100124,100,99977,200,100129,100,99959,100,100217,100,99952,100,100424,100,99945,100
2019-06-28 09:43:10.000000000,100046,632,100013,432,100059,100,100011,200,100070,100,100010,100,100075,100,100009,200,100086,100,99997,100,100102,100,99985,100,100124,100,99977,200,100129,100,99959,100,100217,100,99952,100,100424,100,99945,100
2019-06-28 09:43:12.822576959,100046,632,100013,332,100059,100,100011,200,100070,100,100010,100,100075,100,100009,200,100086,100,99997,100,100124,100,99985,100,100129,100,99977,200,100217,100,99959,100,100424,100,99952,100,100483,100,99945,100
2019-06-28 09:43:20.000000000,100046,632,100011,532,100059,100,100010,100,100070,100,100009,200,100075,100,99997,100,100086,100,99985,100,100124,100,99977,200,100129,100,99959,100,100217,100,99952,100,100424,100,99945,100,100483,100,99942,100
2019-06-28 09:43:25.553158427,100046,632,100011,532,100059,100,100010,100,100075,100,100009,200,100086,100,99997,100,100124,100,99985,100,100129,100,99977,200,100217,100,99959,100,100424,100,99952,100,100483,100,99945,100,100542,100,99942,100
2019-06-28 09:43:30.000000000,100046,413,100011,313,100059,210,100010,210,100075,210,100009,310,100086,100,99997,100,100124,100,99985,100,100129,100,99977,200,100217,100,99959,100,100424,100,99952,100,100483,100,99945,100,100542,100,99942,100
2019-06-28 09:43:40.000000000,100046,383,100011,283,100059,183,100010,183,100075,183,100009,283,100086,183,99997,183,100124,100,99985,100,100129,100,99977,200,100217,100,99959,100,100424,100,99952,100,100483,100,99945,100,100542,100,99942,100
2019-06-28 09:43:50.000000000,100046,366,100011,266,100059,166,100010,166,100075,166,100009,266,100086,166,99997,166,100124,166,99985,166,100129,100,99977,200,100217,100,99959,100,100424,100,99952,100,100483,100,99945,100,100542,100,99942,100
2019-06-28 09:44:00.000000000,100046,413,100011,313,100059,210,100010,210,100075,210,100009,310,100086,100,99997,100,100124,100,99985,100,100129,100,99977,200,100217,100,99959,100,100424,100,99952,100,100483,100,99945,100,100542,100,99942,100
2019-06-28 09:44:06.889239042,100046,413,100011,313,100059,210,100010,210,100075,210,100009,310,100086,100,99997,100,100124,100,99985,100,100129,100,99977,200,100217,100,99959,100,100424,100,99952,100,100483,100,99945,100,100542,100,99942,100
2019-06-28 09:44:10.000000000,100046,383,100011,283,100059,183,100010,183,100075,183,100009,283,100086,183,99997,183,100124,100,99985,100,100129,100,99977,200,100217,100,99959,100,100424,100,99952,100,100483,100,99945,100,100542,100,99942,100
2019-06-28 09:44:14.481598968,100046,383,100014,100,100059,183,100011,183,100075,183,100010,183,100086,183,100009,283,100124,100,99997,183,100129,100,99985,100,100217,100,99977,200,100424,100,99959,100,100483,100,99952,100,100542,100,99945,100
2019-06-28 09:44:19.317746255,100046,383,100014,100,100059,183,100011,183,100075,183,100010,183,100086,183,100009,283,100124,100,99997,183,100129,100,99985,100,100217,100,99977,200,100424,100,99959,100,100483,100,99952,100,100542,100,99945,100
2019-06-28 09:44:20.000000000,100046,383,100014,183,100059,183,100011,183,100075,183,100010,183,100086,183,100009,283,100124,100,99997,100,100129,100,99985,100,100217,100,99977,200,100424,100,99959,100,100483,100,99952,100,100542,100,99945,100
2019-06-28 09:44:30.000000000,100046,466,100014,266,100059,266,100011,266,100075,100,100010,100,100086,100,100009,200,100124,100,99997,100,100129,100,99985,100,100217,100,99977,200,100424,100,99959,100,100483,100,99952,100,100542,100,99945,100
2019-06-28 09:44:36.437163287,100046,466,100014,266,100059,266,100011,266,100075,100,100010,100,100124,100,100009,200,100129,100,99997,100,100217,100,99985,100,100424,100,99977,200,100483,100,99959,100,100518,100,99952,100,100542,100,99945,100
2019-06-28 09:44:40.000000000,100046,632,100014,432,100059,100,100011,100,100075,100,100010,100,100124,100,100009,200,100129,100,99997,100,100217,100,99985,100,100424,100,99977,200,100483,100,99959,100,100518,100,99952,100,100542,100,99945,100
2019-06-28 09:44:45.642851509,100046,632,100014,432,100059,100,100011,100,100075,100,100010,100,100124,100,100009,200,100129,100,99997,100,100217,100,99985,100,100424,100,99977,200,100483,100,99959,100,100518,100,99952,100,100542,100,99945,100
2019-06-28 09:44:50.000000000,100046,466,100014,266,100059,266,100011,266,100075,100,100010,100,100124,100,100009,200,100129,100,99997,100,100217,100,99985,100,100424,100,99977,200,100483,100,99959,100,100518,100,99952,100,100542,100,99945,100
2019-06-28 09:45:00.000000000,100046,383,100014,183,100059,183,100011,183,100075,183,100010,183,100124,183,100009,283,100129,100,99997,100,100217,100,99985,100,100424,100,99977,200,100483,100,99959,100,100518,100,99952,100,100542,100,99945,100
2019-06-28 09:45:07.199116099,100046,283,100014,183,100059,183,100011,183,100075,183,100010,183,100124,183,100009,283,100129,100,99997,100,100217,100,99985,100,100424,100,99977,200,100483,100,99959,100,100518,100,99952,100,100542,100,99945,100
2019-06-28 09:45:10.000000000,100046,532,100014,432,100059,100,100011,100,100075,100,100010,100,100124,100,100009,200,100129,100,99997,100,100217,100,99985,100,100424,100,99977,200,100483,100,99959,100,100518,100,99952,100,100542,100,99945,100
2019-06-28 09:45:15.035365872,100046,532,100014,432,100059,100,100011,100,100075,100,100010,100,100124,100,100009,200,100217,100,99997,100,100424,100,99985,100,100483,100,99977,200,100518,100,99959,100,100542,100,99952,100,100557,100,99945,100
2019-06-28 09:45:19.575989130,100046,432,100014,432,100059,100,100011,100,100075,100,100010,100,100124,100,100009,200,100217,100,99997,100,100424,100,99985,100,100483,100,99977,200,100518,100,99959,100,100542,100,99952,100,100557,100,99945,100
2019-06-28 09:45:20.000000000,100046,266,100014,266,100059,266,100011,266,100075,100,100010,100,100124,100,100009,200,100217,100,99997,100,100424,100,99985,100,100483,100,99977,200,100518,100,99959,100,100542,100,99952,100,100557,100,99945,100
2019-06-28 09:45:30.000000000,100046,183,100014,183,100059,183,100011,183,100075,183,100010,183,100124,183,100009,283,100217,100,99997,100,100424,100,99985,100,100483,100,99977,200,100518,100,99959,100,100542,100,99952,100,100557,100,99945,100
2019-06-28 09:45:40.000000000,100046,213,100014,213,100059,210,100011,210,100075,210,100010,210,100124,100,100009,200,100217,100,99997,100,100424,100,99985,100,100483,100,99977,200,100518,100,99959,100,100542,100,99952,100,100557,100,99945,100
2019-06-28 09:45:40.017703513,100046,113,100014,213,100059,210,100011,210,100075,210,100010,210,100124,100,100009,200,100217,100,99997,100,100424,100,99985,100,100483,100,99977,200,100518,100,99959,100,100542,100,99952,100,100557,100,99945,100
2019-06-28 09:45:49.071102362,100046,113,100014,213,100059,210,100011,210,100075,210,100010,210,100124,100,100009,200,100217,100,99997,100,100424,100,99985,100,100483,100,99977,200,100518,100,99959,100,100542,100,99952,100,100557,100,99945,100
2019-06-28 09:45:49.115643662,100046,13,100014,213,100059,210,100011,210,100075,210,100010,210,100124,100,100009,200,100217,100,99997,100,100424,100,99985,100,100483,100,99977,200,100518,100,99959,100,100542,100,99952,100,100557,100,99945,100
2019-06-28 09:45:50.000000000,100059,213,100014,213,100075,210,100011,210,100124,210,100010,210,100217,100,100009,200,100424,100,99997,100,100483,100,99985,100,100518,100,99977,200,100542,100,99959,100,100557,100,99952,100,100570,100,99945,100
2019-06-28 09:45:50.075765003,100059,113,100014,213,100075,210,100011,210,100124,210,100010,210,100217,100,100009,200,100424,100,99997,100,100483,100,99985,100,100518,100,99977,200,100542,100,99959,100,100557,100,99952,100,100570,100,99945,100
2019-06-28 09:46:00.000000000,100075,213,100014,213,100124,210,100011,210,100217,210,100010,210,100424,100,100009,200,100483,100,99997,100,100518,100,99985,100,100542,100,99977,200,100557,100,99959,100,100570,100,99952,100,100696,100,99945,100
2019-06-28 09:46:10.000000000,100075,432,100014,432,100124,100,100011,100,100217,100,100010,100,100424,100,100009,200,100483,100,99997,100,100518,100,99985,100,100542,100,99977,200,100557,100,99959,100,100570,100,99952,100,100696,100,99945,100
2019-06-28 09:46:10.415886739,100075,432,100014,432,100124,100,100011,100,100217,100,100010,100,100424,100,100009,200,100483,100,99997,100,100516,100,99977,200,100518,100,99959,100,100542,100,99952,100,100557,100,99945,100,100570,100,99942,100
2019-06-28 09:46:20.000000000,100075,432,100014,432,100124,100,100011,100,100217,100,100010,100,100424,100,100009,200,100483,100,99997,100,100516,100,99977,200,100518,100,99959,100,100542,100,99952,100,100557,100,99945,100,100570,100,99942,100
2019-06-28 09:46:30.000000000,100075,213,100014,213,100124,210,100011,210,100217,210,100010,210,100424,100,100009,200,100483,100,99997,100,100516,100,99977,200,100518,100,99959,100,100542,100,99952,100,100557,100,99945,100,100570,100,99942,100
2019-06-28 09:46:37.785029972,100075,213,100046,100,100124,210,100014,213,100217,210,100011,210,100424,100,100010,210,100483,100,100009,200,100516,100,99977,200,100518,100,99959,100,100542,100,99952,100,100557,100,99945,100,100570,100,99942,100
2019-06-28 09:46:39.670235532,100075,113,100046,100,100124,210,100014,213,100217,210,100011,210,100424,100,100010,210,100483,100,100009,200,100516,100,99977,200,100518,100,99959,100,100542,100,99952,100,100557,100,99945,100,100570,100,99942,100
2019-06-28 09:46:40.000000000,100124,213,100046,213,100217,210,100014,210,100424,210,100011,210,100483,100,100010,100,100516,100,100009,200,100518,100,99977,200,100542,100,99959,100,100557,100,99952,100,100570,100,99945,100,100696,100,99942,100
2019-06-28 09:46:50.000000000,100124,266,100046,266,100217,266,100014,266,100424,100,100011,100,100483,100,100010,100,100516,100,100009,200,100518,100,99977,200,100542,100,99959,100,100557,100,99952,100,100570,100,99945,100,100696,100,99942,100
2019-06-28 09:47:00.000000000,100124,183,100046,183,100217,183,100014,183,100424,183,100011,183,100483,183,100010,183,100516,100,100009,200,100518,100,99977,200,100542,100,99959,100,100557,100,99952,100,100570,100,99945,100,100696,100,99942,100
2019-06-28 09:47:10.000000000,100124,213,100046,213,100217,210,100014,210,100424,210,100011,210,100483,100,100010,100,100516,100,100009,200,100518,100,99977,200,100542,100,99959,100,100557,100,99952,100,100570,100,99945,100,100696,100,99942,100
2019-06-28 09:47:20.000000000,100124,183,100046,183,100217,183,100014,183,100424,183,100011,183,100483,183,100010,183,100516,100,100009,200,100518,100,99977,200,100542,100,99959,100,100557,100,99952,100,100570,100,99945,100,100696,100,99942,100
2019-06-28 09:47:26.240452374,100124,183,100046,183,100217,183,100014,183,100424,183,100011,183,100483,183,100010,183,100516,100,100009,200,100518,100,99977,200,100542,100,99959,100,100557,100,99952,100,100570,100,99945,100,100696,100,99942,100
2019-06-28 09:47:30.000000000,100124,183,100046,183,100217,183,100014,183,100424,183,100011,183,100483,183,100010,183,100516,100,100009,200,100518,100,99977,200,100542,100,99959,100,100557,100,99952,100,100570,100,99945,100,100696,100,99942,100
2019-06-28 09:47:33.147078630,100124,183,100046,183,100217,183,100014,183,100424,183,100011,183,100483,183,100010,183,100516,100,100009,200,100518,100,99977,200,100542,100,99959,100,100557,100,99952,100,100570,100,99945,100,100696,100,99942,100
2019-06-28 09:47:33.888308037,100124,183,100046,183,100217,183,100014,183,100424,183,100011,183,100483,183,100010,183,100516,100,100009,200,100518,100,99977,200,100542,100,99959,100,100557,100,99952,100,100570,100,99945,100,100696,100,99942,100
2019-06-28 09:47:40.000000000,100124,432,100046,432,100217,100,100014,100,100424,100,100011,100,100483,100,100010,100,100516,100,100009,200,100518,100,99977,200,100542,100,99959,100,100557,100,99952,100,100570,100,99945,100,100696,100,99942,100
2019-06-28 09:47:50.000000000,100124,166,100046,166,100217,166,100014,166,100424,166,100011,166,100483,166,100010,166,100516,166,100009,266,100518,100,99977,200,100542,100,99959,100,100557,100,99952,100,100570,100,99945,100,100696,100,99942,100
2019-06-28 09:48:00.000000000,100124,166,100046,166,100217,166,100014,166,100424,166,100011,166,100483,166,100010,166,100516,166,100009,266,100518,100,99977,200,100542,100,99959,100,100557,100,99952,100,100570,100,99945,100,100696,100,99942,100
2019-06-28 09:48:10.000000000,100124,432,100046,432,100217,100,100014,100,100424,100,100011,100,100483,100,100010,100,100516,100,100009,200,100518,100,99977,200,100542,100,99959,100,100557,100,99952,100,100570,100,99945,100,100696,100,99942,100
2019-06-28 09:48:16.483947033,100124,432,100046,432,100217,100,100014,100,100424,100,100011,100,100483,100,100010,100,100516,100,100009,200,100518,100,99977,200,100542,100,99959,100,100557,100,99952,100,100570,100,99945,100,100696,100,99942,100
2019-06-28 09:48:17.288548705,100124,432,100046,432,100217,100,100014,100,100424,100,100011,100,100483,100,100010,100,100516,100,100009,200,100518,100,99977,200,100542,100,99959,100,100557,100,99952,100,100570,100,99945,100,100696,100,99942,100
2019-06-28 09:48:20.000000000,100124,432,100046,432,100217,100,100014,100,100424,100,100011,100,100483,100,100010,100,100516,100,100009,200,100518,100,99977,200,100542,100,99959,100,100557,100,99952,100,100570,100,99945,100,100696,100,99942,100
2019-06-28 09:48:22.662177004,100124,432,100046,432,100217,100,100014,100,100424,100,100011,100,100483,100,100010,100,100516,100,100009,200,100518,100,99977,200,100542,100,99959,100,100557,100,99952,100,100570,100,99945,100,100696,100,99942,100
2019-06-28 09:48:26.332321109,100124,332,100046,332,100217,100,100014,100,100424,100,100011,100,100483,100,100010,100,100516,100,100009,200,100518,100,99977,200,100542,100,99959,100,100557,100,99952,100,100570,100,99945,100,100696,100,99942,100
2019-06-28 09:48:30.000000000,100217,432,100014,432,100424,100,100011,100,100483,100,100010,100,100516,100,100009,200,100518,100,99977,200,100542,100,99959,100,100557,100,99952,100,100570,100,99945,100,100696,100,99942,100,100965,100,99905,100
2019-06-28 09:48:30.115982071,100217,432,100014,432,100424,100,100011,100,100483,100,100010,100,100516,100,100009,200,100518,100,99977,200,100542,100,99959,100,100557,100,99952,100,100570,100,99945,100,100696,100,99942,100,100965,100,99905,100
2019-06-28 09:48:40.000000000,100217,432,100014,432,100424,100,100011,100,100483,100,100010,100,100516,100,100009,200,100518,100,99977,200,100542,100,99959,100,100557,100,99952,100,100570,100,99945,100,100696,100,99942,100,100965,100,99905,100
2019-06-28 09:48:43.354039896,100217,432,100014,432,100424,100,100011,100,100483,100,100010,100,100516,100,100009,200,100518,100,99977,200,100542,100,99959,100,100557,100,99952,100,100570,100,99945,100,100696,100,99942,100,100965,100,99905,100
2019-06-28 09:48:50.000000000,100217,183,100014,183,100424,183,100011,183,100483,183,100010,183,100516,183,100009,283,100518,100,99977,200,100542,100,99959,100,100557,100,99952,100,100570,100,99945,100,100696,100,99942,100,100965,100,99905,100
2019-06-28 09:48:53.546375812,100217,183,100014,83,100424,183,100011,183,100483,183,100010,183,100516,83,100009,283,100518,100,99977,200,100542,100,99959,100,100557,100,99952,100,100570,100,99945,100,100696,100,99942,100,100965,100,99905,100
2019-06-28 09:49:00.000000000,100217,432,100011,432,100424,100,100010,100,100483,100,100009,200,100518,100,99977,200,100542,100,99959,100,100557,100,99952,100,100570,100,99945,100,100696,100,99942,100,100965,100,99905,100,,,99902,100
2019-06-28 09:49:10.000000000,100217,183,100011,183,100424,183,100010,183,100483,183,100009,283,100518,183,99977,283,100542,100,99959,100,100557,100,99952,100,100570,100,99945,100,100696,100,99942,100,100965,100,99905,100,,,99902,100
2019-06-28 09:49:20.000000000,100217,432,100011,432,100424,100,100010,100,100483,100,100009,200,100518,100,99977,200,100542,100,99959,100,100557,100,99952,100,100570,100,99945,100,100696,100,99942,100,100965,100,99905,100,,,99902,100
2019-06-28 09:49:30.000000000,100217,166,100011,166,100424,166,100010,166,100483,166,100009,266,100518,166,99977,266,100542,166,99959,166,100557,100,99952,100,100570,100,99945,100,100696,100,99942,100,100965,100,99905,100,,,99902,100
2019-06-28 09:49:30.740343381,100217,166,100011,166,100424,166,100010,166,100483,166,100009,266,100518,166,99977,266,100542,166,99959,166,100557,100,99945,100,100570,100,99942,100,100696,100,99905,100,100965,100,99902,100,,,99886,100
2019-06-28 09:49:40.000000000,100217,166,100011,166,100424,166,100010,166,100483,166,100009,266,100518,166,99977,266,100542,166,99959,166,100557,100,99945,100,100570,100,99942,100,100696,100,99905,100,100965,100,99902,100,,,99886,100
2019-06-28 09:49:45.756860194,100217,166,100011,166,100424,166,100010,166,100483,166,100009,266,100518,166,99977,266,100542,166,99959,166,100557,100,99945,100,100570,100,99942,100,100696,100,99905,100,100965,100,99902,100,,,99886,100
2019-06-28 09:49:47.554960359,100217,166,100011,66,100424,166,100010,166,100483,166,100009,266,100518,166,99977,266,100542,166,99959,166,100557,100,99945,100,100570,100,99942,100,100696,100,99902,100,100965,100,99886,100,,,99862,100
2019-06-28 09:49:47.670698589,100011,34,100010,166,100217,166,100009,266,100424,166,99977,266,100483,166,99959,166,100518,166,99945,100,100542,166,99942,100,100557,100,99902,100,100570,100,99886,100,100696,100,99862,100,100965,100,99820,100
2019-06-28 09:49:50.000000000,100011,147,100010,213,100217,210,100009,310,100424,210,99977,310,100483,100,99959,100,100518,100,99945,100,100542,100,99942,100,100557,100,99902,100,100570,100,99886,100,100696,100,99862,100,100965,100,99820,100
2019-06-28 09:50:00.000000000,100011,100,100010,166,100217,166,100009,266,100424,166,99977,266,100483,166,99959,166,100518,166,99945,166,100542,100,99942,100,100557,100,99902,100,100570,100,99886,100,100696,100,99862,100,100965,100,99820,100
2019-06-28 09:50:10.000000000,100011,147,100010,213,100217,210,100009,310,100424,210,99977,310,100483,100,99959,100,100518,100,99945,100,100542,100,99942,100,100557,100,99902,100,100570,100,99886,100,100696,100,99862,100,100965,100,99820,100
2019-06-28 09:50:15.506408443,100011,147,100010,213,100217,210,100009,310,100424,210,99977,310,100483,100,99959,100,100518,100,99945,100,100542,100,99942,100,100557,100,99902,100,100570,100,99886,100,100696,100,99862,100,100965,100,99820,100
2019-06-28 09:50:17.349373693,100011,147,100010,113,100217,210,100009,310,100424,210,99977,310,100483,100,99959,100,100518,100,99945,100,100542,100,99942,100,100557,100,99902,100,100570,100,99886,100,100696,100,99862,100,100965,100,99820,100
2019-06-28 09:50:20.000000000,100011,117,100009,283,100217,183,99977,283,100424,183,99959,183,100483,183,99945,183,100518,100,99942,100,100542,100,99902,100,100557,100,99886,100,100570,100,99862,100,100696,100,99820,100,100965,100,99785,100
2019-06-28 09:50:30.000000000,100011,117,100009,283,100217,183,99977,283,100424,183,99959,183,100483,183,99945,183,100518,100,99942,100,100542,100,99902,100,100557,100,99886,100,100570,100,99862,100,100696,100,99820,100,100965,100,99785,100
2019-06-28 09:50:40.000000000,100011,366,100009,532,100217,100,99977,200,100424,100,99959,100,100483,100,99945,100,100518,100,99942,100,100542,100,99902,100,100557,100,99886,100,100570,100,99862,100,100696,100,99820,100,100965,100,99785,100
2019-06-28 09:50:50.000000000,100011,100,100009,266,100217,166,99977,266,100424,166,99959,166,100483,166,99945,166,100518,166,99942,166,100542,100,99902,100,100557,100,99886,100,100570,100,99862,100,100696,100,99820,100,100965,100,99785,100
2019-06-28 09:50:52.732626447,100011,100,100009,266,100217,166,99977,266,100424,166,99959,166,100483,166,99945,166,100518,166,99942,166,100542,100,99902,100,100557,100,99886,100,100570,100,99862,100,100696,100,99820,100,100965,100,99785,100
2019-06-28 09:51:00.000000000,100011,147,100009,313,100217,210,99977,310,100424,210,99959,210,100483,100,99945,100,100518,100,99942,100,100542,100,99902,100,100557,100,99886,100,100570,100,99862,100,100696,100,99820,100,100965,100,99785,100
2019-06-28 09:51:00.330259326,100011,147,100009,313,100217,210,99977,310,100424,210,99959,210,100483,100,99945,100,100518,100,99942,100,100542,100,99902,100,100557,100,99886,100,100570,100,99862,100,100696,100,99820,100,100965,100,99785,100
2019-06-28 09:51:10.000000000,100011,100,100009,266,100217,166,99977,266,100424,166,99959,166,100483,166,99945,166,100518,166,99942,166,100542,100,99902,100,100557,100,99886,100,100570,100,99862,100,100696,100,99820,100,100965,100,99785,100
2019-06-28 09:51:14.316090888,100010,100,100009,266,100011,100,99977,266,100217,166,99959,166,100424,166,99945,166,100483,166,99942,166,100518,166,99902,100,100542,100,99886,100,100557,100,99862,100,100570,100,99820,100,100696,100,99785,100
2019-06-28 09:51:20.000000000,100010,266,100009,366,100011,200,99977,366,100217,100,99959,100,100424,100,99945,100,100483,100,99942,100,100518,100,99902,100,100542,100,99886,100,100557,100,99862,100,100570,100,99820,100,100696,100,99785,100
2019-06-28 09:51:30.000000000,100010,213,100009,313,100011,144,99977,310,100217,210,99959,210,100424,100,99945,100,100483,100,99942,100,100518,100,99902,100,100542,100,99886,100,100557,100,99862,100,100570,100,99820,100,100696,100,99785,100
2019-06-28 09:51:38.990183593,100010,213,100009,313,100011,144,99977,310,100217,210,99959,210,100424,100,99945,100,100483,100,99942,100,100518,100,99902,100,100542,100,99886,100,100557,100,99862,100,100570,100,99820,100,100696,100,99785,100
2019-06-28 09:51:40.000000000,100010,183,100009,283,100011,117,99977,283,100217,183,99959,183,100424,183,99945,183,100483,100,99942,100,100518,100,99902,100,100542,100,99886,100,100557,100,99862,100,100570,100,99820,100,100696,100,99785,100
2019-06-28 09:51:50.000000000,100010,166,100009,266,100011,100,99977,266,100217,166,99959,166,100424,166,99945,166,100483,166,99942,166,100518,100,99902,100,100542,100,99886,100,100557,100,99862,100,100570,100,99820,100,100696,100,99785,100
2019-06-28 09:52:00.000000000,100010,166,100009,266,100011,100,99977,266,100217,166,99959,166,100424,166,99945,166,100483,166,99942,166,100518,100,99902,100,100542,100,99886,100,100557,100,99862,100,100570,100,99820,100,100696,100,99785,100
2019-06-28 09:52:10.000000000,100010,166,100009,266,100011,100,99977,266,100217,166,99959,166,100424,166,99945,166,100483,166,99942,166,100518,100,99902,100,100542,100,99886,100,100557,100,99862,100,100570,100,99820,100,100696,100,99785,100
2019-06-28 09:52:20.000000000,100010,213,100009,313,100011,144,99977,310,100217,210,99959,210,100424,100,99945,100,100483,100,99942,100,100518,100,99902,100,100542,100,99886,100,100557,100,99862,100,100570,100,99820,100,100696,100,99785,100
2019-06-28 09:52:24.653561875,100010,313,100009,313,100011,144,99977,310,100217,210,99959,210,100424,100,99945,100,100483,100,99942,100,100518,100,99902,100,100542,100,99886,100,100557,100,99862,100,100570,100,99820,100,100696,100,99785,100
2019-06-28 09:52:30.000000000,100010,532,100009,532,100011,34,99977,200,100217,100,99959,100,100424,100,99945,100,100483,100,99942,100,100518,100,99902,100,100542,100,99886,100,100557,100,99862,100,100570,100,99820,100,100696,100,99785,100
2019-06-28 09:52:40.000000000,100010,366,100009,366,100011,200,99977,366,100217,100,99959,100,100424,100,99945,100,100483,100,99942,100,100518,100,99902,100,100542,100,99886,100,100557,100,99862,100,100570,100,99820,100,100696,100,99785,100
2019-06-28 09:52:50.000000000,100010,313,100009,313,100011,144,99977,310,100217,210,99959,210,100424,100,99945,100,100483,100,99942,100,100518,100,99902,100,100542,100,99886,100,100557,100,99862,100,100570,100,99820,100,100696,100,99785,100
2019-06-28 09:53:00.000000000,100010,532,100009,532,100011,34,99977,200,100217,100,99959,100,100424,100,99945,100,100483,100,99942,100,100518,100,99902,100,100542,100,99886,100,100557,100,99862,100,100570,100,99820,100,100696,100,99785,100
2019-06-28 09:53:04.836595073,100010,432,100009,532,100011,34,99977,200,100217,100,99959,100,100424,100,99945,100,100483,100,99942,100,100518,100,99902,100,100542,100,99886,100,100557,100,99862,100,100570,100,99820,100,100696,100,99785,100
2019-06-28 09:53:10.000000000,100010,432,100009,532,100011,34,99977,200,100217,100,99959,100,100424,100,99945,100,100483,100,99942,100,100518,100,99902,100,100542,100,99886,100,100557,100,99862,100,100570,100,99820,100,100696,100,99785,100
2019-06-28 09:53:20.000000000,100010,432,100009,532,100011,34,99977,200,100217,100,99959,100,100424,100,99945,100,100483,100,99942,100,100518,100,99902,100,100542,100,99886,100,100557,100,99862,100,100570,100,99820,100,100696,100,99785,100
2019-06-28 09:53:30.000000000,100010,432,100009,532,100011,34,99977,200,100217,100,99959,100,100424,100,99945,100,100483,100,99942,100,100518,100,99902,100,100542,100,99886,100,100557,100,99862,100,100570,100,99820,100,100696,100,99785,100
2019-06-28 09:53:35.323752455,100010,432,100009,532,100011,34,99977,200,100217,100,99959,100,100424,100,99945,100,100483,100,99942,100,100518,100,99902,100,100542,100,99886,100,100557,100,99862,100,100570,100,99820,100,100696,100,99785,100
2019-06-28 09:53:40.000000000,100010,432,100009,532,100011,34,99977,200,100217,100,99959,100,100424,100,99945,100,100483,100,99942,100,100518,100,99902,100,100542,100,99886,100,100557,100,99862,100,100570,100,99820,100,100696,100,99785,100
2019-06-28 09:53:42.692484388,100010,432,100009,532,100011,34,99977,200,100217,100,99959,100,100483,100,99945,100,100518,100,99942,100,100542,100,99902,100,100557,100,99886,100,100570,100,99862,100,100696,100,99820,100,100965,100,99785,100
2019-06-28 09:53:50.000000000,100010,183,100009,283,100011,117,99977,283,100217,183,99959,183,100483,183,99945,183,100518,100,99942,100,100542,100,99902,100,100557,100,99886,100,100570,100,99862,100,100696,100,99820,100,100965,100,99785,100
2019-06-28 09:53:54.640006188,100010,183,100009,183,100011,117,99977,183,100217,183,99959,183,100483,183,99945,183,100518,100,99942,100,100542,100,99902,100,100557,100,99886,100,100570,100,99862,100,100696,100,99820,100,100965,100,99785,100
2019-06-28 09:54:00.000000000,100010,166,100009,166,100011,100,99977,166,100217,166,99959,166,100483,166,99945,166,100518,166,99942,166,100542,100,99902,100,100557,100,99886,100,100570,100,99862,100,100696,100,99820,100,100965,100,99785,100
2019-06-28 09:54:10.000000000,100010,166,100009,166,100011,100,99977,166,100217,166,99959,166,100483,166,99945,166,100518,166,99942,166,100542,100,99902,100,100557,100,99886,100,100570,100,99862,100,100696,100,99820,100,100965,100,99785,100
2019-06-28 09:54:20.000000000,100010,166,100009,166,100011,100,99977,166,100217,166,99959,166,100483,166,99945,166,100518,166,99942,166,100542,100,99902,100,100557,100,99886,100,100570,100,99862,100,100696,100,99820,100,100965,100,99785,100
2019-06-28 09:54:29.200917540,100010,166,100009,66,100011,100,99977,166,100217,166,99959,166,100483,166,99945,166,100518,166,99942,166,100542,100,99902,100,100557,100,99886,100,100570,100,99862,100,100696,100,99820,100,100965,100,99785,100
2019-06-28 09:54:30.000000000,100010,432,99977,432,100011,34,99959,100,100217,100,99945,100,100483,100,99942,100,100518,100,99902,100,100542,100,99886,100,100557,100,99862,100,100570,100,99820,100,100696,100,99785,100,100965,100,99764,100
2019-06-28 09:54:40.000000000,100010,266,99977,266,100011,200,99959,266,100217,100,99945,100,100483,100,99942,100,100518,100,99902,100,100542,100,99886,100,100557,100,99862,100,100570,100,99820,100,100696,100,99785,100,100965,100,99764,100
2019-06-28 09:54:40.514291993,100010,266,99977,166,100011,200,99959,266,100217,100,99945,100,100483,100,99942,100,100518,100,99902,100,100542,100,99886,100,100557,100,99862,100,100570,100,99820,100,100696,100,99785,100,100965,100,99764,100
2019-06-28 09:54:45.433443595,100009,100,99977,166,100010,266,99959,266,100011,200,99945,100,100217,100,99942,100,100483,100,99902,100,100518,100,99886,100,100542,100,99862,100,100557,100,99820,100,100570,100,99785,100,100696,100,99764,100
2019-06-28 09:54:50.000000000,100009,432,99959,432,100010,100,99945,100,100011,34,99942,100,100217,100,99902,100,100483,100,99886,100,100518,100,99862,100,100542,100,99820,100,100557,100,99785,100,100570,100,99764,100,100696,100,99738,100
2019-06-28 09:55:00.000000000,100009,432,99959,432,100010,100,99945,100,100011,34,99942,100,100217,100,99902,100,100483,100,99886,100,100518,100,99862,100,100542,100,99820,100,100557,100,99785,100,100570,100,99764,100,100696,100,99738,100
2019-06-28 09:55:02.278767417,100009,532,99959,432,100010,100,99945,100,100011,34,99942,100,100217,100,99902,100,100483,100,99886,100,100518,100,99862,100,100542,100,99820,100,100557,100,99785,100,100570,100,99764,100,100696,100,99738,100
2019-06-28 09:55:10.000000000,100009,266,99959,166,100010,166,99945,166,100011,100,99942,166,100217,166,99902,166,100483,166,99886,166,100518,100,99862,100,100542,100,99820,100,100557,100,99785,100,100570,100,99764,100,100696,100,99738,100
2019-06-28 09:55:14.148420665,100009,366,99959,166,100010,166,99945,166,100011,100,99942,166,100217,166,99902,166,100483,166,99886,166,100518,100,99862,100,100542,100,99820,100,100557,100,99785,100,100570,100,99764,100,100696,100,99738,100
2019-06-28 09:55:20.000000000,100009,383,99959,183,100010,183,99945,183,100011,117,99942,183,100217,183,99902,183,100483,100,99886,100,100518,100,99862,100,100542,100,99820,100,100557,100,99785,100,100570,100,99764,100,100696,100,99738,100
2019-06-28 09:55:22.830387905,100009,483,99959,183,100010,183,99945,183,100011,117,99942,183,100217,183,99902,183,100483,100,99886,100,100518,100,99862,100,100542,100,99820,100,100557,100,99785,100,100570,100,99764,100,100696,100,99738,100
2019-06-28 09:55:30.000000000,100009,466,99959,166,100010,166,99945,166,100011,100,99942,166,100217,166,99902,166,100483,166,99886,166,100518,100,99862,100,100542,100,99820,100,100557,100,99785,100,100570,100,99764,100,100696,100,99738,100
2019-06-28 09:55:36.896217431,100009,466,99959,166,100010,166,99945,166,100011,100,99942,166,100217,166,99902,166,100483,166,99886,66,100518,100,99862,100,100542,100,99820,100,100557,100,99785,100,100570,100,99764,100,100696,100,99738,100
2019-06-28 09:55:40.000000000,100009,513,99959,213,100010,210,99945,210,100011,144,99942,210,100217,100,99902,100,100483,100,99862,100,100518,100,99820,100,100542,100,99785,100,100557,100,99764,100,100570,100,99738,100,100696,100,99728,100
2019-06-28 09:55:49.067795060,100009,513,99959,213,100010,210,99945,210,100011,144,99942,210,100217,100,99902,100,100483,100,99862,100,100518,100,99820,100,100542,100,99785,100,100557,100,99764,100,100570,100,99738,100,100696,100,99728,100
2019-06-28 09:55:50.000000000,100009,513,99959,213,100010,210,99945,210,100011,144,99942,210,100217,100,99902,100,100483,100,99862,100,100518,100,99820,100,100542,100,99785,100,100557,100,99764,100,100570,100,99738,100,100696,100,99728,100
2019-06-28 09:56:00.000000000,100009,466,99959,166,100010,166,99945,166,100011,100,99942,166,100217,166,99902,166,100483,166,99862,166,100518,100,99820,100,100542,100,99785,100,100557,100,99764,100,100570,100,99738,100,100696,100,99728,100
2019-06-28 09:56:09.006247627,100009,466,99959,66,100010,166,99945,166,100011,100,99942,166,100217,166,99902,66,100483,166,99862,166,100518,100,99820,100,100542,100,99785,100,100557,100,99764,100,100570,100,99738,100,100696,100,99728,100
2019-06-28 09:56:10.000000000,100009,566,99945,266,100010,266,99942,266,100011,34,99862,100,100217,100,99820,100,100483,100,99785,100,100518,100,99764,100,100542,100,99738,100,100557,100,99728,100,100570,100,99678,100,100696,100,99573,100
2019-06-28 09:56:19.347001274,100009,566,99945,266,100010,266,99942,266,100011,34,99862,100,100217,100,99820,100,100483,100,99785,100,100518,100,99764,100,100542,100,99738,100,100557,100,99728,100,100570,100,99678,100,100696,100,99573,100
2019-06-28 09:56:20.000000000,100009,513,99945,213,100010,210,99942,210,100011,144,99862,210,100217,100,99820,100,100483,100,99785,100,100518,100,99764,100,100542,100,99738,100,100557,100,99728,100,100570,100,99678,100,100696,100,99573,100
2019-06-28 09:56:27.406857445,100009,513,99945,113,100010,210,99942,210,100011,144,99862,210,100217,100,99820,100,100483,100,99785,100,100518,100,99764,100,100542,100,99738,100,100557,100,99728,100,100570,100,99678,100,100696,100,99573,100
2019-06-28 09:56:30.000000000,100009,466,99942,166,100010,166,99862,166,100011,100,99820,166,100217,166,99785,166,100483,166,99764,166,100518,100,99738,100,100542,100,99728,100,100557,100,99678,100,100570,100,99573,100,100696,100,99488,100
2019-06-28 09:56:33.718145550,100009,466,99942,66,100010,166,99862,166,100011,100,99820,166,100217,166,99785,166,100483,166,99764,166,100518,100,99738,100,100542,100,99728,100,100557,100,99678,100,100570,100,99573,100,100696,100,99488,100
2019-06-28 09:56:37.555854190,100009,466,99942,66,100010,166,99862,166,100011,100,99820,166,100217,166,99785,166,100483,166,99764,166,100518,100,99738,100,100542,100,99728,100,100557,100,99678,100,100570,100,99573,100,100696,100,99488,100
2019-06-28 09:56:40.000000000,100009,566,99862,266,100010,266,99820,266,100011,34,99785,100,100217,100,99764,100,100483,100,99738,100,100518,100,99728,100,100542,100,99678,100,100557,100,99573,100,100570,100,99488,100,100696,100,99469,100
2019-06-28 09:56:48.063654372,100009,566,99862,266,100010,266,99820,266,100011,34,99785,100,100217,100,99764,100,100483,100,99738,100,100518,100,99728,100,100542,100,99678,100,100557,100,99573,100,100570,100,99488,100,100696,100,99469,100
2019-06-28 09:56:50.000000000,100009,732,99862,432,100010,100,99820,100,100011,34,99785,100,100217,100,99764,100,100483,100,99738,100,100518,100,99728,100,100542,100,99678,100,100557,100,99573,100,100570,100,99488,100,100696,100,99469,100
2019-06-28 09:57:00.000000000,100009,566,99862,266,100010,266,99820,266,100011,34,99785,100,100217,100,99764,100,100483,100,99738,100,100518,100,99728,100,100542,100,99678,100,100557,100,99573,100,100570,100,99488,100,100696,100,99469,100
2019-06-28 09:57:10.000000000,100009,466,99862,166,100010,166,99820,166,100011,100,99785,166,100217,166,99764,166,100483,166,99738,166,100518,100,99728,100,100542,100,99678,100,100557,100,99573,100,100570,100,99488,100,100696,100,99469,100
2019-06-28 09:57:12.605633570,100009,466,99862,66,100010,166,99820,166,100011,100,99785,166,100217,166,99764,166,100483,166,99738,166,100518,100,99728,100,100542,100,99678,100,100557,100,99573,100,100570,100,99488,100,100696,100,99469,100
2019-06-28 09:57:20.000000000,100009,732,99820,432,100010,100,99785,100,100011,34,99764,100,100217,100,99738,100,100483,100,99728,100,100518,100,99678,100,100542,100,99573,100,100557,100,99488,100,100570,100,99469,100,100696,100,99458,100
2019-06-28 09:57:30.000000000,100009,732,99820,432,100010,100,99785,100,100011,34,99764,100,100217,100,99738,100,100483,100,99728,100,100518,100,99678,100,100542,100,99573,100,100557,100,99488,100,100570,100,99469,100,100696,100,99458,100
2019-06-28 09:57:39.242770198,100009,732,99820,332,100010,100,99785,100,100011,34,99764,100,100217,100,99738,100,100483,100,99728,100,100518,100,99678,100,100542,100,99573,100,100557,100,99488,100,100570,100,99469,100,100696,100,99458,100
2019-06-28 09:57:40.000000000,100009,566,99785,266,100010,266,99764,266,100011,34,99738,100,100217,100,99728,100,100483,100,99678,100,100518,100,99573,100,100542,100,99488,100,100557,100,99469,100,100570,100,99458,100,100696,100,99322,100
2019-06-28 09:57:50.000000000,100009,513,99785,213,100010,210,99764,210,100011,144,99738,210,100217,100,99728,100,100483,100,99678,100,100518,100,99573,100,100542,100,99488,100,100557,100,99469,100,100570,100,99458,100,100696,100,99322,100
2019-06-28 09:58:00.000000000,100009,732,99785,432,100010,100,99764,100,100011,34,99738,100,100217,100,99728,100,100483,100,99678,100,100518,100,99573,100,100542,100,99488,100,100557,100,99469,100,100570,100,99458,100,100696,100,99322,100
2019-06-28 09:58:10.000000000,100009,466,99785,166,100010,166,99764,166,100011,100,99738,166,100217,166,99728,166,100483,166,99678,166,100518,100,99573,100,100542,100,99488,100,100557,100,99469,100,100570,100,99458,100,100696,100,99322,100
2019-06-28 09:58:20.000000000,100009,566,99785,266,100010,266,99764,266,100011,34,99738,100,100217,100,99728,100,100483,100,99678,100,100518,100,99573,100,100542,100,99488,100,100557,100,99469,100,100570,100,99458,100,100696,100,99322,100
2019-06-28 09:58:30.000000000,100009,513,99785,213,100010,210,99764,210,100011,144,99738,210,100217,100,99728,100,100483,100,99678,100,100518,100,99573,100,100542,100,99488,100,100557,100,99469,100,100570,100,99458,100,100696,100,99322,100
2019-06-28 09:58:36.774167112,100009,513,99785,113,100010,210,99764,210,100011,144,99738,210,100217,100,99728,100,100483,100,99678,100,100518,100,99573,100,100542,100,99488,100,100557,100,99469,100,100570,100,99458,100,100696,100,99322,100
2019-06-28 09:58:40.000000000,100009,466,99764,166,100010,166,99738,166,100011,100,99728,166,100217,166,99678,166,100483,166,99573,166,100518,100,99488,100,100542,100,99469,100,100557,100,99458,100,100570,100,99322,100,100696,100,99132,100
2019-06-28 09:58:50.000000000,100009,566,99764,266,100010,266,99738,266,100011,34,99728,100,100217,100,99678,100,100483,100,99573,100,100518,100,99488,100,100542,100,99469,100,100557,100,99458,100,100570,100,99322,100,100696,100,99132,100
2019-06-28 09:58:57.744348595,100009,566,99764,266,100010,166,99738,266,100011,34,99728,100,100217,100,99678,100,100483,100,99573,100,100518,100,99488,100,100542,100,99469,100,100557,100,99458,100,100570,100,99322,100,100696,100,99132,100
2019-06-28 09:59:00.000000000,100009,483,99764,183,100011,117,99738,183,100217,183,99728,183,100483,183,99678,183,100518,100,99573,100,100542,100,99488,100,100557,100,99469,100,100570,100,99458,100,100696,100,99322,100,,,99132,100
2019-06-28 09:59:10.000000000,100009,466,99764,166,100011,100,99738,166,100217,166,99728,166,100483,166,99678,166,100518,166,99573,166,100542,100,99488,100,100557,100,99469,100,100570,100,99458,100,100696,100,99322,100,,,99132,100
2019-06-28 09:59:20.000000000,100009,483,99764,183,100011,117,99738,183,100217,183,99728,183,100483,183,99678,183,100518,100,99573,100,100542,100,99488,100,100557,100,99469,100,100570,100,99458,100,100696,100,99322,100,,,99132,100
2019-06-28 09:59:30.000000000,100009,466,99764,166,100011,100,99738,166,100217,166,99728,166,100483,166,99678,166,100518,166,99573,166,100542,100,99488,100,100557,100,99469,100,100570,100,99458,100,100696,100,99322,100,,,99132,100
2019-06-28 09:59:40.000000000,100009,513,99764,213,100011,144,99738,210,100217,210,99728,210,100483,100,99678,100,100518,100,99573,100,100542,100,99488,100,100557,100,99469,100,100570,100,99458,100,100696,100,99322,100,,,99132,100
2019-06-28 09:59:50.000000000,100009,466,99764,166,100011,100,99738,166,100217,166,99728,166,100483,166,99678,166,100518,166,99573,166,100542,100,99488,100,100557,100,99469,100,100570,100,99458,100,100696,100,99322,100,,,99132,100
2019-06-28 09:59:53.070517207,99820,100,99764,166,100009,466,99738,166,100011,100,99728,166,100217,166,99678,166,100483,166,99573,166,100518,166,99488,100,100542,100,99469,100,100557,100,99458,100,100570,100,99322,100,100696,100,99132,100
2019-06-28 10:00:00.000000000,99820,213,99764,213,100009,510,99738,210,100011,144,99728,210,100217,100,99678,100,100483,100,99573,100,100518,100,99488,100,100542,100,99469,100,100557,100,99458,100,100570,100,99322,100,100696,100,99132,100
2019-06-28 10:00:10.000000000,99820,432,99764,432,100009,400,99738,100,100011,34,99728,100,100217,100,99678,100,100483,100,99573,100,100518,100,99488,100,100542,100,99469,100,100557,100,99458,100,100570,100,99322,100,100696,100,99132,100
2019-06-28 10:00:18.743609135,99820,432,99764,332,100009,400,99738,100,100011,34,99728,100,100217,100,99678,100,100483,100,99573,100,100518,100,99488,100,100542,100,99469,100,100557,100,99458,100,100570,100,99322,100,100696,100,99132,100
2019-06-28 10:00:20.000000000,99820,166,99738,166,100009,466,99728,166,100011,100,99678,166,100217,166,99573,166,100483,166,99488,166,100518,100,99469,100,100542,100,99458,100,100557,100,99322,100,100570,100,99132,100,100696,100,99098,100
2019-06-28 10:00:30.000000000,99820,183,99738,183,100009,483,99728,183,100011,117,99678,183,100217,183,99573,183,100483,100,99488,100,100518,100,99469,100,100542,100,99458,100,100557,100,99322,100,100570,100,99132,100,100696,100,99098,100
2019-06-28 10:00:31.345695352,99820,183,99738,183,100009,483,99728,183,100011,117,99678,183,100217,183,99573,183,100483,100,99488,100,100518,100,99469,100,100542,100,99458,100,100557,100,99322,100,100570,100,99132,100,100696,100,99098,100
2019-06-28 10:00:40.000000000,99820,166,99738,166,100009,466,99728,166,100011,100,99678,166,100217,166,99573,166,100483,166,99488,166,100518,100,99469,100,100542,100,99458,100,100557,100,99322,100,100570,100,99132,100,100696,100,99098,100
2019-06-28 10:00:46.247977921,99820,166,99738,66,100009,466,99728,166,100011,100,99678,166,100217,166,99573,166,100483,166,99488,166,100518,100,99469,100,100542,100,99458,100,100557,100,99322,100,100570,100,99132,100,100696,100,99098,100
2019-06-28 10:00:50.000000000,99820,266,99728,266,100009,566,99678,266,100011,34,99573,100,100217,100,99488,100,100483,100,99469,100,100518,100,99458,100,100542,100,99322,100,100557,100,99132,100,100570,100,99098,100,100696,100,99053,100
2019-06-28 10:00:51.858389902,99820,266,99728,166,100009,566,99678,266,100011,34,99573,100,100217,100,99488,100,100483,100,99469,100,100518,100,99458,100,100542,100,99322,100,100557,100,99132,100,100570,100,99053,100,100696,100,99039,100
2019-06-28 10:00:54.438082662,99820,266,99728,166,100009,566,99678,266,100011,34,99573,100,100217,100,99488,100,100483,100,99469,100,100518,100,99458,100,100542,100,99450,100,100557,100,99322,100,100570,100,99132,100,100696,100,99053,100
2019-06-28 10:00:56.621189167,99820,266,99728,166,100009,466,99678,266,100011,34,99573,100,100217,100,99488,100,100483,100,99469,100,100518,100,99458,100,100542,100,99450,100,100557,100,99322,100,100570,100,99132,100,100696,100,99053,100
2019-06-28 10:01:00.000000000,99820,183,99678,183,100009,383,99573,183,100011,117,99488,183,100217,183,99469,183,100483,100,99458,100,100518,100,99450,100,100542,100,99322,100,100557,100,99132,100,100570,100,99053,100,100696,100,99039,100
2019-06-28 10:01:10.000000000,99820,266,99678,266,100009,466,99573,266,100011,34,99488,100,100217,100,99469,100,100483,100,99458,100,100518,100,99450,100,100542,100,99322,100,100557,100,99132,100,100570,100,99053,100,100696,100,99039,100
2019-06-28 10:01:20.000000000,99820,213,99678,213,100009,410,99573,210,100011,144,99488,210,100217,100,99469,100,100483,100,99458,100,100518,100,99450,100,100542,100,99322,100,100557,100,99132,100,100570,100,99053,100,100696,100,99039,100
2019-06-28 10:01:29.849834734,99820,213,99678,113,100009,410,99573,210,100011,144,99488,210,100217,100,99469,100,100483,100,99458,100,100518,100,99450,100,100542,100,99322,100,100557,100,99132,100,100570,100,99053,100,100696,100,99039,100
2019-06-28 10:01:30.000000000,99820,432,99573,432,100009,300,99488,100,100011,34,99469,100,100217,100,99458,100,100483,100,99450,100,100518,100,99322,100,100542,100,99132,100,100557,100,99053,100,100570,100,99039,100,100696,100,98922,100
2019-06-28 10:01:35.301325881,99820,432,99573,332,100009,300,99488,100,100011,34,99469,100,100217,100,99458,100,100483,100,99450,100,100518,100,99322,100,100542,100,99132,100,100557,100,99053,100,100570,100,99039,100,100696,100,98922,100
2019-06-28 10:01:40.000000000,99820,183,99488,183,100009,383,99469,183,100011,117,99458,183,100217,183,99450,183,100483,100,99322,100,100518,100,99132,100,100542,100,99053,100,100557,100,99039,100,100570,100,98922,100,100696,100,98899,100
2019-06-28 10:01:45.479677706,99561,100,99488,183,99820,183,99469,183,100009,383,99458,183,100011,117,99450,183,100217,183,99322,100,100483,100,99132,100,100518,100,99053,100,100542,100,99039,100,100557,100,98922,100,100570,100,98899,100
2019-06-28 10:01:50.000000000,99561,213,99488,213,99820,210,99469,210,100009,410,99458,210,100011,34,99450,100,100217,100,99322,100,100483,100,99132,100,100518,100,99053,100,100542,100,99039,100,100557,100,98922,100,100570,100,98899,100
2019-06-28 10:02:00.000000000,99561,213,99488,213,99820,210,99469,210,100009,410,99458,210,100011,34,99450,100,100217,100,99322,100,100483,100,99132,100,100518,100,99053,100,100542,100,99039,100,100557,100,98922,100,100570,100,98899,100
2019-06-28 10:02:10.000000000,99561,166,99488,166,99820,166,99469,166,100009,366,99458,166,100011,100,99450,166,100217,166,99322,166,100483,100,99132,100,100518,100,99053,100,100542,100,99039,100,100557,100,98922,100,100570,100,98899,100
2019-06-28 10:02:16.729803857,99561,66,99488,166,99820,166,99469,166,100009,366,99458,166,100011,100,99450,166,100217,166,99322,166,100483,100,99132,100,100518,100,99053,100,100542,100,99039,100,100557,100,98922,100,100570,100,98899,100
2019-06-28 10:02:17.279433713,99561,66,99488,166,99820,166,99469,166,99998,100,99458,166,100009,366,99450,166,100011,100,99322,166,100217,166,99132,100,100483,100,99053,100,100518,100,99039,100,100542,100,98922,100,100557,100,98899,100
2019-06-28 10:02:20.000000000,99820,266,99488,266,99998,266,99469,266,100009,300,99458,100,100011,34,99450,100,100217,100,99322,100,100483,100,99132,100,100518,100,99053,100,100542,100,99039,100,100557,100,98922,100,100570,100,98899,100
2019-06-28 10:02:30.000000000,99820,183,99488,183,99998,183,99469,183,100009,383,99458,183,100011,117,99450,183,100217,100,99322,100,100483,100,99132,100,100518,100,99053,100,100542,100,99039,100,100557,100,98922,100,100570,100,98899,100
2019-06-28 10:02:40.000000000,99820,166,99488,166,99998,166,99469,166,100009,366,99458,166,100011,100,99450,166,100217,166,99322,166,100483,100,99132,100,100518,100,99053,100,100542,100,99039,100,100557,100,98922,100,100570,100,98899,100
2019-06-28 10:02:50.000000000,99820,213,99488,213,99998,210,99469,210,100009,410,99458,210,100011,34,99450,100,100217,100,99322,100,100483,100,99132,100,100518,100,99053,100,100542,100,99039,100,100557,100,98922,100,100570,100,98899,100
2019-06-28 10:02:55.388665543,99820,213,99488,213,99931,100,99469,210,99998,210,99458,210,100009,410,99450,100,100011,34,99322,100,100217,100,99132,100,100483,100,99053,100,100518,100,99039,100,100542,100,98922,100,100557,100,98899,100
2019-06-28 10:03:00.000000000,99820,166,99488,166,99931,166,99469,166,99998,166,99458,166,100009,366,99450,166,100011,100,99322,166,100217,100,99132,100,100483,100,99053,100,100518,100,99039,100,100542,100,98922,100,100557,100,98899,100
2019-06-28 10:03:10.000000000,99820,183,99488,183,99931,183,99469,183,99998,183,99458,183,100009,383,99450,183,100011,34,99322,100,100217,100,99132,100,100483,100,99053,100,100518,100,99039,100,100542,100,98922,100,100557,100,98899,100
2019-06-28 10:03:19.381518332,99638,100,99488,183,99820,183,99469,183,99931,183,99458,83,99998,183,99450,183,100009,383,99322,100,100011,34,99132,100,100217,100,99053,100,100483,100,99039,100,100518,100,98922,100,100542,100,98899,100
2019-06-28 10:03:20.000000000,99638,183,99488,183,99820,183,99469,183,99931,183,99450,183,99998,183,99322,183,100009,300,99132,100,100011,34,99053,100,100217,100,99039,100,100483,100,98922,100,100518,100,98899,100,100542,100,98818,100
2019-06-28 10:03:22.466454008,99638,183,99542,100,99820,183,99488,183,99931,183,99469,183,99998,183,99450,183,100009,300,99322,183,100011,34,99132,100,100217,100,99053,100,100483,100,99039,100,100518,100,98922,100,100542,100,98899,100
2019-06-28 10:03:30.000000000,99638,213,99542,213,99820,210,99488,210,99931,210,99469,210,99998,100,99450,100,100009,300,99322,100,100011,34,99132,100,100217,100,99053,100,100483,100,99039,100,100518,100,98922,100,100542,100,98899,100
2019-06-28 10:03:40.000000000,99638,166,99542,166,99820,166,99488,166,99931,166,99469,166,99998,166,99450,166,100009,366,99322,166,100011,34,99132,100,100217,100,99053,100,100483,100,99039,100,100518,100,98922,100,100542,100,98899,100
2019-06-28 10:03:47.035469381,99638,166,99574,100,99820,166,99542,166,99931,166,99488,166,99998,166,99469,166,100009,366,99450,166,100011,34,99322,166,100217,100,99132,100,100483,100,99053,100,100518,100,99039,100,100542,100,98922,100
2019-06-28 10:03:50.000000000,99638,183,99574,183,99820,183,99542,183,99931,183,99488,183,99998,183,99469,183,100009,300,99450,100,100011,34,99322,100,100217,100,99132,100,100483,100,99053,100,100518,100,99039,100,100542,100,98922,100
2019-06-28 10:04:00.000000000,99638,266,99574,266,99820,266,99542,266,99931,100,99488,100,99998,100,99469,100,100009,300,99450,100,100011,34,99322,100,100217,100,99132,100,100483,100,99053,100,100518,100,99039,100,100542,100,98922,100
2019-06-28 10:04:04.666904180,99638,266,99574,366,99820,266,99542,266,99931,100,99488,100,99998,100,99469,100,100009,300,99450,100,100011,34,99322,100,100217,100,99132,100,100483,100,99053,100,100518,100,99039,100,100542,100,98922,100
2019-06-28 10:04:10.000000000,99638,266,99574,366,99820,266,99542,266,99931,100,99488,100,99998,100,99469,100,100009,300,99450,100,100011,34,99322,100,100217,100,99132,100,100483,100,99053,100,100518,100,99039,100,100542,100,98922,100
2019-06-28 10:04:16.512009494,99638,266,99574,466,99820,266,99542,266,99931,100,99488,100,99998,100,99469,100,100009,300,99450,100,100011,34,99322,100,100217,100,99132,100,100483,100,99053,100,100518,100,99039,100,100542,100,98922,100
2019-06-28 10:04:20.000000000,99638,432,99574,632,99820,100,99542,100,99931,100,99488,100,99998,100,99469,100,100009,300,99450,100,100011,34,99322,100,100217,100,99132,100,100483,100,99053,100,100518,100,99039,100,100542,100,98922,100
2019-06-28 10:04:29.341079841,99638,432,99574,632,99820,100,99542,100,99931,100,99488,100,100009,300,99469,100,100011,34,99450,100,100197,100,99322,100,100217,100,99132,100,100483,100,99053,100,100518,100,99039,100,100542,100,98922,100
2019-06-28 10:04:30.000000000,99638,432,99574,632,99820,100,99542,100,99931,100,99488,100,100009,300,99469,100,100011,34,99450,100,100197,100,99322,100,100217,100,99132,100,100483,100,99053,100,100518,100,99039,100,100542,100,98922,100
2019-06-28 10:04:30.904879591,99638,432,99574,732,99820,100,99542,100,99931,100,99488,100,100009,300,99469,100,100011,34,99450,100,100197,100,99322,100,100217,100,99132,100,100483,100,99053,100,100518,100,99039,100,100542,100,98922,100
2019-06-28 10:04:40.000000000,99638,213,99574,513,99820,210,99542,210,99931,210,99488,210,100009,300,99469,100,100011,34,99450,100,100197,100,99322,100,100217,100,99132,100,100483,100,99053,100,100518,100,99039,100,100542,100,98922,100
2019-06-28 10:04:40.627958971,99638,213,99574,513,99820,210,99542,210,99931,210,99488,210,99967,100,99469,100,100009,300,99450,100,100011,34,99322,100,100197,100,99132,100,100217,100,99053,100,100483,100,99039,100,100518,100,98922,100
2019-06-28 10:04:41.205862902,99638,213,99574,513,99820,210,99542,210,99931,210,99488,210,99967,100,99469,100,100009,300,99450,100,100011,34,99322,100,100014,100,99132,100,100197,100,99053,100,100217,100,99039,100,100483,100,98922,100
2019-06-28 10:04:44.706913293,99638,213,99574,513,99820,210,99542,210,99825,100,99488,210,99931,210,99469,100,99967,100,99450,100,100009,300,99322,100,100011,34,99132,100,100014,100,99053,100,100197,100,99039,100,100217,100,98922,100
2019-06-28 10:04:50.000000000,99638,166,99574,466,99820,166,99542,166,99825,166,99488,166,99931,166,99469,166,99967,166,99450,166,100009,300,99322,100,100011,34,99132,100,100014,100,99053,100,100197,100,99039,100,100217,100,98922,100
2019-06-28 10:05:00.000000000,99638,213,99574,513,99820,210,99542,210,99825,210,99488,210,99931,100,99469,100,99967,100,99450,100,100009,300,99322,100,100011,34,99132,100,100014,100,99053,100,100197,100,99039,100,100217,100,98922,100
2019-06-28 10:05:10.000000000,99638,213,99574,513,99820,210,99542,210,99825,210,99488,210,99931,100,99469,100,99967,100,99450,100,100009,300,99322,100,100011,34,99132,100,100014,100,99053,100,100197,100,99039,100,100217,100,98922,100
2019-06-28 10:05:16.043617657,99638,213,99574,613,99820,210,99542,210,99825,210,99488,210,99931,100,99469,100,99967,100,99450,100,100009,300,99322,100,100011,34,99132,100,100014,100,99053,100,100197,100,99039,100,100217,100,98922,100
2019-06-28 10:05:18.829751632,99638,213,99574,613,99820,210,99542,210,99825,210,99488,210,99931,100,99469,100,99967,100,99450,100,100009,300,99322,100,100011,34,99132,100,100014,100,99053,100,100197,100,99039,100,100217,100,98922,100
2019-06-28 10:05:20.000000000,99638,213,99574,613,99820,210,99542,210,99825,210,99488,210,99931,100,99469,100,99967,100,99450,100,100009,300,99322,100,100011,34,99132,100,100014,100,99053,100,100197,100,99039,100,100217,100,98922,100
2019-06-28 10:05:24.063158261,99638,213,99574,613,99820,210,99542,210,99825,210,99488,210,99931,100,99450,100,99967,100,99322,100,100009,300,99132,100,100011,34,99053,100,100014,100,99039,100,100197,100,98922,100,100211,100,98899,100
2019-06-28 10:05:27.475948674,99638,213,99574,613,99820,210,99542,210,99825,210,99488,210,99931,100,99450,100,99967,100,99322,100,100009,300,99132,100,100011,34,99053,100,100014,100,99039,100,100149,100,98922,100,100197,100,98899,100
2019-06-28 10:05:30.000000000,99638,213,99574,613,99820,210,99542,210,99825,210,99488,210,99931,100,99450,100,99967,100,99322,100,100009,300,99132,100,100011,34,99053,100,100014,100,99039,100,100149,100,98922,100,100197,100,98899,100
2019-06-28 10:05:32.934666195,99638,213,99574,613,99820,210,99542,210,99825,210,99488,210,99931,100,99450,100,99967,100,99322,100,100009,300,99132,100,100011,34,99039,100,100014,100,98922,100,100149,100,98899,100,100197,100,98782,100
2019-06-28 10:05:40.000000000,99638,266,99574,666,99820,266,99542,266,99825,100,99488,100,99931,100,99450,100,99967,100,99322,100,100009,300,99132,100,100011,34,99039,100,100014,100,98922,100,100149,100,98899,100,100197,100,98782,100
2019-06-28 10:05:47.437895292,99638,166,99574,666,99820,266,99542,266,99825,100,99488,100,99931,100,99450,100,99967,100,99322,100,100009,300,99132,100,100011,34,99039,100,100014,100,98922,100,100149,100,98899,100,100197,100,98782,100
2019-06-28 10:05:50.000000000,99820,166,99574,566,99825,166,99542,166,99931,166,99488,166,99967,166,99450,166,100009,366,99322,166,100011,34,99132,100,100014,100,99039,100,100149,100,98922,100,100197,100,98899,100,100204,100,98782,100
2019-06-28 10:06:00.000000000,99820,166,99574,566,99825,166,99542,166,99931,166,99488,166,99967,166,99450,166,100009,366,99322,166,100011,34,99132,100,100014,100,99039,100,100149,100,98922,100,100197,100,98899,100,100204,100,98782,100
2019-06-28 10:06:10.000000000,99820,166,99574,566,99825,166,99542,166,99931,166,99488,166,99967,166,99450,166,100009,366,99322,166,100011,34,99132,100,100014,100,99039,100,100149,100,98922,100,100197,100,98899,100,100204,100,98782,100
2019-06-28 10:06:20.000000000,99820,266,99574,666,99825,266,99542,266,99931,100,99488,100,99967,100,99450,100,100009,300,99322,100,100011,34,99132,100,100014,100,99039,100,100149,100,98922,100,100197,100,98899,100,100204,100,98782,100
2019-06-28 10:06:26.823389595,99820,266,99782,100,99825,266,99574,666,99931,100,99542,266,99967,100,99488,100,100009,300,99450,100,100011,34,99322,100,100014,100,99132,100,100149,100,99039,100,100197,100,98922,100,100204,100,98899,100
2019-06-28 10:06:30.000000000,99820,266,99782,266,99825,266,99574,666,99931,100,99542,100,99967,100,99488,100,100009,300,99450,100,100011,34,99322,100,100014,100,99132,100,100149,100,99039,100,100197,100,98922,100,100204,100,98899,100
2019-06-28 10:06:30.851564095,99820,266,99782,266,99825,266,99574,666,99931,100,99542,100,99967,100,99488,100,100009,300,99450,100,100011,34,99322,100,100014,100,99132,100,100107,100,99039,100,100149,100,98922,100,100197,100,98899,100
2019-06-28 10:06:40.000000000,99820,213,99782,213,99825,210,99574,610,99931,210,99542,210,99967,100,99488,100,100009,300,99450,100,100011,34,99322,100,100014,100,99132,100,100107,100,99039,100,100149,100,98922,100,100197,100,98899,100
2019-06-28 10:06:50.000000000,99820,432,99782,432,99825,100,99574,500,99931,100,99542,100,99967,100,99488,100,100009,300,99450,100,100011,34,99322,100,100014,100,99132,100,100107,100,99039,100,100149,100,98922,100,100197,100,98899,100
2019-06-28 10:07:00.000000000,99820,213,99782,213,99825,210,99574,610,99931,210,99542,210,99967,100,99488,100,100009,300,99450,100,100011,34,99322,100,100014,100,99132,100,100107,100,99039,100,100149,100,98922,100,100197,100,98899,100
2019-06-28 10:07:10.000000000,99820,432,99782,432,99825,100,99574,500,99931,100,99542,100,99967,100,99488,100,100009,300,99450,100,100011,34,99322,100,100014,100,99132,100,100107,100,99039,100,100149,100,98922,100,100197,100,98899,100
2019-06-28 10:07:15.421750698,99820,432,99782,432,99825,100,99574,500,99931,100,99542,100,99967,100,99488,100,99998,100,99450,100,100009,300,99322,100,100011,34,99132,100,100014,100,99039,100,100107,100,98922,100,100149,100,98899,100
2019-06-28 10:07:18.094393865,99820,332,99782,432,99825,100,99574,500,99931,100,99542,100,99967,100,99488,100,99998,100,99450,100,100009,300,99322,100,100011,34,99132,100,100014,100,99039,100,100107,100,98922,100,100149,100,98899,100
2019-06-28 10:07:20.000000000,99825,213,99782,213,99931,210,99574,610,99967,210,99542,210,99998,100,99488,100,100009,300,99450,100,100011,34,99322,100,100014,100,99132,100,100107,100,99039,100,100149,100,98922,100,100197,100,98899,100
2019-06-28 10:07:25.534565952,99825,113,99782,213,99931,210,99574,610,99967,210,99542,210,100009,300,99488,100,100011,34,99450,100,100014,100,99322,100,100107,100,99132,100,100149,100,99039,100,100197,100,98922,100,100204,100,98899,100
2019-06-28 10:07:30.000000000,99931,432,99782,432,99967,100,99574,500,100009,300,99542,100,100011,34,99488,100,100014,100,99450,100,100107,100,99322,100,100149,100,99132,100,100197,100,99039,100,100204,100,98922,100,100217,100,98899,100
