,ask_price_1,ask_size_1,bid_price_1,bid_size_1,ask_price_2,ask_size_2,bid_price_2,bid_size_2,ask_price_3,ask_size_3,bid_price_3,bid_size_3,ask_price_4,ask_size_4,bid_price_4,bid_size_4,ask_price_5,ask_size_5,bid_price_5,bid_size_5,ask_price_6,ask_size_6,bid_price_6,bid_size_6,ask_price_7,ask_size_7,bid_price_7,bid_size_7,ask_price_8,ask_size_8,bid_price_8,bid_size_8,ask_price_9,ask_size_9,bid_price_9,bid_size_9,ask_price_10,ask_size_10,bid_price_10,bid_size_10
2019-06-28 09:30:00.000000000,,,100017,100,,,,,,,,,,,,,,,,,,,,,,,,,,,,,,,,,,,,
2019-06-28 09:30:00.000000001,100046,100,100017,100,,,,,,,,,,,,,,,,,,,,,,,,,,,,,,,,,,,,
2019-06-28 09:30:00.000000003,100046,100,100017,100,,,99965,100,,,,,,,,,,,,,,,,,,,,,,,,,,,,,,,,
2019-06-28 09:30:00.000000004,100046,100,99965,100,,,,,,,,,,,,,,,,,,,,,,,,,,,,,,,,,,,,
2019-06-28 09:30:00.000000005,100046,100,99965,100,,,99904,100,,,,,,,,,,,,,,,,,,,,,,,,,,,,,,,,
2019-06-28 09:30:00.000000007,100046,100,99965,100,,,99925,100,,,99904,100,,,,,,,,,,,,,,,,,,,,,,,,,,,,
2019-06-28 09:30:00.000000008,100046,100,99975,100,,,99965,100,,,99925,100,,,99904,100,,,,,,,,,,,,,,,,,,,,,,,,
2019-06-28 09:30:00.000000009,100046,100,99965,100,,,99925,100,,,99904,100,,,,,,,,,,,,,,,,,,,,,,,,,,,,
2019-06-28 09:30:00.000000010,100046,100,99965,100,,,99950,100,,,99925,100,,,99904,100,,,,,,,,,,,,,,,,,,,,,,,,
2019-06-28 09:30:00.000000017,100004,100,99965,100,100046,100,99950,100,,,99925,100,,,99904,100,,,99814,100,,,,,,,,,,,,,,,,,,,,
2019-06-28 09:30:00.000000019,100004,100,99975,100,100046,100,99965,100,,,99950,100,,,99925,100,,,99904,100,,,99826,100,,,99814,100,,,,,,,,,,,,
2019-06-28 09:30:00.000000022,100004,100,99975,300,100046,100,99965,100,100251,100,99950,100,,,99925,100,,,99904,100,,,99826,100,,,99814,100,,,,,,,,,,,,
2019-06-28 09:30:00.000000025,100004,100,99994,100,100046,100,99975,300,100251,100,99965,100,,,99950,100,,,99925,100,,,99904,100,,,99826,100,,,99814,100,,,,,,,,
2019-06-28 09:30:00.000000026,100004,100,99994,100,100046,100,99975,300,100056,100,99965,100,100077,100,99950,100,100251,100,99925,100,,,99904,100,,,99826,100,,,99814,100,,,,,,,,
2019-06-28 09:30:00.000000027,100004,100,99994,100,100046,100,99979,100,100056,100,99975,300,100077,100,99965,100,100251,100,99950,100,,,99925,100,,,99904,100,,,99826,100,,,99814,100,,,,
2019-06-28 09:30:00.000000028,100004,100,99994,100,100046,100,99979,100,100056,100,99975,500,100077,100,99965,100,100251,100,99950,100,,,99925,100,,,99904,100,,,99826,100,,,99814,100,,,,
2019-06-28 09:30:00.000000029,100004,100,99994,100,100046,100,99979,100,100056,100,99975,500,100077,100,99965,100,100251,100,99950,100,,,99925,100,,,99912,100,,,99904,100,,,99826,100,,,99814,100
2019-06-28 09:30:00.000000033,100004,100,99994,100,100046,100,99979,100,100056,100,99975,600,100077,100,99965,100,100251,100,99950,100,,,99925,100,,,99912,100,,,99904,100,,,99826,100,,,99814,100
2019-06-28 09:30:00.000000035,100004,100,99979,100,100046,100,99975,600,100056,100,99965,100,100077,100,99950,100,100251,100,99925,100,,,99912,100,,,99904,100,,,99826,100,,,99814,100,,,,
2019-06-28 09:30:00.000000037,100004,100,99979,100,100046,100,99975,600,100056,100,99965,100,100077,100,99950,100,100251,100,99925,100,,,99912,100,,,99904,100,,,99868,100,,,99826,100,,,99814,100
2019-06-28 09:30:00.000000038,100004,100,99979,100,100046,100,99975,600,100056,100,99965,100,100077,100,99950,100,100251,100,99925,100,,,99912,100,,,99904,100,,,99874,100,,,99868,100,,,99826,100
2019-06-28 09:30:00.000000039,100046,100,99979,100,100056,100,99975,600,100077,100,99965,100,100251,100,99950,100,,,99925,100,,,99912,100,,,99904,100,,,99874,100,,,99868,100,,,99826,100
2019-06-28 09:30:00.000000040,100004,100,99979,100,100046,100,99975,600,100056,100,99965,100,100077,100,99950,100,100135,100,99925,100,100251,100,99912,100,,,99904,100,,,99874,100,,,99868,100,,,99826,100
2019-06-28 09:30:00.000000043,100004,100,99979,100,100046,100,99975,600,100056,100,99970,100,100077,100,99965,100,100135,100,99950,100,100251,100,99925,100,,,99912,100,,,99904,100,,,99874,100,,,99868,100
2019-06-28 09:30:00.000000046,100004,100,99979,100,100046,100,99975,600,100056,100,99970,100,100077,100,99965,100,100135,100,99950,100,100251,100,99925,100,,,99912,100,,,99904,100,,,99874,100,,,99868,100
2019-06-28 09:30:00.000000047,100004,100,99994,100,100046,100,99979,100,100056,100,99975,600,100077,100,99970,100,100135,100,99965,100,100251,100,99950,100,,,99925,100,,,99912,100,,,99904,100,,,99874,100
2019-06-28 09:30:00.000000049,100004,100,99994,100,100046,100,99979,100,100056,100,99975,600,100077,100,99970,100,100135,100,99965,100,100251,100,99950,100,,,99925,100,,,99912,100,,,99904,100,,,99874,100
2019-06-28 09:30:00.000000052,100004,300,99994,100,100046,100,99979,100,100056,100,99975,600,100077,100,99970,100,100135,100,99965,100,100251,100,99950,100,,,99925,100,,,99912,100,,,99904,100,,,99874,100
2019-06-28 09:30:00.000000054,100004,300,99994,100,100046,100,99979,100,100056,100,99975,600,100077,100,99970,100,100135,100,99965,100,100251,100,99950,100,,,99937,100,,,99925,100,,,99912,100,,,99904,100
2019-06-28 09:30:00.000000056,100004,300,99979,100,100046,100,99975,600,100056,100,99970,100,100077,100,99965,100,100135,100,99950,100,100251,100,99937,100,,,99925,100,,,99912,100,,,99904,100,,,99882,100
2019-06-28 09:30:00.000000058,100004,300,99979,100,100046,100,99975,600,100056,100,99970,100,100077,100,99965,100,100092,100,99950,100,100135,100,99937,100,100251,100,99925,100,,,99912,100,,,99904,100,,,99882,100
2019-06-28 09:30:00.000000061,100003,100,99979,100,100004,300,99975,600,100046,100,99970,100,100056,100,99965,100,100075,100,99950,100,100077,100,99937,100,100092,100,99925,100,100135,100,99912,100,100251,100,99904,100,,,99882,100
2019-06-28 09:30:00.000000062,100003,100,99979,100,100004,300,99975,600,100046,100,99972,100,100056,100,99970,100,100075,100,99965,100,100077,100,99950,100,100092,100,99937,100,100135,100,99925,100,100251,100,99912,100,,,99904,100
2019-06-28 09:30:00.000000063,100003,200,99979,100,100004,300,99975,600,100046,100,99972,100,100056,100,99970,100,100075,100,99965,100,100077,100,99950,100,100092,100,99937,100,100135,100,99925,100,100251,100,99912,100,,,99904,100
2019-06-28 09:30:00.000000064,100003,200,99979,100,100004,300,99975,600,100046,100,99972,100,100056,100,99970,100,100075,100,99965,100,100077,100,99950,100,100092,100,99937,100,100135,100,99925,100,100251,100,99912,100,,,99904,100
2019-06-28 09:30:00.000000065,100003,100,99979,100,100004,300,99975,600,100046,100,99972,100,100056,100,99970,100,100075,100,99965,100,100077,100,99950,100,100092,100,99937,100,100135,100,99925,100,100251,100,99912,100,,,99904,100
2019-06-28 09:30:00.000000066,100004,300,99975,600,100046,100,99972,100,100056,100,99970,100,100075,100,99965,100,100077,100,99950,100,100092,100,99937,100,100135,100,99925,100,100251,100,99912,100,,,99904,100,,,99882,100
2019-06-28 09:30:00.000000071,100004,300,99975,600,100046,100,99972,100,100056,100,99970,100,100075,100,99965,100,100077,100,99950,100,100092,100,99937,100,100135,100,99925,100,100251,100,99924,100,,,99912,100,,,99904,100
2019-06-28 09:30:00.000000072,100004,300,99979,100,100046,100,99975,600,100056,100,99972,100,100075,100,99970,100,100077,100,99965,100,100092,100,99950,100,100135,100,99937,100,100251,100,99931,100,,,99925,100,,,99924,100
2019-06-28 09:30:00.000000073,100004,300,99979,100,100046,100,99975,600,100056,100,99972,100,100075,100,99970,100,100077,100,99965,100,100092,100,99950,100,100135,100,99937,100,100251,100,99936,100,,,99931,100,,,99925,100
2019-06-28 09:30:00.000000075,100004,300,99979,100,100046,100,99975,600,100056,100,99972,100,100075,100,99970,100,100077,100,99965,100,100092,100,99951,100,100135,100,99950,100,100251,100,99937,100,,,99936,100,,,99931,100
2019-06-28 09:30:00.000000078,100004,300,99979,200,100046,100,99975,600,100056,100,99972,100,100075,100,99970,100,100077,100,99965,100,100092,100,99951,100,100135,100,99950,100,100251,100,99937,100,,,99936,100,,,99931,100
2019-06-28 09:30:00.000000081,100004,300,99979,200,100046,100,99975,600,100056,100,99972,100,100075,100,99970,100,100077,100,99965,100,100092,100,99951,100,100135,100,99950,100,100203,100,99937,100,100251,100,99936,100,,,99931,100
2019-06-28 09:30:00.000000082,100004,300,99986,100,100046,100,99979,200,100056,100,99975,600,100075,100,99972,100,100077,100,99970,100,100092,100,99965,100,100117,100,99951,100,100135,100,99950,100,100203,100,99937,100,100251,100,99936,100
2019-06-28 09:30:00.000000084,100004,200,99986,100,100046,100,99979,200,100056,100,99975,600,100075,100,99972,100,100077,100,99970,100,100092,100,99965,100,100117,100,99951,100,100135,100,99950,100,100203,100,99937,100,100251,100,99936,100
2019-06-28 09:30:00.000000088,100004,200,99979,200,100029,100,99975,600,100046,100,99972,100,100056,100,99970,100,100075,100,99965,100,100077,100,99951,100,100092,100,99950,100,100117,100,99937,100,100135,100,99936,100,100203,100,99931,100
2019-06-28 09:30:00.000000091,100004,200,99986,100,100029,100,99979,200,100046,100,99975,600,100056,100,99972,100,100075,100,99970,100,100077,100,99965,100,100092,100,99951,100,100117,100,99950,100,100135,100,99937,100,100203,100,99936,100
2019-06-28 09:30:00.000000093,100004,200,99979,200,100029,100,99975,600,100046,100,99972,100,100056,100,99970,100,100075,100,99965,100,100077,100,99951,100,100092,100,99950,100,100117,100,99937,100,100135,100,99936,100,100203,100,99931,100
2019-06-28 09:30:00.000000094,100004,200,99979,200,100029,100,99975,600,100046,100,99972,100,100056,100,99970,100,100075,100,99965,100,100077,100,99951,100,100092,100,99950,100,100117,100,99937,100,100135,100,99936,100,100203,100,99931,100
2019-06-28 09:30:00.000000096,99994,100,99979,200,100004,200,99975,600,100029,100,99972,100,100046,100,99970,100,100056,100,99965,100,100075,100,99951,100,100077,100,99950,100,100092,100,99937,100,100117,100,99936,100,100135,100,99931,100
2019-06-28 09:30:10.000000000,99994,370,99979,470,100004,200,99975,600,100029,100,99972,100,100046,100,99970,100,100056,100,99965,100,100075,100,99951,100,100077,100,99950,100,100092,100,99937,100,100117,100,99936,100,100135,100,99931,100
2019-06-28 09:30:20.000000000,99994,192,99979,292,100004,289,99975,689,100029,189,99972,189,100046,100,99970,100,100056,100,99965,100,100075,100,99951,100,100077,100,99950,100,100092,100,99937,100,100117,100,99936,100,100135,100,99931,100
2019-06-28 09:30:30.000000000,99994,235,99979,335,100004,335,99975,735,100029,100,99972,100,100046,100,99970,100,100056,100,99965,100,100075,100,99951,100,100077,100,99950,100,100092,100,99937,100,100117,100,99936,100,100135,100,99931,100
2019-06-28 09:30:30.727524774,99994,235,99979,335,100004,335,99975,735,100029,100,99972,100,100046,100,99970,100,100056,100,99965,100,100075,100,99951,100,100077,100,99950,100,100092,100,99937,100,100117,100,99936,100,100135,100,99931,100
2019-06-28 09:30:33.086358197,99994,235,99979,335,100004,335,99975,735,100029,100,99972,100,100046,100,99970,100,100056,100,99965,100,100075,100,99951,100,100092,100,99950,100,100117,100,99937,100,100135,100,99936,100,100194,100,99931,100
2019-06-28 09:30:39.942735723,99994,235,99986,100,100004,335,99979,335,100029,100,99975,735,100046,100,99972,100,100056,100,99970,100,100075,100,99965,100,100092,100,99951,100,100117,100,99950,100,100135,100,99937,100,100194,100,99936,100
2019-06-28 09:30:40.000000000,99994,235,99986,235,100004,335,99979,335,100029,100,99975,600,100046,100,99972,100,100056,100,99970,100,100075,100,99965,100,100092,100,99951,100,100117,100,99950,100,100135,100,99937,100,100194,100,99936,100
2019-06-28 09:30:42.287575074,99994,235,99986,235,100004,335,99979,335,100029,100,99975,600,100046,100,99970,100,100056,100,99965,100,100075,100,99951,100,100092,100,99950,100,100117,100,99937,100,100135,100,99936,100,100194,100,99931,100
2019-06-28 09:30:49.285682963,99994,235,99986,235,100004,335,99979,335,100029,100,99975,600,100046,100,99970,100,100056,100,99965,100,100075,100,99951,100,100092,100,99950,100,100117,100,99937,100,100135,100,99936,100,100194,100,99931,100
2019-06-28 09:30:50.000000000,99994,235,99986,235,100004,335,99979,335,100029,100,99975,600,100046,100,99970,100,100056,100,99965,100,100075,100,99951,100,100092,100,99950,100,100117,100,99937,100,100135,100,99936,100,100194,100,99931,100
2019-06-28 09:30:57.636292966,99994,235,99986,335,100004,335,99979,335,100029,100,99975,600,100046,100,99970,100,100056,100,99965,100,100075,100,99951,100,100092,100,99950,100,100117,100,99937,100,100135,100,99936,100,100194,100,99931,100
2019-06-28 09:31:00.000000000,99994,168,99986,268,100004,268,99979,268,100029,168,99975,668,100046,168,99970,168,100056,100,99965,100,100075,100,99951,100,100092,100,99950,100,100117,100,99937,100,100135,100,99936,100,100194,100,99931,100
2019-06-28 09:31:10.000000000,99994,154,99986,254,100004,254,99979,254,100029,154,99975,654,100046,154,99970,154,100056,154,99965,154,100075,100,99951,100,100092,100,99950,100,100117,100,99937,100,100135,100,99936,100,100194,100,99931,100
2019-06-28 09:31:10.355235513,99994,154,99986,354,100004,254,99979,254,100029,154,99975,654,100046,154,99970,154,100056,154,99965,154,100075,100,99951,100,100092,100,99950,100,100117,100,99937,100,100135,100,99936,100,100194,100,99931,100
2019-06-28 09:31:13.859253276,99994,154,99986,354,100004,254,99982,100,100029,154,99979,254,100046,54,99975,654,100056,154,99970,154,100075,100,99965,154,100092,100,99951,100,100117,100,99950,100,100135,100,99937,100,100194,100,99936,100
2019-06-28 09:31:20.000000000,99994,235,99986,435,100004,335,99982,235,100029,100,99979,200,100056,100,99975,600,100075,100,99970,100,100092,100,99965,100,100117,100,99951,100,100135,100,99950,100,100194,100,99937,100,100203,100,99936,100
2019-06-28 09:31:30.000000000,99994,370,99986,570,100004,200,99982,100,100029,100,99979,200,100056,100,99975,600,100075,100,99970,100,100092,100,99965,100,100117,100,99951,100,100135,100,99950,100,100194,100,99937,100,100203,100,99936,100
2019-06-28 09:31:30.839034721,99994,370,99986,570,100004,100,99982,100,100029,100,99979,200,100056,100,99975,600,100075,100,99970,100,100092,100,99965,100,100117,100,99951,100,100135,100,99950,100,100194,100,99937,100,100203,100,99936,100
2019-06-28 09:31:35.650107422,99994,370,99986,570,100004,100,99982,100,100029,100,99979,200,100056,100,99975,600,100075,100,99970,100,100092,100,99965,100,100117,100,99951,100,100135,100,99950,100,100194,100,99943,100,100203,100,99937,100
2019-06-28 09:31:38.335443138,99994,370,99986,570,100004,100,99982,100,100029,100,99979,200,100056,100,99975,600,100075,100,99974,100,100092,100,99970,100,100117,100,99965,100,100135,100,99951,100,100194,100,99950,100,100203,100,99943,100
2019-06-28 09:31:40.000000000,99994,154,99986,354,100004,154,99982,154,100029,154,99979,254,100056,154,99975,654,100075,154,99974,154,100092,100,99970,100,100117,100,99965,100,100135,100,99951,100,100194,100,99950,100,100203,100,99943,100
2019-06-28 09:31:50.000000000,99994,154,99986,354,100004,154,99982,154,100029,154,99979,254,100056,154,99975,654,100075,154,99974,154,100092,100,99970,100,100117,100,99965,100,100135,100,99951,100,100194,100,99950,100,100203,100,99943,100
2019-06-28 09:32:00.000000000,99994,168,99986,368,100004,168,99982,168,100029,168,99979,268,100056,168,99975,668,100075,100,99974,100,100092,100,99970,100,100117,100,99965,100,100135,100,99951,100,100194,100,99950,100,100203,100,99943,100
2019-06-28 09:32:02.653539257,99994,168,99986,268,100004,168,99982,168,100029,168,99979,268,100056,168,99975,668,100075,100,99974,100,100092,100,99970,100,100117,100,99951,100,100135,100,99950,100,100194,100,99943,100,100203,100,99937,100
2019-06-28 09:32:03.428840063,99994,168,99986,168,100004,168,99982,168,100029,168,99979,268,100056,168,99975,668,100075,100,99974,100,100092,100,99970,100,100117,100,99951,100,100135,100,99950,100,100194,100,99943,100,100203,100,99937,100
2019-06-28 09:32:10.000000000,99994,235,99986,235,100004,235,99982,235,100029,100,99979,200,100056,100,99975,600,100075,100,99974,100,100092,100,99970,100,100117,100,99951,100,100135,100,99950,100,100194,100,99943,100,100203,100,99937,100
2019-06-28 09:32:20.000000000,99994,168,99986,168,100004,168,99982,168,100029,168,99979,268,100056,168,99975,668,100075,100,99974,100,100092,100,99970,100,100117,100,99951,100,100135,100,99950,100,100194,100,99943,100,100203,100,99937,100
2019-06-28 09:32:27.580882596,99994,168,99986,68,100004,168,99982,168,100029,168,99979,268,100056,168,99975,668,100075,100,99974,100,100092,100,99970,100,100117,100,99951,100,100135,100,99950,100,100194,100,99943,100,100203,100,99937,100
2019-06-28 09:32:30.000000000,99994,154,99982,154,100004,154,99979,254,100029,154,99975,654,100056,154,99974,154,100075,154,99970,154,100092,100,99951,100,100117,100,99950,100,100135,100,99943,100,100194,100,99937,100,100203,100,99936,100
2019-06-28 09:32:40.000000000,99994,192,99982,192,100004,189,99979,289,100029,189,99975,689,100056,100,99974,100,100075,100,99970,100,100092,100,99951,100,100117,100,99950,100,100135,100,99943,100,100194,100,99937,100,100203,100,99936,100
2019-06-28 09:32:50.000000000,99994,235,99982,235,100004,235,99979,335,100029,100,99975,600,100056,100,99974,100,100075,100,99970,100,100092,100,99951,100,100117,100,99950,100,100135,100,99943,100,100194,100,99937,100,100203,100,99936,100
2019-06-28 09:32:51.489074002,99994,235,99982,135,100004,235,99979,335,100029,100,99975,600,100056,100,99974,100,100075,100,99970,100,100092,100,99951,100,100117,100,99950,100,100135,100,99943,100,100194,100,99937,100,100203,100,99936,100
2019-06-28 09:32:54.947919316,99994,235,99982,35,100004,235,99979,335,100029,100,99975,600,100056,100,99974,100,100075,100,99970,100,100092,100,99951,100,100117,100,99950,100,100135,100,99943,100,100194,100,99936,100,100203,100,99931,100
2019-06-28 09:33:00.000000000,99994,370,99979,470,100004,100,99975,600,100029,100,99974,100,100056,100,99970,100,100075,100,99951,100,100092,100,99950,100,100117,100,99943,100,100135,100,99936,100,100194,100,99931,100,100203,100,99928,100
2019-06-28 09:33:01.175358830,99994,370,99979,470,100004,100,99975,600,100029,100,99974,100,100056,100,99970,100,100075,100,99951,100,100092,100,99950,100,100117,100,99943,100,100135,100,99936,100,100194,100,99931,100,100203,100,99928,100
2019-06-28 09:33:10.000000000,99994,192,99979,292,100004,189,99975,689,100029,189,99974,189,100056,100,99970,100,100075,100,99951,100,100092,100,99950,100,100117,100,99943,100,100135,100,99936,100,100194,100,99931,100,100203,100,99928,100
2019-06-28 09:33:12.314664777,99982,100,99979,292,99994,192,99975,689,100004,189,99974,189,100029,189,99970,100,100056,100,99951,100,100075,100,99950,100,100092,100,99943,100,100117,100,99936,100,100135,100,99931,100,100194,100,99928,100
2019-06-28 09:33:19.909606848,99982,100,99979,192,99994,192,99975,689,100004,189,99974,189,100029,189,99970,100,100056,100,99951,100,100075,100,99950,100,100092,100,99943,100,100117,100,99936,100,100135,100,99928,100,100194,100,99925,100
2019-06-28 09:33:20.000000000,99982,370,99979,370,99994,100,99975,600,100004,100,99974,100,100029,100,99970,100,100056,100,99951,100,100075,100,99950,100,100092,100,99943,100,100117,100,99936,100,100135,100,99928,100,100194,100,99925,100
2019-06-28 09:33:30.000000000,99982,192,99979,192,99994,189,99975,689,100004,189,99974,189,100029,100,99970,100,100056,100,99951,100,100075,100,99950,100,100092,100,99943,100,100117,100,99936,100,100135,100,99928,100,100194,100,99925,100
2019-06-28 09:33:40.000000000,99982,168,99979,168,99994,168,99975,668,100004,168,99974,168,100029,168,99970,168,100056,100,99951,100,100075,100,99950,100,100092,100,99943,100,100117,100,99936,100,100135,100,99928,100,100194,100,99925,100
2019-06-28 09:33:41.677865406,99982,168,99979,68,99994,168,99975,668,100004,168,99974,168,100029,168,99970,168,100056,100,99951,100,100075,100,99950,100,100092,100,99943,100,100117,100,99936,100,100135,100,99928,100,100194,100,99925,100
2019-06-28 09:33:50.000000000,99982,168,99975,668,99994,168,99974,168,100004,168,99970,168,100029,168,99951,168,100056,100,99950,100,100075,100,99943,100,100092,100,99936,100,100117,100,99928,100,100135,100,99925,100,100194,100,99924,100
2019-06-28 09:33:56.786195759,99979,100,99975,668,99982,168,99974,168,99994,168,99970,168,100004,168,99951,168,100029,168,99950,100,100056,100,99943,100,100075,100,99936,100,100092,100,99928,100,100117,100,99925,100,100135,100,99924,100
2019-06-28 09:33:57.912123377,99979,100,99975,668,99982,168,99974,168,99994,168,99970,168,100004,168,99951,168,100029,168,99950,100,100056,100,99943,100,100075,100,99936,100,100092,100,99928,100,100117,100,99925,100,100135,100,99924,100
2019-06-28 09:34:00.000000000,99979,370,99975,870,99982,100,99974,100,99994,100,99970,100,100004,100,99951,100,100029,100,99950,100,100056,100,99943,100,100075,100,99936,100,100092,100,99928,100,100117,100,99925,100,100135,100,99924,100
2019-06-28 09:34:03.401092971,99979,370,99975,770,99982,100,99974,100,99994,100,99970,100,100004,100,99951,100,100029,100,99950,100,100056,100,99943,100,100075,100,99928,100,100092,100,99925,100,100117,100,99924,100,100135,100,99912,100
2019-06-28 09:34:10.000000000,99979,168,99975,568,99982,168,99974,168,99994,168,99970,168,100004,168,99951,168,100029,100,99950,100,100056,100,99943,100,100075,100,99928,100,100092,100,99925,100,100117,100,99924,100,100135,100,99912,100
2019-06-28 09:34:20.000000000,99979,235,99975,635,99982,235,99974,235,99994,100,99970,100,100004,100,99951,100,100029,100,99950,100,100056,100,99943,100,100075,100,99928,100,100092,100,99925,100,100117,100,99924,100,100135,100,99912,100
2019-06-28 09:34:28.343716991,99979,235,99975,635,99982,235,99974,235,99994,100,99970,100,100004,100,99951,100,100029,100,99950,100,100056,100,99943,100,100075,100,99928,100,100092,100,99925,100,100117,100,99924,100,100135,100,99912,100
2019-06-28 09:34:28.713490564,99979,135,99975,635,99982,235,99974,235,99994,100,99970,100,100004,100,99951,100,100029,100,99950,100,100056,100,99943,100,100075,100,99928,100,100092,100,99925,100,100117,100,99924,100,100135,100,99912,100
2019-06-28 09:34:30.000000000,99982,168,99975,568,99994,168,99974,168,100004,168,99970,168,100029,168,99951,168,100056,100,99950,100,100075,100,99943,100,100092,100,99928,100,100117,100,99925,100,100135,100,99924,100,100194,100,99912,100
2019-06-28 09:34:40.000000000,99982,192,99975,592,99994,189,99974,189,100004,189,99970,189,100029,100,99951,100,100056,100,99950,100,100075,100,99943,100,100092,100,99928,100,100117,100,99925,100,100135,100,99924,100,100194,100,99912,100
2019-06-28 09:34:50.000000000,99982,154,99975,554,99994,154,99974,154,100004,154,99970,154,100029,154,99951,154,100056,154,99950,154,100075,100,99943,100,100092,100,99928,100,100117,100,99925,100,100135,100,99924,100,100194,100,99912,100
2019-06-28 09:34:52.862292780,99982,54,99975,554,99994,154,99974,154,100004,154,99970,154,100029,154,99951,154,100056,154,99950,154,100075,100,99943,100,100092,100,99928,100,100117,100,99925,100,100135,100,99924,100,100194,100,99912,100
2019-06-28 09:34:59.713429421,99982,54,99975,554,99994,154,99974,154,100004,154,99970,154,100029,154,99951,154,100056,154,99950,154,100075,100,99943,100,100092,100,99928,100,100117,100,99925,100,100135,100,99924,100,100194,100,99912,100
2019-06-28 09:35:00.000000000,99994,235,99975,635,100004,235,99974,235,100029,100,99970,100,100056,100,99951,100,100075,100,99950,100,100092,100,99943,100,100117,100,99928,100,100135,100,99925,100,100194,100,99924,100,100203,100,99912,100
2019-06-28 09:35:02.218013099,99994,235,99975,635,100004,235,99974,235,100029,100,99970,100,100056,100,99951,100,100075,100,99950,100,100092,100,99943,100,100117,100,99928,100,100135,100,99925,100,100194,100,99924,100,100203,100,99912,100
2019-06-28 09:35:10.000000000,99994,154,99975,554,100004,154,99974,154,100029,154,99970,154,100056,154,99951,154,100075,154,99950,154,100092,100,99943,100,100117,100,99928,100,100135,100,99925,100,100194,100,99924,100,100203,100,99912,100
2019-06-28 09:35:20.000000000,99994,154,99975,554,100004,154,99974,154,100029,154,99970,154,100056,154,99951,154,100075,154,99950,154,100092,100,99943,100,100117,100,99928,100,100135,100,99925,100,100194,100,99924,100,100203,100,99912,100
2019-06-28 09:35:20.628273712,99994,154,99975,554,100004,154,99974,154,100029,154,99970,154,100056,154,99951,154,100075,54,99950,154,100092,100,99943,100,100117,100,99928,100,100135,100,99925,100,100194,100,99924,100,100203,100,99912,100
2019-06-28 09:35:30.000000000,99994,168,99975,568,100004,168,99974,168,100029,168,99970,168,100056,168,99951,168,100092,100,99950,100,100117,100,99943,100,100135,100,99928,100,100194,100,99925,100,100203,100,99924,100,100204,100,99912,100
2019-06-28 09:35:40.000000000,99994,370,99975,770,100004,100,99974,100,100029,100,99970,100,100056,100,99951,100,100092,100,99950,100,100117,100,99943,100,100135,100,99928,100,100194,100,99925,100,100203,100,99924,100,100204,100,99912,100
2019-06-28 09:35:50.000000000,99994,168,99975,568,100004,168,99974,168,100029,168,99970,168,100056,168,99951,168,100092,100,99950,100,100117,100,99943,100,100135,100,99928,100,100194,100,99925,100,100203,100,99924,100,100204,100,99912,100
2019-06-28 09:36:00.000000000,99994,235,99975,635,100004,235,99974,235,100029,100,99970,100,100056,100,99951,100,100092,100,99950,100,100117,100,99943,100,100135,100,99928,100,100194,100,99925,100,100203,100,99924,100,100204,100,99912,100
2019-06-28 09:36:03.180513232,99994,235,99975,635,100004,235,99974,235,100029,100,99970,100,100056,100,99951,100,100092,100,99950,100,100117,100,99943,100,100135,100,99928,100,100194,100,99925,100,100203,100,99924,100,100204,100,99912,100
2019-06-28 09:36:10.000000000,99994,235,99975,635,100004,235,99974,235,100029,100,99970,100,100056,100,99951,100,100092,100,99950,100,100117,100,99943,100,100135,100,99928,100,100194,100,99925,100,100203,100,99924,100,100204,100,99912,100
2019-06-28 09:36:12.882839525,99994,235,99975,535,100004,235,99974,235,100029,100,99970,100,100056,100,99951,100,100092,100,99950,100,100117,100,99943,100,100135,100,99928,100,100194,100,99925,100,100203,100,99924,100,100204,100,99912,100
2019-06-28 09:36:15.293903449,99994,235,99975,535,100004,235,99974,235,100029,100,99970,100,100056,100,99951,100,100092,100,99950,100,100117,100,99943,100,100135,100,99928,100,100194,100,99925,100,100203,100,99924,100,100204,100,99912,100
2019-06-28 09:36:20.000000000,99994,235,99975,535,100004,235,99974,235,100029,100,99970,100,100056,100,99951,100,100092,100,99950,100,100117,100,99943,100,100135,100,99928,100,100194,100,99925,100,100203,100,99924,100,100204,100,99912,100
2019-06-28 09:36:24.677547165,99981,100,99975,535,99994,235,99974,235,100004,235,99970,100,100029,100,99951,100,100056,100,99950,100,100092,100,99943,100,100117,100,99928,100,100135,100,99925,100,100194,100,99924,100,100203,100,99912,100
2019-06-28 09:36:30.000000000,99981,370,99975,670,99994,100,99974,100,100004,100,99970,100,100029,100,99951,100,100056,100,99950,100,100092,100,99943,100,100117,100,99928,100,100135,100,99925,100,100194,100,99924,100,100203,100,99912,100
2019-06-28 09:36:40.000000000,99981,168,99975,468,99994,168,99974,168,100004,168,99970,168,100029,168,99951,168,100056,100,99950,100,100092,100,99943,100,100117,100,99928,100,100135,100,99925,100,100194,100,99924,100,100203,100,99912,100
2019-06-28 09:36:50.000000000,99981,168,99975,468,99994,168,99974,168,100004,168,99970,168,100029,168,99951,168,100056,100,99950,100,100092,100,99943,100,100117,100,99928,100,100135,100,99925,100,100194,100,99924,100,100203,100,99912,100
2019-06-28 09:36:54.880408863,99981,168,99975,368,99994,168,99974,168,100004,168,99970,168,100029,168,99951,168,100056,100,99950,100,100092,100,99943,100,100117,100,99928,100,100135,100,99925,100,100194,100,99924,100,100203,100,99912,100
2019-06-28 09:37:00.000000000,99981,168,99975,368,99994,168,99974,168,100004,168,99970,168,100029,168,99951,168,100056,100,99950,100,100092,100,99943,100,100117,100,99928,100,100135,100,99925,100,100194,100,99924,100,100203,100,99912,100
2019-06-28 09:37:06.855675358,99981,168,99975,268,99994,168,99974,168,100004,168,99970,168,100029,168,99951,168,100056,100,99950,100,100092,100,99943,100,100117,100,99928,100,100135,100,99925,100,100194,100,99924,100,100203,100,99912,100
2019-06-28 09:37:10.000000000,99981,370,99975,470,99994,100,99974,100,100004,100,99970,100,100029,100,99951,100,100056,100,99950,100,100092,100,99943,100,100117,100,99928,100,100135,100,99925,100,100194,100,99924,100,100203,100,99912,100
2019-06-28 09:37:16.498654063,99981,370,99975,370,99994,100,99974,100,100004,100,99970,100,100029,100,99951,100,100056,100,99950,100,100092,100,99943,100,100117,100,99928,100,100135,100,99925,100,100194,100,99924,100,100203,100,99912,100
2019-06-28 09:37:20.000000000,99981,154,99975,154,99994,154,99974,154,100004,154,99970,154,100029,154,99951,154,100056,154,99950,154,100092,100,99943,100,100117,100,99928,100,100135,100,99925,100,100194,100,99924,100,100203,100,99912,100
2019-06-28 09:37:24.497126525,99981,154,99975,154,99994,154,99974,154,100004,154,99970,154,100029,154,99951,154,100056,154,99950,154,100092,100,99943,100,100117,100,99928,100,100135,100,99925,100,100194,100,99924,100,100203,100,99912,100
2019-06-28 09:37:30.000000000,99981,154,99975,154,99994,154,99974,154,100004,154,99970,154,100029,154,99951,154,100056,154,99950,154,100092,100,99943,100,100117,100,99928,100,100135,100,99925,100,100194,100,99924,100,100203,100,99912,100
2019-06-28 09:37:40.000000000,99981,235,99975,235,99994,235,99974,235,100004,100,99970,100,100029,100,99951,100,100056,100,99950,100,100092,100,99943,100,100117,100,99928,100,100135,100,99925,100,100194,100,99924,100,100203,100,99912,100
2019-06-28 09:37:50.000000000,99981,370,99975,370,99994,100,99974,100,100004,100,99970,100,100029,100,99951,100,100056,100,99950,100,100092,100,99943,100,100117,100,99928,100,100135,100,99925,100,100194,100,99924,100,100203,100,99912,100
2019-06-28 09:38:00.000000000,99981,370,99975,370,99994,100,99974,100,100004,100,99970,100,100029,100,99951,100,100056,100,99950,100,100092,100,99943,100,100117,100,99928,100,100135,100,99925,100,100194,100,99924,100,100203,100,99912,100
2019-06-28 09:38:07.745619960,99981,370,99975,270,99994,100,99974,100,100004,100,99970,100,100029,100,99951,100,100056,100,99950,100,100092,100,99943,100,100117,100,99928,100,100135,100,99925,100,100194,100,99924,100,100203,100,99912,100
2019-06-28 09:38:10.000000000,99981,154,99974,154,99994,154,99970,154,100004,154,99951,154,100029,154,99950,154,100056,154,99943,154,100092,100,99928,100,100117,100,99925,100,100135,100,99924,100,100194,100,99912,100,100203,100,99904,100
2019-06-28 09:38:15.513547542,99981,154,99974,54,99994,154,99970,154,100004,154,99951,154,100029,154,99950,154,100056,154,99943,154,100092,100,99928,100,100117,100,99925,100,100135,100,99924,100,100194,100,99912,100,100203,100,99904,100
2019-06-28 09:38:20.000000000,99981,235,99970,235,99994,235,99951,235,100004,100,99950,100,100029,100,99943,100,100056,100,99928,100,100092,100,99925,100,100117,100,99924,100,100135,100,99912,100,100194,100,99904,100,100203,100,99868,100
2019-06-28 09:38:20.348764339,99981,235,99970,235,99994,235,99951,235,100004,100,99950,100,100029,100,99943,100,100056,100,99928,100,100092,100,99925,100,100117,100,99924,100,100135,100,99912,100,100194,100,99904,100,100203,100,99868,100
2019-06-28 09:38:24.938097778,99975,100,99970,235,99981,235,99951,235,99994,235,99950,100,100004,100,99943,100,100029,100,99928,100,100056,100,99925,100,100092,100,99924,100,100117,100,99912,100,100135,100,99904,100,100194,100,99868,100
2019-06-28 09:38:27.818044467,99975,200,99970,235,99981,235,99951,235,99994,235,99950,100,100004,100,99943,100,100029,100,99928,100,100056,100,99925,100,100092,100,99924,100,100117,100,99912,100,100135,100,99904,100,100194,100,99868,100
2019-06-28 09:38:30.000000000,99975,268,99970,168,99981,168,99951,168,99994,168,99950,168,100004,168,99943,168,100029,100,99928,100,100056,100,99925,100,100092,100,99924,100,100117,100,99912,100,100135,100,99904,100,100194,100,99868,100
2019-06-28 09:38:34.481521719,99975,368,99970,168,99981,168,99951,168,99994,168,99950,168,100004,168,99943,168,100029,100,99928,100,100056,100,99925,100,100092,100,99924,100,100117,100,99912,100,100135,100,99904,100,100194,100,99868,100
2019-06-28 09:38:40.000000000,99975,570,99970,370,99981,100,99951,100,99994,100,99950,100,100004,100,99943,100,100029,100,99928,100,100056,100,99925,100,100092,100,99924,100,100117,100,99912,100,100135,100,99904,100,100194,100,99868,100
2019-06-28 09:38:40.648780715,99975,570,99970,270,99981,100,99951,100,99994,100,99950,100,100004,100,99943,100,100029,100,99928,100,100056,100,99925,100,100092,100,99924,100,100117,100,99912,100,100135,100,99904,100,100194,100,99868,100
2019-06-28 09:38:44.543147675,99975,470,99970,270,99981,100,99951,100,99994,100,99950,100,100004,100,99943,100,100029,100,99928,100,100056,100,99925,100,100092,100,99924,100,100117,100,99912,100,100135,100,99904,100,100194,100,99868,100
2019-06-28 09:38:50.000000000,99975,335,99951,235,99981,235,99950,235,99994,100,99943,100,100004,100,99928,100,100029,100,99925,100,100056,100,99924,100,100092,100,99912,100,100117,100,99904,100,100135,100,99868,100,100194,100,99862,100
2019-06-28 09:38:56.255087127,99974,100,99951,235,99975,335,99950,235,99981,235,99943,100,99994,100,99928,100,100004,100,99925,100,100029,100,99924,100,100056,100,99912,100,100092,100,99904,100,100117,100,99868,100,100135,100,99862,100
2019-06-28 09:39:00.000000000,99974,235,99951,235,99975,335,99950,235,99981,100,99943,100,99994,100,99928,100,100004,100,99925,100,100029,100,99924,100,100056,100,99912,100,100092,100,99904,100,100117,100,99868,100,100135,100,99862,100
2019-06-28 09:39:10.000000000,99974,168,99951,168,99975,268,99950,168,99981,168,99943,168,99994,168,99928,168,100004,100,99925,100,100029,100,99924,100,100056,100,99912,100,100092,100,99904,100,100117,100,99868,100,100135,100,99862,100
2019-06-28 09:39:11.623747694,99974,168,99951,168,99975,268,99950,168,99981,168,99943,168,99994,168,99928,168,100004,100,99925,100,100029,100,99924,100,100056,100,99912,100,100092,100,99904,100,100117,100,99868,100,100135,100,99862,100
2019-06-28 09:39:20.000000000,99974,370,99951,370,99975,200,99950,100,99981,100,99943,100,99994,100,99928,100,100004,100,99925,100,100029,100,99924,100,100056,100,99912,100,100092,100,99904,100,100117,100,99868,100,100135,100,99862,100
2019-06-28 09:39:23.762217844,99974,370,99951,370,99975,200,99950,100,99981,100,99943,100,99994,100,99928,100,100004,100,99925,100,100029,100,99924,100,100056,100,99912,100,100092,100,99904,100,100117,100,99868,100,100135,100,99862,100
2019-06-28 09:39:30.000000000,99974,370,99951,370,99975,200,99950,100,99981,100,99943,100,99994,100,99928,100,100004,100,99925,100,100029,100,99924,100,100056,100,99912,100,100092,100,99904,100,100117,100,99868,100,100135,100,99862,100
2019-06-28 09:39:39.760451428,99974,370,99951,270,99975,200,99950,100,99981,100,99943,100,99994,100,99928,100,100004,100,99925,100,100029,100,99924,100,100056,100,99912,100,100092,100,99904,100,100117,100,99868,100,100135,100,99862,100
2019-06-28 09:39:40.000000000,99974,154,99950,154,99975,254,99943,154,99981,154,99928,154,99994,154,99925,154,100004,154,99924,154,100029,100,99912,100,100056,100,99904,100,100092,100,99868,100,100117,100,99862,100,100135,100,99841,100
2019-06-28 09:39:40.870613595,99974,154,99950,154,99975,254,99943,54,99981,154,99928,154,99994,154,99925,154,100004,154,99924,154,100029,100,99912,100,100056,100,99904,100,100092,100,99868,100,100117,100,99862,100,100135,100,99841,100
2019-06-28 09:39:50.000000000,99974,192,99950,192,99975,289,99928,189,99981,189,99925,189,99994,100,99924,100,100004,100,99912,100,100029,100,99904,100,100056,100,99868,100,100092,100,99862,100,100117,100,99841,100,100135,100,99823,100
2019-06-28 09:40:00.000000000,99974,192,99950,192,99975,289,99928,189,99981,189,99925,189,99994,100,99924,100,100004,100,99912,100,100029,100,99904,100,100056,100,99868,100,100092,100,99862,100,100117,100,99841,100,100135,100,99823,100
2019-06-28 09:40:09.858002709,99974,192,99950,92,99975,289,99928,189,99981,189,99925,189,99994,100,99924,100,100004,100,99912,100,100029,100,99904,100,100056,100,99868,100,100092,100,99862,100,100117,100,99841,100,100135,100,99814,100
2019-06-28 09:40:10.000000000,99974,168,99928,168,99975,268,99925,168,99981,168,99924,168,99994,168,99912,168,100004,100,99904,100,100029,100,99868,100,100056,100,99862,100,100092,100,99841,100,100117,100,99814,100,100135,100,99740,100
2019-06-28 09:40:20.000000000,99974,154,99928,154,99975,254,99925,154,99981,154,99924,154,99994,154,99912,154,100004,154,99904,154,100029,100,99868,100,100056,100,99862,100,100092,100,99841,100,100117,100,99814,100,100135,100,99740,100
2019-06-28 09:40:25.656890077,99974,154,99928,154,99975,254,99925,154,99981,154,99924,154,99994,154,99912,154,100004,154,99904,154,100029,100,99868,100,100056,100,99862,100,100092,100,99841,100,100117,100,99814,100,100135,100,99740,100
2019-06-28 09:40:30.000000000,99974,370,99928,370,99975,200,99925,100,99981,100,99924,100,99994,100,99912,100,100004,100,99904,100,100029,100,99868,100,100056,100,99862,100,100092,100,99841,100,100117,100,99814,100,100135,100,99740,100
2019-06-28 09:40:40.000000000,99974,192,99928,192,99975,289,99925,189,99981,189,99924,189,99994,100,99912,100,100004,100,99904,100,100029,100,99868,100,100056,100,99862,100,100092,100,99841,100,100117,100,99814,100,100135,100,99740,100
2019-06-28 09:40:50.000000000,99974,235,99928,235,99975,335,99925,235,99981,100,99924,100,99994,100,99912,100,100004,100,99904,100,100029,100,99868,100,100056,100,99862,100,100092,100,99841,100,100117,100,99814,100,100135,100,99740,100
2019-06-28 09:40:53.146339006,99951,100,99928,235,99974,235,99925,235,99975,335,99924,100,99981,100,99912,100,99994,100,99904,100,100004,100,99868,100,100029,100,99862,100,100056,100,99841,100,100092,100,99814,100,100117,100,99740,100
2019-06-28 09:40:54.715329199,99951,100,99928,135,99974,235,99925,235,99975,335,99924,100,99981,100,99912,100,99994,100,99904,100,100004,100,99862,100,100029,100,99841,100,100056,100,99814,100,100092,100,99740,100,100117,100,99614,100
2019-06-28 09:41:00.000000000,99951,168,99925,168,99974,168,99924,168,99975,268,99912,168,99981,168,99904,168,99994,100,99862,100,100004,100,99841,100,100029,100,99814,100,100056,100,99740,100,100092,100,99614,100,100117,100,99346,100
2019-06-28 09:41:03.384915212,99951,168,99925,68,99974,168,99924,168,99975,268,99912,68,99981,168,99904,168,99994,100,99862,100,100004,100,99841,100,100029,100,99814,100,100056,100,99740,100,100092,100,99614,100,100117,100,99346,100
2019-06-28 09:41:10.000000000,99951,168,99924,168,99974,168,99904,168,99975,268,99862,168,99981,168,99841,168,99994,100,99814,100,100004,100,99740,100,100029,100,99614,100,100056,100,99346,100,100092,100,98958,100,100117,100,98897,100
2019-06-28 09:41:20.000000000,99951,370,99924,370,99974,100,99904,100,99975,200,99862,100,99981,100,99841,100,99994,100,99814,100,100004,100,99740,100,100029,100,99614,100,100056,100,99346,100,100092,100,98958,100,100117,100,98897,100
2019-06-28 09:41:30.000000000,99951,235,99924,235,99974,235,99904,235,99975,200,99862,100,99981,100,99841,100,99994,100,99814,100,100004,100,99740,100,100029,100,99614,100,100056,100,99346,100,100092,100,98958,100,100117,100,98897,100
2019-06-28 09:41:40.000000000,99951,370,99924,370,99974,100,99904,100,99975,200,99862,100,99981,100,99841,100,99994,100,99814,100,100004,100,99740,100,100029,100,99614,100,100056,100,99346,100,100092,100,98958,100,100117,100,98897,100
2019-06-28 09:41:43.927983237,99951,370,99924,270,99974,100,99904,100,99975,200,99841,100,99981,100,99814,100,99994,100,99740,100,100004,100,99614,100,100029,100,99346,100,100056,100,98958,100,100092,100,98897,100,100117,100,98697,100
2019-06-28 09:41:48.155679053,99951,370,99924,270,99974,100,99904,100,99975,200,99841,100,99981,100,99814,100,99994,100,99740,100,100004,100,99614,100,100029,100,99346,100,100056,100,99004,100,100092,100,98958,100,100117,100,98897,100
2019-06-28 09:41:50.000000000,99951,168,99904,168,99974,168,99841,168,99975,268,99814,168,99981,168,99740,168,99994,100,99614,100,100004,100,99346,100,100029,100,99004,100,100056,100,98958,100,100092,100,98897,100,100117,100,98697,100
2019-06-28 09:42:00.000000000,99951,235,99904,235,99974,235,99841,235,99975,200,99814,100,99981,100,99740,100,99994,100,99614,100,100004,100,99346,100,100029,100,99004,100,100056,100,98958,100,100092,100,98897,100,100117,100,98697,100
2019-06-28 09:42:10.000000000,99951,192,99904,192,99974,189,99841,189,99975,289,99814,189,99981,100,99740,100,99994,100,99614,100,100004,100,99346,100,100029,100,99004,100,100056,100,98958,100,100092,100,98897,100,100117,100,98697,100
2019-06-28 09:42:20.000000000,99951,154,99904,154,99974,154,99841,154,99975,254,99814,154,99981,154,99740,154,99994,154,99614,154,100004,100,99346,100,100029,100,99004,100,100056,100,98958,100,100092,100,98897,100,100117,100,98697,100
2019-06-28 09:42:25.884808972,99951,154,99904,154,99974,154,99841,154,99975,254,99814,154,99981,154,99740,154,99994,154,99614,154,100004,100,99346,100,100029,100,99004,100,100056,100,98958,100,100092,100,98897,100,100117,100,98697,100
2019-06-28 09:42:30.000000000,99951,370,99904,370,99974,100,99841,100,99975,200,99814,100,99981,100,99740,100,99994,100,99614,100,100004,100,99346,100,100029,100,99004,100,100056,100,98958,100,100092,100,98897,100,100117,100,98697,100
2019-06-28 09:42:40.000000000,99951,192,99904,192,99974,189,99841,189,99975,289,99814,189,99981,100,99740,100,99994,100,99614,100,100004,100,99346,100,100029,100,99004,100,100056,100,98958,100,100092,100,98897,100,100117,100,98697,100
2019-06-28 09:42:46.244597712,99951,92,99904,192,99974,189,99841,189,99975,289,99814,189,99981,100,99740,100,99994,100,99614,100,100004,100,99346,100,100029,100,99004,100,100056,100,98958,100,100092,100,98897,100,100117,100,98697,100
2019-06-28 09:42:50.000000000,99974,370,99904,370,99975,200,99841,100,99981,100,99814,100,99994,100,99740,100,100004,100,99614,100,100029,100,99346,100,100056,100,99004,100,100092,100,98958,100,100117,100,98897,100,100135,100,98697,100
2019-06-28 09:43:00.000000000,99974,168,99904,168,99975,268,99841,168,99981,168,99814,168,99994,168,99740,168,100004,100,99614,100,100029,100,99346,100,100056,100,99004,100,100092,100,98958,100,100117,100,98897,100,100135,100,98697,100
2019-06-28 09:43:03.680969613,99974,168,99904,168,99975,268,99841,68,99981,168,99814,168,99994,168,99740,168,100004,100,99614,100,100029,100,99346,100,100056,100,99004,100,100092,100,98958,100,100117,100,98897,100,100135,100,98697,100
2019-06-28 09:43:10.000000000,99974,168,99904,168,99975,268,99814,168,99981,168,99740,168,99994,168,99614,168,100004,100,99346,100,100029,100,99004,100,100056,100,98958,100,100092,100,98897,100,100117,100,98697,100,100135,100,98605,100
2019-06-28 09:43:19.187908364,99974,168,99904,68,99975,268,99814,168,99981,168,99740,168,99994,168,99614,168,100004,100,99346,100,100029,100,99004,100,100056,100,98958,100,100092,100,98897,100,100117,100,98697,100,100135,100,98605,100
2019-06-28 09:43:20.000000000,99974,370,99814,370,99975,200,99740,100,99981,100,99614,100,99994,100,99346,100,100004,100,99004,100,100029,100,98958,100,100056,100,98897,100,100092,100,98697,100,100117,100,98605,100,100135,100,98108,100
2019-06-28 09:43:29.668743720,99974,370,99814,270,99975,200,99740,100,99981,100,99614,100,99994,100,99346,100,100004,100,99004,100,100029,100,98958,100,100056,100,98897,100,100092,100,98697,100,100117,100,98605,100,100135,100,98108,100
2019-06-28 09:43:30.000000000,99974,192,99740,192,99975,289,99614,189,99981,189,99346,189,99994,100,99004,100,100004,100,98958,100,100029,100,98897,100,100056,100,98697,100,100092,100,98605,100,100117,100,98108,100,100135,100,,
2019-06-28 09:43:34.366285402,99904,100,99740,192,99974,192,99614,189,99975,289,99346,189,99981,189,99004,100,99994,100,98958,100,100004,100,98897,100,100029,100,98697,100,100056,100,98605,100,100092,100,98108,100,100117,100,,
2019-06-28 09:43:38.331773725,99904,100,99740,192,99974,192,99614,189,99975,289,99346,189,99981,189,99004,100,99994,100,98958,100,100004,100,98897,100,100029,100,98697,100,100056,100,98605,100,100092,100,98127,100,100117,100,98108,100
2019-06-28 09:43:39.707983326,99904,100,99740,192,99974,192,99614,189,99975,289,99346,189,99981,189,99004,100,99994,100,98958,100,100004,100,98897,100,100029,100,98697,100,100056,100,98605,100,100092,100,98127,100,100117,100,98108,100
2019-06-28 09:43:40.000000000,99904,154,99740,154,99974,154,99614,154,99975,254,99346,154,99981,154,99004,154,99994,154,98958,154,100004,100,98897,100,100029,100,98697,100,100056,100,98605,100,100092,100,98127,100,100117,100,98108,100
2019-06-28 09:43:50.000000000,99904,370,99740,370,99974,100,99614,100,99975,200,99346,100,99981,100,99004,100,99994,100,98958,100,100004,100,98897,100,100029,100,98697,100,100056,100,98605,100,100092,100,98127,100,100117,100,98108,100
2019-06-28 09:44:00.000000000,99904,192,99740,192,99974,189,99614,189,99975,289,99346,189,99981,100,99004,100,99994,100,98958,100,100004,100,98897,100,100029,100,98697,100,100056,100,98605,100,100092,100,98127,100,100117,100,98108,100
2019-06-28 09:44:10.000000000,99904,154,99740,154,99974,154,99614,154,99975,254,99346,154,99981,154,99004,154,99994,154,98958,154,100004,100,98897,100,100029,100,98697,100,100056,100,98605,100,100092,100,98127,100,100117,100,98108,100
2019-06-28 09:44:20.000000000,99904,192,99740,192,99974,189,99614,189,99975,289,99346,189,99981,100,99004,100,99994,100,98958,100,100004,100,98897,100,100029,100,98697,100,100056,100,98605,100,100092,100,98127,100,100117,100,98108,100
2019-06-28 09:44:30.000000000,99904,168,99740,168,99974,168,99614,168,99975,268,99346,168,99981,168,99004,168,99994,100,98958,100,100004,100,98897,100,100029,100,98697,100,100056,100,98605,100,100092,100,98127,100,100117,100,98108,100
2019-06-28 09:44:40.000000000,99904,235,99740,235,99974,235,99614,235,99975,200,99346,100,99981,100,99004,100,99994,100,98958,100,100004,100,98897,100,100029,100,98697,100,100056,100,98605,100,100092,100,98127,100,100117,100,98108,100
2019-06-28 09:44:45.920773944,99904,335,99740,235,99974,235,99614,235,99975,200,99346,100,99981,100,99004,100,99994,100,98958,100,100004,100,98897,100,100029,100,98697,100,100056,100,98605,100,100092,100,98127,100,100117,100,98108,100
2019-06-28 09:44:50.000000000,99904,268,99740,168,99974,168,99614,168,99975,268,99346,168,99981,168,99004,168,99994,100,98958,100,100004,100,98897,100,100029,100,98697,100,100056,100,98605,100,100092,100,98127,100,100117,100,98108,100
2019-06-28 09:45:00.000000000,99904,268,99740,168,99974,168,99614,168,99975,268,99346,168,99981,168,99004,168,99994,100,98958,100,100004,100,98897,100,100029,100,98697,100,100056,100,98605,100,100092,100,98127,100,100117,100,98108,100
2019-06-28 09:45:08.467788084,99904,268,99740,168,99974,68,99614,168,99975,268,99346,168,99981,168,99004,168,99994,100,98958,100,100004,100,98897,100,100029,100,98697,100,100056,100,98605,100,100092,100,98127,100,100117,100,98108,100
2019-06-28 09:45:10.000000000,99904,470,99740,370,99975,200,99614,100,99981,100,99346,100,99994,100,99004,100,100004,100,98958,100,100029,100,98897,100,100056,100,98697,100,100092,100,98605,100,100117,100,98127,100,100135,100,98108,100
2019-06-28 09:45:20.000000000,99904,268,99740,168,99975,268,99614,168,99981,168,99346,168,99994,168,99004,168,100004,100,98958,100,100029,100,98897,100,100056,100,98697,100,100092,100,98605,100,100117,100,98127,100,100135,100,98108,100
2019-06-28 09:45:25.150671921,99904,268,99740,168,99975,268,99614,168,99981,168,99346,168,99994,168,99004,168,100004,100,98958,100,100029,100,98897,100,100056,100,98697,100,100092,100,98605,100,100117,100,98147,100,100135,100,98127,100
2019-06-28 09:45:30.000000000,99904,292,99740,192,99975,289,99614,189,99981,189,99346,189,99994,100,99004,100,100004,100,98958,100,100029,100,98897,100,100056,100,98697,100,100092,100,98605,100,100117,100,98147,100,100135,100,98127,100
2019-06-28 09:45:40.000000000,99904,292,99740,192,99975,289,99614,189,99981,189,99346,189,99994,100,99004,100,100004,100,98958,100,100029,100,98897,100,100056,100,98697,100,100092,100,98605,100,100117,100,98147,100,100135,100,98127,100
2019-06-28 09:45:50.000000000,99904,268,99740,168,99975,268,99614,168,99981,168,99346,168,99994,168,99004,168,100004,100,98958,100,100029,100,98897,100,100056,100,98697,100,100092,100,98605,100,100117,100,98147,100,100135,100,98127,100
2019-06-28 09:45:56.976100046,99904,268,99740,68,99975,268,99614,168,99981,168,99346,168,99994,168,99004,168,100004,100,98897,100,100029,100,98697,100,100056,100,98605,100,100092,100,98147,100,100117,100,98127,100,100135,100,98108,100
2019-06-28 09:46:00.000000000,99904,335,99614,235,99975,335,99346,235,99981,100,99004,100,99994,100,98897,100,100004,100,98697,100,100029,100,98605,100,100056,100,98147,100,100092,100,98127,100,100117,100,98108,100,100135,100,98090,100
2019-06-28 09:46:10.000000000,99904,254,99614,154,99975,254,99346,154,99981,154,99004,154,99994,154,98897,154,100004,154,98697,154,100029,100,98605,100,100056,100,98147,100,100092,100,98127,100,100117,100,98108,100,100135,100,98090,100
2019-06-28 09:46:20.000000000,99904,254,99614,154,99975,254,99346,154,99981,154,99004,154,99994,154,98897,154,100004,154,98697,154,100029,100,98605,100,100056,100,98147,100,100092,100,98127,100,100117,100,98108,100,100135,100,98090,100
2019-06-28 09:46:30.000000000,99904,268,99614,168,99975,268,99346,168,99981,168,99004,168,99994,168,98897,168,100004,100,98697,100,100029,100,98605,100,100056,100,98147,100,100092,100,98127,100,100117,100,98108,100,100135,100,98090,100
2019-06-28 09:46:30.076831451,99904,268,99614,168,99975,268,99346,168,99981,168,99004,168,99994,168,98897,168,100004,100,98697,100,100029,100,98605,100,100056,100,98127,100,100092,100,98108,100,100117,100,98090,100,100135,100,98035,100
2019-06-28 09:46:31.423896728,99904,268,99614,68,99975,268,99346,168,99981,168,99004,168,99994,168,98897,168,100004,100,98697,100,100029,100,98127,100,100056,100,98108,100,100092,100,98090,100,100117,100,98035,100,100135,100,,
2019-06-28 09:46:40.000000000,99904,268,99346,168,99975,268,99004,168,99981,168,98897,168,99994,168,98697,168,100004,100,98127,100,100029,100,98108,100,100056,100,98090,100,100092,100,98035,100,100117,100,,,100135,100,,
2019-06-28 09:46:50.000000000,99904,268,99346,168,99975,268,99004,168,99981,168,98897,168,99994,168,98697,168,100004,100,98127,100,100029,100,98108,100,100056,100,98090,100,100092,100,98035,100,100117,100,,,100135,100,,
2019-06-28 09:46:50.653034828,99904,268,99346,168,99975,268,99004,168,99981,168,98897,168,99994,168,98697,168,100004,100,98470,100,100029,100,98127,100,100056,100,98108,100,100092,100,98090,100,100117,100,98035,100,100135,100,,
2019-06-28 09:46:51.183192734,99904,268,99346,168,99975,268,99004,168,99981,168,98897,168,99994,168,98697,168,100004,100,98553,100,100029,100,98470,100,100056,100,98127,100,100092,100,98108,100,100117,100,98090,100,100135,100,98035,100
2019-06-28 09:47:00.000000000,99904,292,99346,192,99975,289,99004,189,99981,189,98897,189,99994,100,98697,100,100004,100,98553,100,100029,100,98470,100,100056,100,98127,100,100092,100,98108,100,100117,100,98090,100,100135,100,98035,100
2019-06-28 09:47:10.000000000,99904,335,99346,235,99975,335,99004,235,99981,100,98897,100,99994,100,98697,100,100004,100,98553,100,100029,100,98470,100,100056,100,98127,100,100092,100,98108,100,100117,100,98090,100,100135,100,98035,100
2019-06-28 09:47:20.000000000,99904,335,99346,235,99975,335,99004,235,99981,100,98897,100,99994,100,98697,100,100004,100,98553,100,100029,100,98470,100,100056,100,98127,100,100092,100,98108,100,100117,100,98090,100,100135,100,98035,100
2019-06-28 09:47:30.000000000,99904,470,99346,370,99975,200,99004,100,99981,100,98897,100,99994,100,98697,100,100004,100,98553,100,100029,100,98470,100,100056,100,98127,100,100092,100,98108,100,100117,100,98090,100,100135,100,98035,100
2019-06-28 09:47:40.000000000,99904,292,99346,192,99975,289,99004,189,99981,189,98897,189,99994,100,98697,100,100004,100,98553,100,100029,100,98470,100,100056,100,98127,100,100092,100,98108,100,100117,100,98090,100,100135,100,98035,100
2019-06-28 09:47:50.000000000,99904,335,99346,235,99975,335,99004,235,99981,100,98897,100,99994,100,98697,100,100004,100,98553,100,100029,100,98470,100,100056,100,98127,100,100092,100,98108,100,100117,100,98090,100,100135,100,98035,100
2019-06-28 09:48:00.000000000,99904,470,99346,370,99975,200,99004,100,99981,100,98897,100,99994,100,98697,100,100004,100,98553,100,100029,100,98470,100,100056,100,98127,100,100092,100,98108,100,100117,100,98090,100,100135,100,98035,100
2019-06-28 09:48:10.000000000,99904,254,99346,154,99975,254,99004,154,99981,154,98897,154,99994,154,98697,154,100004,154,98553,154,100029,100,98470,100,100056,100,98127,100,100092,100,98108,100,100117,100,98090,100,100135,100,98035,100
2019-06-28 09:48:14.291888827,99904,254,99346,154,99975,254,99098,100,99981,154,99004,154,99994,154,98897,54,100004,154,98697,154,100029,100,98553,154,100056,100,98470,100,100092,100,98127,100,100117,100,98108,100,100135,100,98090,100
2019-06-28 09:48:20.000000000,99904,254,99346,154,99975,254,99098,154,99981,154,99004,154,99994,154,98697,154,100004,154,98553,154,100029,100,98470,100,100056,100,98127,100,100092,100,98108,100,100117,100,98090,100,100135,100,98035,100
2019-06-28 09:48:22.652470898,99515,100,99346,154,99904,254,99098,154,99975,254,99004,154,99981,154,98697,154,99994,154,98553,154,100004,154,98470,100,100029,100,98127,100,100056,100,98108,100,100092,100,98090,100,100117,100,98035,100
2019-06-28 09:48:30.000000000,99515,154,99346,154,99904,254,99098,154,99975,254,99004,154,99981,154,98697,154,99994,154,98553,154,100004,100,98470,100,100029,100,98127,100,100056,100,98108,100,100092,100,98090,100,100117,100,98035,100
2019-06-28 09:48:40.000000000,99515,154,99346,154,99904,254,99098,154,99975,254,99004,154,99981,154,98697,154,99994,154,98553,154,100004,100,98470,100,100029,100,98127,100,100056,100,98108,100,100092,100,98090,100,100117,100,98035,100
2019-06-28 09:48:50.000000000,99515,192,99346,192,99904,289,99098,189,99975,289,99004,189,99981,100,98697,100,99994,100,98553,100,100004,100,98470,100,100029,100,98127,100,100056,100,98108,100,100092,100,98090,100,100117,100,98035,100
2019-06-28 09:48:58.290545561,99515,92,99346,192,99904,289,99098,189,99975,289,99004,189,99981,100,98697,100,99994,100,98553,100,100004,100,98470,100,100029,100,98127,100,100056,100,98108,100,100092,100,98090,100,100117,100,98035,100
2019-06-28 09:49:00.000000000,99904,335,99346,235,99975,335,99098,235,99981,100,99004,100,99994,100,98697,100,100004,100,98553,100,100029,100,98470,100,100056,100,98127,100,100092,100,98108,100,100117,100,98090,100,100135,100,98035,100
2019-06-28 09:49:10.000000000,99904,268,99346,168,99975,268,99098,168,99981,168,99004,168,99994,168,98697,168,100004,100,98553,100,100029,100,98470,100,100056,100,98127,100,100092,100,98108,100,100117,100,98090,100,100135,100,98035,100
2019-06-28 09:49:10.946338357,99760,100,99346,168,99904,268,99098,168,99975,268,99004,168,99981,168,98697,168,99994,168,98553,100,100004,100,98470,100,100029,100,98127,100,100056,100,98108,100,100092,100,98035,100,100117,100,,
2019-06-28 09:49:13.498325012,99504,100,99346,168,99760,100,99098,168,99904,268,99004,168,99975,268,98697,168,99981,168,98553,100,99994,168,98470,100,100004,100,98127,100,100029,100,98108,100,100056,100,98035,100,100092,100,,
2019-06-28 09:49:20.000000000,99504,370,99346,370,99760,100,99098,100,99904,200,99004,100,99975,200,98697,100,99981,100,98553,100,99994,100,98470,100,100004,100,98127,100,100029,100,98108,100,100056,100,98035,100,100092,100,,
2019-06-28 09:49:30.000000000,99504,192,99346,192,99760,189,99098,189,99904,289,99004,189,99975,200,98697,100,99981,100,98553,100,99994,100,98470,100,100004,100,98127,100,100029,100,98108,100,100056,100,98035,100,100092,100,,
2019-06-28 09:49:35.897790042,99504,192,99346,192,99544,100,99098,189,99760,189,99004,189,99904,289,98697,100,99975,200,98553,100,99981,100,98470,100,99994,100,98127,100,100004,100,98108,100,100029,100,98035,100,100056,100,,
2019-06-28 09:49:40.000000000,99504,154,99346,154,99544,154,99098,154,99760,154,99004,154,99904,254,98697,154,99975,254,98553,154,99981,100,98470,100,99994,100,98127,100,100004,100,98108,100,100029,100,98035,100,100056,100,,
2019-06-28 09:49:50.000000000,99504,154,99346,154,99544,154,99098,154,99760,154,99004,154,99904,254,98697,154,99975,254,98553,154,99981,100,98470,100,99994,100,98127,100,100004,100,98108,100,100029,100,98035,100,100056,100,,
2019-06-28 09:50:00.000000000,99504,370,99346,370,99544,100,99098,100,99760,100,99004,100,99904,200,98697,100,99975,200,98553,100,99981,100,98470,100,99994,100,98127,100,100004,100,98108,100,100029,100,98035,100,100056,100,,
2019-06-28 09:50:04.575527452,99382,100,99346,370,99504,370,99098,100,99544,100,99004,100,99760,100,98697,100,99904,200,98553,100,99975,200,98470,100,99981,100,98127,100,99994,100,98108,100,100004,100,98035,100,100029,100,,
2019-06-28 09:50:10.000000000,99382,192,99346,192,99504,189,99098,189,99544,189,99004,189,99760,100,98697,100,99904,200,98553,100,99975,200,98470,100,99981,100,98127,100,99994,100,98108,100,100004,100,98035,100,100029,100,,
2019-06-28 09:50:20.000000000,99382,370,99346,370,99504,100,99098,100,99544,100,99004,100,99760,100,98697,100,99904,200,98553,100,99975,200,98470,100,99981,100,98127,100,99994,100,98108,100,100004,100,98035,100,100029,100,,
2019-06-28 09:50:30.000000000,99382,235,99346,235,99504,235,99098,235,99544,100,99004,100,99760,100,98697,100,99904,200,98553,100,99975,200,98470,100,99981,100,98127,100,99994,100,98108,100,100004,100,98035,100,100029,100,,
2019-06-28 09:50:39.291767057,99382,235,99346,235,99504,235,99098,235,99544,100,99036,100,99760,100,99004,100,99904,200,98697,100,99975,200,98553,100,99981,100,98470,100,99994,100,98127,100,100004,100,98108,100,100029,100,,
2019-06-28 09:50:40.000000000,99382,154,99346,154,99504,154,99098,154,99544,154,99036,154,99760,154,99004,154,99904,254,98697,154,99975,200,98553,100,99981,100,98470,100,99994,100,98127,100,100004,100,98108,100,100029,100,,
2019-06-28 09:50:46.249289671,99382,154,99346,154,99504,154,99098,154,99544,54,99065,100,99760,154,99036,154,99904,254,99004,154,99975,200,98697,154,99981,100,98553,100,99994,100,98470,100,100004,100,98127,100,100029,100,98108,100
2019-06-28 09:50:50.000000000,99382,235,99346,235,99504,235,99098,235,99760,100,99065,100,99904,200,99036,100,99975,200,99004,100,99981,100,98697,100,99994,100,98553,100,100004,100,98470,100,100029,100,98127,100,100056,100,98108,100
2019-06-28 09:51:00.000000000,99382,168,99346,168,99504,168,99098,168,99760,168,99065,168,99904,268,99036,168,99975,200,99004,100,99981,100,98697,100,99994,100,98553,100,100004,100,98470,100,100029,100,98127,100,100056,100,98108,100
2019-06-28 09:51:01.343571483,99382,168,99346,168,99504,168,99098,168,99760,168,99065,168,99904,268,99036,168,99975,200,99004,100,99981,100,98697,100,99994,100,98553,100,100029,100,98470,100,100056,100,98127,100,100092,100,98108,100
2019-06-28 09:51:10.000000000,99382,168,99346,168,99504,168,99098,168,99760,168,99065,168,99904,268,99036,168,99975,200,99004,100,99981,100,98697,100,99994,100,98553,100,100029,100,98470,100,100056,100,98127,100,100092,100,98108,100
2019-06-28 09:51:20.000000000,99382,370,99346,370,99504,100,99098,100,99760,100,99065,100,99904,200,99036,100,99975,200,99004,100,99981,100,98697,100,99994,100,98553,100,100029,100,98470,100,100056,100,98127,100,100092,100,98108,100
2019-06-28 09:51:26.575072022,99382,370,99346,370,99504,100,99098,100,99514,100,99065,100,99760,100,99036,100,99904,200,99004,100,99975,200,98697,100,99981,100,98553,100,99994,100,98470,100,100029,100,98127,100,100056,100,98108,100
2019-06-28 09:51:30.000000000,99382,235,99346,235,99504,235,99098,235,99514,100,99065,100,99760,100,99036,100,99904,200,99004,100,99975,200,98697,100,99981,100,98553,100,99994,100,98470,100,100029,100,98127,100,100056,100,98108,100
2019-06-28 09:51:35.786723632,99382,235,99346,135,99504,235,99098,235,99514,100,99065,100,99760,100,99036,100,99904,200,99004,100,99975,200,98861,100,99981,100,98697,100,99994,100,98553,100,100029,100,98470,100,100056,100,98127,100
2019-06-28 09:51:39.568452446,99382,235,99346,135,99504,235,99098,235,99514,100,99065,100,99760,100,99036,100,99904,200,99004,100,99975,100,98861,100,99981,100,98697,100,99994,100,98553,100,100029,100,98470,100,100056,100,98127,100
2019-06-28 09:51:40.000000000,99382,192,99098,192,99504,189,99065,189,99514,189,99036,189,99760,100,99004,100,99904,200,98861,100,99975,100,98697,100,99981,100,98553,100,99994,100,98470,100,100029,100,98127,100,100056,100,98108,100
2019-06-28 09:51:50.000000000,99382,168,99098,168,99504,168,99065,168,99514,168,99036,168,99760,168,99004,168,99904,200,98861,100,99975,100,98697,100,99981,100,98553,100,99994,100,98470,100,100029,100,98127,100,100056,100,98108,100
2019-06-28 09:52:00.000000000,99382,168,99098,168,99504,168,99065,168,99514,168,99036,168,99760,168,99004,168,99904,200,98861,100,99975,100,98697,100,99981,100,98553,100,99994,100,98470,100,100029,100,98127,100,100056,100,98108,100
2019-06-28 09:52:10.000000000,99382,154,99098,154,99504,154,99065,154,99514,154,99036,154,99760,154,99004,154,99904,254,98861,154,99975,100,98697,100,99981,100,98553,100,99994,100,98470,100,100029,100,98127,100,100056,100,98108,100
2019-06-28 09:52:17.873918831,99382,154,99364,100,99504,154,99098,154,99514,154,99065,154,99760,154,99036,54,99904,254,99004,154,99975,100,98861,154,99981,100,98697,100,99994,100,98553,100,100029,100,98470,100,100056,100,98127,100
2019-06-28 09:52:20.000000000,99382,235,99364,235,99504,235,99098,235,99514,100,99065,100,99760,100,99004,100,99904,200,98861,100,99975,100,98697,100,99981,100,98553,100,99994,100,98470,100,100029,100,98127,100,100056,100,98108,100
2019-06-28 09:52:27.193195369,99382,235,99364,235,99504,235,99100,100,99514,100,99098,235,99760,100,99065,100,99904,200,99004,100,99975,100,98861,100,99981,100,98697,100,99994,100,98553,100,100029,100,98470,100,100056,100,98127,100
2019-06-28 09:52:30.000000000,99382,192,99364,192,99504,189,99100,189,99514,189,99098,189,99760,100,99065,100,99904,200,99004,100,99975,100,98861,100,99981,100,98697,100,99994,100,98553,100,100029,100,98470,100,100056,100,98127,100
2019-06-28 09:52:33.935897463,99382,192,99364,192,99504,189,99100,189,99514,189,99098,189,99760,100,99065,100,99904,100,99004,100,99975,100,98861,100,99981,100,98697,100,99994,100,98553,100,100029,100,98470,100,100056,100,98127,100
2019-06-28 09:52:34.140109443,99382,192,99364,192,99504,189,99100,189,99514,189,99098,189,99614,100,99065,100,99760,100,99004,100,99904,100,98861,100,99975,100,98697,100,99981,100,98553,100,99994,100,98470,100,100029,100,98127,100
2019-06-28 09:52:37.437466024,99382,192,99364,192,99504,189,99300,100,99514,189,99100,189,99614,100,99098,189,99760,100,99065,100,99904,100,99004,100,99975,100,98861,100,99981,100,98697,100,99994,100,98553,100,100056,100,98470,100
2019-06-28 09:52:40.000000000,99382,192,99364,192,99504,189,99300,189,99514,189,99100,189,99614,100,99098,100,99760,100,99065,100,99904,100,99004,100,99975,100,98861,100,99981,100,98697,100,99994,100,98553,100,100056,100,98470,100
2019-06-28 09:52:50.000000000,99382,168,99364,168,99504,168,99300,168,99514,168,99100,168,99614,168,99098,168,99760,100,99065,100,99904,100,99004,100,99975,100,98861,100,99981,100,98697,100,99994,100,98553,100,100056,100,98470,100
2019-06-28 09:53:00.000000000,99382,154,99364,154,99504,154,99300,154,99514,154,99100,154,99614,154,99098,154,99760,154,99065,154,99904,100,99004,100,99975,100,98861,100,99981,100,98697,100,99994,100,98553,100,100056,100,98470,100
2019-06-28 09:53:00.363013926,99382,54,99364,154,99504,154,99300,154,99514,154,99100,154,99614,154,99098,154,99760,154,99065,154,99904,100,99004,100,99975,100,98861,100,99981,100,98697,100,99994,100,98553,100,100056,100,98470,100
2019-06-28 09:53:07.186345663,99504,154,99382,46,99514,154,99364,154,99614,154,99300,154,99760,154,99100,154,99904,100,99098,154,99975,100,99065,154,99981,100,99004,100,99994,100,98861,100,100056,100,98697,100,100092,100,98553,100
2019-06-28 09:53:10.000000000,99504,192,99382,138,99514,189,99364,189,99614,189,99300,189,99760,100,99100,100,99904,100,99098,100,99975,100,99065,100,99981,100,99004,100,99994,100,98861,100,100056,100,98697,100,100092,100,98553,100
2019-06-28 09:53:20.000000000,99504,154,99382,100,99514,154,99364,154,99614,154,99300,154,99760,154,99100,154,99904,154,99098,154,99975,100,99065,100,99981,100,99004,100,99994,100,98861,100,100056,100,98697,100,100092,100,98553,100
2019-06-28 09:53:30.000000000,99504,192,99382,138,99514,189,99364,189,99614,189,99300,189,99760,100,99100,100,99904,100,99098,100,99975,100,99065,100,99981,100,99004,100,99994,100,98861,100,100056,100,98697,100,100092,100,98553,100
2019-06-28 09:53:39.982285544,99504,192,99382,38,99514,189,99364,189,99614,189,99300,189,99760,100,99100,100,99904,100,99098,100,99975,100,99065,100,99981,100,99004,100,99994,100,98861,100,100056,100,98697,100,100092,100,98553,100
2019-06-28 09:53:40.000000000,99504,192,99364,192,99514,189,99300,189,99614,189,99100,189,99760,100,99098,100,99904,100,99065,100,99975,100,99004,100,99981,100,98861,100,99994,100,98697,100,100056,100,98553,100,100092,100,98470,100
2019-06-28 09:53:50.000000000,99504,154,99364,154,99514,154,99300,154,99614,154,99100,154,99760,154,99098,154,99904,154,99065,154,99975,100,99004,100,99981,100,98861,100,99994,100,98697,100,100056,100,98553,100,100092,100,98470,100
2019-06-28 09:53:57.620103762,99382,100,99364,154,99504,154,99300,154,99514,154,99100,154,99614,154,99098,154,99760,154,99065,154,99904,154,99004,100,99975,100,98861,100,99981,100,98697,100,99994,100,98553,100,100056,100,98470,100
2019-06-28 09:54:00.000000000,99382,192,99364,192,99504,189,99300,189,99514,189,99100,189,99614,100,99098,100,99760,100,99065,100,99904,100,99004,100,99975,100,98861,100,99981,100,98697,100,99994,100,98553,100,100056,100,98470,100
2019-06-28 09:54:07.996672607,99382,192,99364,92,99504,189,99300,189,99514,189,99100,189,99614,100,99098,100,99760,100,99065,100,99904,100,99004,100,99975,100,98861,100,99981,100,98697,100,99994,100,98553,100,100056,100,98470,100
2019-06-28 09:54:10.000000000,99382,192,99300,192,99504,189,99100,189,99514,189,99098,189,99614,100,99065,100,99760,100,99004,100,99904,100,98861,100,99975,100,98697,100,99981,100,98553,100,99994,100,98470,100,100056,100,98127,100
2019-06-28 09:54:12.761451812,99381,100,99300,192,99382,192,99100,189,99504,189,99098,189,99514,189,99065,100,99614,100,99004,100,99760,100,98861,100,99904,100,98697,100,99975,100,98553,100,99994,100,98470,100,100056,100,98127,100
2019-06-28 09:54:20.000000000,99381,192,99300,192,99382,189,99100,189,99504,189,99098,189,99514,100,99065,100,99614,100,99004,100,99760,100,98861,100,99904,100,98697,100,99975,100,98553,100,99994,100,98470,100,100056,100,98127,100
2019-06-28 09:54:30.000000000,99381,192,99300,192,99382,189,99100,189,99504,189,99098,189,99514,100,99065,100,99614,100,99004,100,99760,100,98861,100,99904,100,98697,100,99975,100,98553,100,99994,100,98470,100,100056,100,98127,100
2019-06-28 09:54:31.161097959,99381,192,99300,192,99382,189,99100,189,99504,189,99098,189,99514,100,99065,100,99614,100,99004,100,99760,100,98955,100,99904,100,98861,100,99975,100,98697,100,99994,100,98553,100,100056,100,98470,100
2019-06-28 09:54:40.000000000,99381,192,99300,192,99382,189,99100,189,99504,189,99098,189,99514,100,99065,100,99614,100,99004,100,99760,100,98955,100,99904,100,98861,100,99975,100,98697,100,99994,100,98553,100,100056,100,98470,100
2019-06-28 09:54:50.000000000,99381,154,99300,154,99382,154,99100,154,99504,154,99098,154,99514,154,99065,154,99614,154,99004,154,99760,100,98955,100,99904,100,98861,100,99975,100,98697,100,99994,100,98553,100,100056,100,98470,100
2019-06-28 09:55:00.000000000,99381,154,99300,154,99382,154,99100,154,99504,154,99098,154,99514,154,99065,154,99614,154,99004,154,99760,100,98955,100,99904,100,98861,100,99975,100,98697,100,99994,100,98553,100,100056,100,98470,100
2019-06-28 09:55:10.000000000,99381,192,99300,192,99382,189,99100,189,99504,189,99098,189,99514,100,99065,100,99614,100,99004,100,99760,100,98955,100,99904,100,98861,100,99975,100,98697,100,99994,100,98553,100,100056,100,98470,100
2019-06-28 09:55:14.263726586,99381,192,99300,192,99382,189,99100,189,99504,189,99098,189,99514,100,99065,100,99614,100,99004,100,99680,100,98955,100,99760,100,98861,100,99904,100,98697,100,99975,100,98553,100,99994,100,98470,100
2019-06-28 09:55:20.000000000,99381,154,99300,154,99382,154,99100,154,99504,154,99098,154,99514,154,99065,154,99614,154,99004,154,99680,100,98955,100,99760,100,98861,100,99904,100,98697,100,99975,100,98553,100,99994,100,98470,100
2019-06-28 09:55:30.000000000,99381,370,99300,370,99382,100,99100,100,99504,100,99098,100,99514,100,99065,100,99614,100,99004,100,99680,100,98955,100,99760,100,98861,100,99904,100,98697,100,99975,100,98553,100,99994,100,98470,100
2019-06-28 09:55:40.000000000,99381,235,99300,235,99382,235,99100,235,99504,100,99098,100,99514,100,99065,100,99614,100,99004,100,99680,100,98955,100,99760,100,98861,100,99904,100,98697,100,99975,100,98553,100,99994,100,98470,100
2019-06-28 09:55:50.000000000,99381,154,99300,154,99382,154,99100,154,99504,154,99098,154,99514,154,99065,154,99614,154,99004,154,99680,100,98955,100,99760,100,98861,100,99904,100,98697,100,99975,100,98553,100,99994,100,98470,100
2019-06-28 09:55:52.524552824,99381,54,99300,154,99382,154,99100,154,99504,154,99098,154,99514,154,99065,154,99614,154,99004,154,99680,100,98955,100,99760,100,98861,100,99904,100,98697,100,99975,100,98553,100,99994,100,98470,100
2019-06-28 09:55:56.330597740,99381,54,99300,154,99382,154,99100,154,99504,154,99098,154,99514,154,99065,154,99614,154,99004,154,99680,100,98955,100,99760,100,98861,100,99904,100,98697,100,99975,100,98553,100,99994,100,98470,100
2019-06-28 09:56:00.000000000,99382,154,99300,154,99504,154,99100,154,99514,154,99098,154,99614,154,99065,154,99680,154,99004,154,99760,100,98955,100,99904,100,98861,100,99975,100,98697,100,99994,100,98553,100,100056,100,98470,100
2019-06-28 09:56:10.000000000,99382,154,99300,154,99504,154,99100,154,99514,154,99098,154,99614,154,99065,154,99680,154,99004,154,99760,100,98955,100,99904,100,98861,100,99975,100,98697,100,99994,100,98553,100,100056,100,98470,100
2019-06-28 09:56:20.000000000,99382,154,99300,154,99504,154,99100,154,99514,154,99098,154,99614,154,99065,154,99680,154,99004,154,99760,100,98955,100,99904,100,98861,100,99975,100,98697,100,99994,100,98553,100,100056,100,98470,100
2019-06-28 09:56:30.000000000,99382,370,99300,370,99504,100,99100,100,99514,100,99098,100,99614,100,99065,100,99680,100,99004,100,99760,100,98955,100,99904,100,98861,100,99975,100,98697,100,99994,100,98553,100,100056,100,98470,100
2019-06-28 09:56:40.000000000,99382,235,99300,235,99504,235,99100,235,99514,100,99098,100,99614,100,99065,100,99680,100,99004,100,99760,100,98955,100,99904,100,98861,100,99975,100,98697,100,99994,100,98553,100,100056,100,98470,100
2019-06-28 09:56:40.421690440,99382,135,99300,235,99504,235,99100,235,99514,100,99098,100,99614,100,99065,100,99680,100,99004,100,99760,100,98955,100,99904,100,98861,100,99975,100,98697,100,99994,100,98553,100,100056,100,98470,100
2019-06-28 09:56:50.000000000,99504,235,99300,235,99514,235,99100,235,99614,100,99098,100,99680,100,99065,100,99760,100,99004,100,99904,100,98955,100,99975,100,98861,100,99994,100,98697,100,100056,100,98553,100,100092,100,98470,100
2019-06-28 09:57:00.000000000,99504,235,99300,235,99514,235,99100,235,99614,100,99098,100,99680,100,99065,100,99760,100,99004,100,99904,100,98955,100,99975,100,98861,100,99994,100,98697,100,100056,100,98553,100,100092,100,98470,100
2019-06-28 09:57:04.351018965,99504,235,99300,235,99514,235,99100,235,99614,100,99098,100,99680,100,99065,100,99760,100,99004,100,99904,100,98955,100,99975,100,98697,100,99994,100,98553,100,100056,100,98470,100,100092,100,98127,100
2019-06-28 09:57:10.000000000,99504,192,99300,192,99514,189,99100,189,99614,189,99098,189,99680,100,99065,100,99760,100,99004,100,99904,100,98955,100,99975,100,98697,100,99994,100,98553,100,100056,100,98470,100,100092,100,98127,100
2019-06-28 09:57:20.000000000,99504,168,99300,168,99514,168,99100,168,99614,168,99098,168,99680,168,99065,168,99760,100,99004,100,99904,100,98955,100,99975,100,98697,100,99994,100,98553,100,100056,100,98470,100,100092,100,98127,100
2019-06-28 09:57:30.000000000,99504,192,99300,192,99514,189,99100,189,99614,189,99098,189,99680,100,99065,100,99760,100,99004,100,99904,100,98955,100,99975,100,98697,100,99994,100,98553,100,100056,100,98470,100,100092,100,98127,100
2019-06-28 09:57:39.376065179,99504,192,99381,100,99514,189,99300,192,99614,189,99100,189,99680,100,99098,189,99760,100,99065,100,99904,100,99004,100,99975,100,98955,100,99994,100,98697,100,100056,100,98553,100,100092,100,98470,100
2019-06-28 09:57:40.000000000,99504,168,99381,168,99514,168,99300,168,99614,168,99100,168,99680,168,99098,168,99760,100,99065,100,99904,100,99004,100,99975,100,98955,100,99994,100,98697,100,100056,100,98553,100,100092,100,98470,100
2019-06-28 09:57:50.000000000,99504,168,99381,168,99514,168,99300,168,99614,168,99100,168,99680,168,99098,168,99760,100,99065,100,99904,100,99004,100,99975,100,98955,100,99994,100,98697,100,100056,100,98553,100,100092,100,98470,100
2019-06-28 09:58:00.000000000,99504,235,99381,235,99514,235,99300,235,99614,100,99100,100,99680,100,99098,100,99760,100,99065,100,99904,100,99004,100,99975,100,98955,100,99994,100,98697,100,100056,100,98553,100,100092,100,98470,100
2019-06-28 09:58:10.000000000,99504,192,99381,192,99514,189,99300,189,99614,189,99100,189,99680,100,99098,100,99760,100,99065,100,99904,100,99004,100,99975,100,98955,100,99994,100,98697,100,100056,100,98553,100,100092,100,98470,100
2019-06-28 09:58:12.060023359,99504,192,99381,192,99514,189,99300,189,99614,189,99100,189,99680,100,99098,100,99760,100,99065,100,99904,100,99004,100,99975,100,98955,100,99994,100,98697,100,100056,100,98553,100,100092,100,98470,100
2019-06-28 09:58:14.074415260,99504,192,99381,192,99514,189,99300,189,99614,189,99100,189,99680,100,99098,100,99760,100,99065,100,99904,100,99004,100,99975,100,98955,100,99994,100,98697,100,100056,100,98470,100,100092,100,98127,100
2019-06-28 09:58:16.876498144,99504,92,99381,192,99514,189,99300,189,99614,189,99100,89,99680,100,99098,100,99760,100,99065,100,99904,100,99004,100,99975,100,98955,100,99994,100,98697,100,100056,100,98470,100,100092,100,98127,100
2019-06-28 09:58:17.847565002,99514,189,99504,8,99614,189,99381,192,99680,100,99300,189,99760,100,99100,89,99904,100,99098,100,99975,100,99065,100,99994,100,99004,100,100056,100,98955,100,100092,100,98697,100,100135,100,98470,100
2019-06-28 09:58:20.000000000,99514,235,99504,143,99614,235,99381,235,99680,100,99300,100,99760,100,99098,100,99904,100,99065,100,99975,100,99004,100,99994,100,98955,100,100056,100,98697,100,100092,100,98470,100,100135,100,98127,100
2019-06-28 09:58:30.000000000,99514,154,99504,62,99614,154,99381,154,99680,154,99300,154,99760,154,99098,154,99904,154,99065,154,99975,100,99004,100,99994,100,98955,100,100056,100,98697,100,100092,100,98470,100,100135,100,98127,100
2019-06-28 09:58:36.378943740,99514,54,99504,62,99614,154,99381,154,99680,154,99300,154,99760,154,99098,154,99904,154,99065,154,99975,100,99004,100,99994,100,98955,100,100056,100,98697,100,100092,100,98470,100,100135,100,98127,100
2019-06-28 09:58:40.000000000,99614,168,99504,76,99680,168,99381,168,99760,168,99300,168,99904,168,99098,168,99975,100,99065,100,99994,100,99004,100,100056,100,98955,100,100092,100,98697,100,100135,100,98470,100,100203,100,98127,100
2019-06-28 09:58:50.000000000,99614,168,99504,76,99680,168,99381,168,99760,168,99300,168,99904,168,99098,168,99975,100,99065,100,99994,100,99004,100,100056,100,98955,100,100092,100,98697,100,100135,100,98470,100,100203,100,98127,100
2019-06-28 09:58:57.879445446,99614,168,99505,100,99680,168,99504,76,99760,168,99381,168,99904,168,99300,168,99975,100,99098,168,99994,100,99065,100,100056,100,99004,100,100092,100,98955,100,100135,100,98697,100,100203,100,98470,100
2019-06-28 09:59:00.000000000,99614,168,99505,168,99680,168,99504,76,99760,168,99381,168,99904,168,99300,168,99975,100,99098,100,99994,100,99065,100,100056,100,99004,100,100092,100,98955,100,100135,100,98697,100,100203,100,98470,100
2019-06-28 09:59:02.251192115,99614,168,99505,168,99680,168,99504,76,99760,168,99381,168,99904,168,99300,168,99975,100,99098,100,100056,100,99065,100,100092,100,99004,100,100135,100,98955,100,100203,100,98697,100,100269,100,98470,100
2019-06-28 09:59:10.000000000,99614,154,99505,154,99680,154,99504,62,99760,154,99381,154,99904,154,99300,154,99975,154,99098,154,100056,100,99065,100,100092,100,99004,100,100135,100,98955,100,100203,100,98697,100,100269,100,98470,100
2019-06-28 09:59:17.068323986,99614,154,99505,254,99680,154,99504,62,99760,154,99381,154,99904,154,99300,154,99975,154,99098,154,100056,100,99065,100,100092,100,99004,100,100135,100,98955,100,100203,100,98697,100,100269,100,98470,100
2019-06-28 09:59:20.000000000,99614,370,99505,470,99680,100,99504,8,99760,100,99381,100,99904,100,99300,100,99975,100,99098,100,100056,100,99065,100,100092,100,99004,100,100135,100,98955,100,100203,100,98697,100,100269,100,98470,100
2019-06-28 09:59:30.000000000,99614,192,99505,292,99680,189,99504,97,99760,189,99381,189,99904,100,99300,100,99975,100,99098,100,100056,100,99065,100,100092,100,99004,100,100135,100,98955,100,100203,100,98697,100,100269,100,98470,100
2019-06-28 09:59:34.594831274,99614,92,99505,292,99680,189,99504,97,99760,189,99381,189,99904,100,99300,100,99975,100,99098,100,100056,100,99065,100,100092,100,99004,100,100135,100,98955,100,100203,100,98697,100,100269,100,98470,100
2019-06-28 09:59:40.000000000,99680,235,99505,335,99760,235,99504,143,99904,100,99381,100,99975,100,99300,100,100056,100,99098,100,100092,100,99065,100,100135,100,99004,100,100203,100,98955,100,100269,100,98697,100,100367,100,98470,100
2019-06-28 09:59:42.268995962,99680,135,99505,335,99760,235,99504,143,99904,100,99381,100,99975,100,99300,100,100056,100,99098,100,100092,100,99065,100,100135,100,99004,100,100203,100,98955,100,100269,100,98697,100,100367,100,98470,100
2019-06-28 09:59:42.671182563,99680,35,99505,335,99760,235,99504,143,99904,100,99381,100,99975,100,99300,100,100056,100,99065,100,100092,100,99004,100,100135,100,98955,100,100203,100,98697,100,100269,100,98470,100,100367,100,98127,100
2019-06-28 09:59:50.000000000,99760,235,99505,335,99904,235,99504,143,99975,100,99381,100,100056,100,99300,100,100092,100,99065,100,100135,100,99004,100,100203,100,98955,100,100269,100,98697,100,100367,100,98470,100,100383,100,98127,100
2019-06-28 10:00:00.000000000,99760,235,99505,335,99904,235,99504,143,99975,100,99381,100,100056,100,99300,100,100092,100,99065,100,100135,100,99004,100,100203,100,98955,100,100269,100,98697,100,100367,100,98470,100,100383,100,98127,100
2019-06-28 10:00:01.464294647,99760,235,99505,335,99904,235,99504,143,99975,100,99381,100,100056,100,99300,100,100092,100,99065,100,100135,100,99004,100,100203,100,98955,100,100257,100,98697,100,100269,100,98470,100,100367,100,98127,100
2019-06-28 10:00:07.245567302,99760,135,99505,335,99904,235,99504,143,99975,100,99381,100,100056,100,99300,100,100092,100,99065,100,100135,100,99004,100,100203,100,98955,100,100257,100,98697,100,100269,100,98470,100,100367,100,98127,100
2019-06-28 10:00:10.000000000,99904,154,99505,254,99975,154,99504,62,100056,154,99381,154,100092,154,99300,154,100135,154,99065,154,100203,100,99004,100,100257,100,98955,100,100269,100,98697,100,100367,100,98470,100,100383,100,98127,100
2019-06-28 10:00:20.000000000,99904,154,99505,254,99975,154,99504,62,100056,154,99381,154,100092,154,99300,154,100135,154,99065,154,100203,100,99004,100,100257,100,98955,100,100269,100,98697,100,100367,100,98470,100,100383,100,98127,100
2019-06-28 10:00:30.000000000,99904,235,99505,335,99975,235,99504,143,100056,100,99381,100,100092,100,99300,100,100135,100,99065,100,100203,100,99004,100,100257,100,98955,100,100269,100,98697,100,100367,100,98470,100,100383,100,98127,100
2019-06-28 10:00:39.234783007,99904,235,99899,100,99975,235,99505,335,100092,100,99504,143,100135,100,99381,100,100203,100,99300,100,100257,100,99065,100,100269,100,99004,100,100367,100,98955,100,100383,100,98697,100,100409,100,98470,100
2019-06-28 10:00:40.000000000,99904,168,99899,168,99975,168,99505,268,100092,168,99504,76,100135,168,99381,168,100203,100,99300,100,100257,100,99065,100,100269,100,99004,100,100367,100,98955,100,100383,100,98697,100,100409,100,98470,100
2019-06-28 10:00:41.313574465,99904,168,99899,168,99975,168,99578,100,100092,168,99505,268,100135,168,99504,76,100203,100,99381,168,100257,100,99300,100,100269,100,99004,100,100367,100,98955,100,100383,100,98697,100,100409,100,98470,100
2019-06-28 10:00:50.000000000,99904,154,99899,154,99975,154,99578,154,100092,154,99505,254,100135,154,99504,62,100203,154,99381,154,100257,100,99300,100,100269,100,99004,100,100367,100,98955,100,100383,100,98697,100,100409,100,98470,100
2019-06-28 10:01:00.000000000,99904,370,99899,370,99975,100,99578,100,100092,100,99505,200,100135,100,99504,8,100203,100,99381,100,100257,100,99300,100,100269,100,99004,100,100367,100,98955,100,100383,100,98697,100,100409,100,98470,100
2019-06-28 10:01:02.960896273,99904,270,99899,370,99975,100,99578,100,100135,100,99505,200,100203,100,99504,8,100257,100,99381,100,100269,100,99300,100,100367,100,99004,100,100383,100,98955,100,100409,100,98697,100,100440,100,98470,100
2019-06-28 10:01:10.000000000,99975,235,99899,235,100135,235,99578,235,100203,100,99505,200,100257,100,99504,8,100269,100,99381,100,100367,100,99300,100,100383,100,99004,100,100409,100,98955,100,100440,100,98697,100,100543,100,98470,100
2019-06-28 10:01:20.000000000,99975,168,99899,168,100135,168,99578,168,100203,168,99505,268,100257,168,99504,76,100269,100,99381,100,100367,100,99300,100,100383,100,99004,100,100409,100,98955,100,100440,100,98697,100,100543,100,98470,100
2019-06-28 10:01:30.000000000,99975,192,99899,192,100135,189,99578,189,100203,189,99505,289,100257,100,99504,8,100269,100,99381,100,100367,100,99300,100,100383,100,99004,100,100409,100,98955,100,100440,100,98697,100,100543,100,98470,100
2019-06-28 10:01:40.000000000,99975,168,99899,168,100135,168,99578,168,100203,168,99505,268,100257,168,99504,76,100269,100,99381,100,100367,100,99300,100,100383,100,99004,100,100409,100,98955,100,100440,100,98697,100,100543,100,98470,100
2019-06-28 10:01:49.890537205,99975,168,99899,68,100135,168,99578,168,100203,168,99505,268,100257,168,99504,76,100269,100,99381,100,100367,100,99300,100,100383,100,99004,100,100409,100,98955,100,100440,100,98697,100,100543,100,98470,100
2019-06-28 10:01:50.000000000,99975,235,99578,235,100135,235,99505,335,100203,100,99504,8,100257,100,99381,100,100269,100,99300,100,100367,100,99004,100,100383,100,98955,100,100409,100,98697,100,100440,100,98470,100,100543,100,98127,100
2019-06-28 10:02:00.000000000,99975,168,99578,168,100135,168,99505,268,100203,168,99504,76,100257,168,99381,168,100269,100,99300,100,100367,100,99004,100,100383,100,98955,100,100409,100,98697,100,100440,100,98470,100,100543,100,98127,100
2019-06-28 10:02:10.000000000,99975,168,99578,168,100135,168,99505,268,100203,168,99504,76,100257,168,99381,168,100269,100,99300,100,100367,100,99004,100,100383,100,98955,100,100409,100,98697,100,100440,100,98470,100,100543,100,98127,100
2019-06-28 10:02:16.787981584,99975,168,99900,100,100135,168,99578,168,100203,168,99505,268,100257,168,99504,76,100269,100,99381,168,100367,100,99300,100,100383,100,99004,100,100409,100,98955,100,100440,100,98697,100,100543,100,98470,100
2019-06-28 10:02:20.000000000,99975,370,99900,370,100135,100,99578,100,100203,100,99505,200,100257,100,99504,8,100269,100,99381,100,100367,100,99300,100,100383,100,99004,100,100409,100,98955,100,100440,100,98697,100,100543,100,98470,100
2019-06-28 10:02:30.000000000,99975,192,99900,192,100135,189,99578,189,100203,189,99505,289,100257,100,99504,8,100269,100,99381,100,100367,100,99300,100,100383,100,99004,100,100409,100,98955,100,100440,100,98697,100,100543,100,98470,100
2019-06-28 10:02:40.000000000,99975,370,99900,370,100135,100,99578,100,100203,100,99505,200,100257,100,99504,8,100269,100,99381,100,100367,100,99300,100,100383,100,99004,100,100409,100,98955,100,100440,100,98697,100,100543,100,98470,100
2019-06-28 10:02:42.360935922,99975,370,99900,370,100135,100,99757,100,100203,100,99578,100,100257,100,99505,200,100269,100,99504,8,100367,100,99381,100,100383,100,99300,100,100409,100,99004,100,100440,100,98955,100,100543,100,98697,100
2019-06-28 10:02:43.911078364,99902,100,99900,370,99975,370,99757,100,100135,100,99578,100,100203,100,99505,200,100257,100,99504,8,100269,100,99381,100,100367,100,99300,100,100383,100,99004,100,100409,100,98955,100,100440,100,98697,100
2019-06-28 10:02:50.000000000,99902,192,99900,192,99975,189,99757,189,100135,189,99578,189,100203,100,99505,200,100257,100,99504,8,100269,100,99381,100,100367,100,99300,100,100383,100,99004,100,100409,100,98955,100,100440,100,98697,100
2019-06-28 10:03:00.000000000,99902,192,99900,192,99975,189,99757,189,100135,189,99578,189,100203,100,99505,200,100257,100,99504,8,100269,100,99381,100,100367,100,99300,100,100383,100,99004,100,100409,100,98955,100,100440,100,98697,100
2019-06-28 10:03:08.516867545,99902,192,99900,192,99975,189,99757,189,100135,189,99578,189,100203,100,99505,100,100257,100,99504,8,100269,100,99381,100,100367,100,99300,100,100383,100,99004,100,100409,100,98955,100,100440,100,98697,100
2019-06-28 10:03:10.000000000,99902,168,99900,168,99975,168,99757,168,100135,168,99578,168,100203,168,99505,168,100257,100,99504,8,100269,100,99381,100,100367,100,99300,100,100383,100,99004,100,100409,100,98955,100,100440,100,98697,100
2019-06-28 10:03:18.579700180,99902,168,99900,168,99903,100,99757,168,99975,168,99578,168,100135,168,99505,168,100203,168,99504,8,100257,100,99381,100,100269,100,99300,100,100367,100,99004,100,100383,100,98955,100,100409,100,98697,100
2019-06-28 10:03:20.000000000,99902,168,99900,168,99903,168,99757,168,99975,168,99578,168,100135,168,99505,168,100203,100,99504,8,100257,100,99381,100,100269,100,99300,100,100367,100,99004,100,100383,100,98955,100,100409,100,98697,100
2019-06-28 10:03:29.000252260,99902,168,99900,168,99903,168,99757,168,99948,100,99578,168,99975,168,99505,168,100135,168,99504,8,100203,100,99381,100,100257,100,99300,100,100269,100,99004,100,100367,100,98955,100,100383,100,98697,100
2019-06-28 10:03:30.000000000,99902,235,99900,235,99903,235,99757,235,99948,100,99578,100,99975,100,99505,100,100135,100,99504,8,100203,100,99381,100,100257,100,99300,100,100269,100,99004,100,100367,100,98955,100,100383,100,98697,100
2019-06-28 10:03:31.375310037,99902,235,99900,235,99903,235,99796,100,99948,100,99757,235,99975,100,99578,100,100135,100,99505,100,100203,100,99504,8,100269,100,99381,100,100367,100,99300,100,100383,100,99004,100,100409,100,98955,100
2019-06-28 10:03:32.063589571,99902,235,99900,235,99903,235,99796,100,99948,100,99757,235,99975,100,99630,100,100135,100,99578,100,100203,100,99505,100,100269,100,99504,8,100367,100,99381,100,100383,100,99300,100,100409,100,99004,100
2019-06-28 10:03:40.000000000,99902,168,99900,168,99903,168,99796,168,99948,168,99757,168,99975,168,99630,168,100135,100,99578,100,100203,100,99505,100,100269,100,99504,8,100367,100,99381,100,100383,100,99300,100,100409,100,99004,100
2019-06-28 10:03:50.000000000,99902,168,99900,168,99903,168,99796,168,99948,168,99757,168,99975,168,99630,168,100135,100,99578,100,100203,100,99505,100,100269,100,99504,8,100367,100,99381,100,100383,100,99300,100,100409,100,99004,100
2019-06-28 10:04:00.000000000,99902,154,99900,154,99903,154,99796,154,99948,154,99757,154,99975,154,99630,154,100135,154,99578,154,100203,100,99505,100,100269,100,99504,8,100367,100,99381,100,100383,100,99300,100,100409,100,99004,100
2019-06-28 10:04:10.000000000,99902,168,99900,168,99903,168,99796,168,99948,168,99757,168,99975,168,99630,168,100135,100,99578,100,100203,100,99505,100,100269,100,99504,8,100367,100,99381,100,100383,100,99300,100,100409,100,99004,100
2019-06-28 10:04:20.000000000,99902,154,99900,154,99903,154,99796,154,99948,154,99757,154,99975,154,99630,154,100135,154,99578,154,100203,100,99505,100,100269,100,99504,8,100367,100,99381,100,100383,100,99300,100,100409,100,99004,100
2019-06-28 10:04:21.963698119,99902,154,99900,154,99903,154,99796,154,99948,154,99757,154,99975,154,99630,154,100135,154,99578,154,100203,100,99505,100,100269,100,99504,8,100367,100,99381,100,100383,100,99336,100,100409,100,99300,100
2019-06-28 10:04:29.873412598,99902,154,99900,54,99903,154,99796,154,99948,154,99757,154,99975,154,99630,154,100135,154,99578,154,100203,100,99505,100,100269,100,99504,8,100367,100,99381,100,100383,100,99336,100,100409,100,99300,100
2019-06-28 10:04:30.000000000,99902,192,99796,192,99903,189,99757,189,99948,189,99630,189,99975,100,99578,100,100135,100,99505,100,100203,100,99504,8,100269,100,99381,100,100367,100,99336,100,100383,100,99300,100,100409,100,99004,100
2019-06-28 10:04:40.000000000,99902,154,99796,154,99903,154,99757,154,99948,154,99630,154,99975,154,99578,154,100135,154,99505,154,100203,100,99504,8,100269,100,99381,100,100367,100,99336,100,100383,100,99300,100,100409,100,99004,100
2019-06-28 10:04:44.154890944,99900,100,99796,154,99902,154,99757,154,99903,154,99630,154,99948,154,99578,154,99975,154,99505,154,100135,154,99504,8,100203,100,99381,100,100269,100,99336,100,100367,100,99300,100,100383,100,99004,100
2019-06-28 10:04:48.622822321,99900,100,99796,54,99902,154,99757,154,99903,154,99630,154,99948,154,99578,154,99975,154,99505,154,100135,154,99504,8,100203,100,99381,100,100269,100,99336,100,100367,100,99300,100,100383,100,99004,100
2019-06-28 10:04:50.000000000,99900,192,99757,192,99902,189,99630,189,99903,189,99578,189,99948,100,99505,100,99975,100,99504,8,100135,100,99381,100,100203,100,99336,100,100269,100,99300,100,100367,100,99004,100,100383,100,98955,100
2019-06-28 10:05:00.000000000,99900,370,99757,370,99902,100,99630,100,99903,100,99578,100,99948,100,99505,100,99975,100,99504,8,100135,100,99381,100,100203,100,99336,100,100269,100,99300,100,100367,100,99004,100,100383,100,98955,100
2019-06-28 10:05:06.753489957,99900,370,99757,370,99902,100,99578,100,99903,100,99505,100,99948,100,99504,8,99975,100,99381,100,100135,100,99336,100,100203,100,99300,100,100269,100,99004,100,100367,100,98955,100,100383,100,98884,100
2019-06-28 10:05:08.986455157,99899,100,99757,370,99900,370,99578,100,99902,100,99505,100,99903,100,99504,8,99948,100,99381,100,99975,100,99336,100,100135,100,99300,100,100203,100,99004,100,100269,100,98955,100,100367,100,98884,100
2019-06-28 10:05:10.000000000,99899,168,99757,168,99900,168,99578,168,99902,168,99505,168,99903,168,99504,76,99948,100,99381,100,99975,100,99336,100,100135,100,99300,100,100203,100,99004,100,100269,100,98955,100,100367,100,98884,100
2019-06-28 10:05:14.971396040,99899,168,99757,68,99900,168,99578,168,99902,168,99505,168,99903,168,99504,76,99948,100,99381,100,99975,100,99336,100,100135,100,99300,100,100203,100,99004,100,100269,100,98955,100,100367,100,98884,100
2019-06-28 10:05:20.000000000,99899,168,99578,168,99900,168,99505,168,99902,168,99504,76,99903,168,99381,168,99948,100,99336,100,99975,100,99300,100,100135,100,99004,100,100203,100,98955,100,100269,100,98884,100,100367,100,98697,100
2019-06-28 10:05:22.506750655,99899,168,99578,168,99900,168,99505,168,99902,168,99504,76,99903,168,99381,168,99948,100,99336,100,99975,100,99300,100,100135,100,99004,100,100203,100,98967,100,100269,100,98955,100,100367,100,98884,100
2019-06-28 10:05:29.460692354,99899,168,99578,168,99900,168,99505,168,99902,168,99504,76,99903,168,99381,168,99948,100,99336,100,99975,100,99300,100,100135,100,99004,100,100203,100,98967,100,100269,100,98955,100,100367,100,98884,100
2019-06-28 10:05:30.000000000,99899,168,99578,168,99900,168,99505,168,99902,168,99504,76,99903,168,99381,168,99948,100,99336,100,99975,100,99300,100,100135,100,99004,100,100203,100,98967,100,100269,100,98955,100,100367,100,98884,100
2019-06-28 10:05:35.697375483,99796,100,99578,168,99899,168,99505,168,99900,168,99504,76,99902,168,99381,168,99903,168,99336,100,99948,100,99300,100,99975,100,99004,100,100135,100,98967,100,100203,100,98955,100,100269,100,98884,100
2019-06-28 10:05:40.000000000,99796,154,99578,154,99899,154,99505,154,99900,154,99504,62,99902,154,99381,154,99903,154,99336,154,99948,100,99300,100,99975,100,99004,100,100135,100,98967,100,100203,100,98955,100,100269,100,98884,100
2019-06-28 10:05:50.000000000,99796,168,99578,168,99899,168,99505,168,99900,168,99504,76,99902,168,99381,168,99903,100,99336,100,99948,100,99300,100,99975,100,99004,100,100135,100,98967,100,100203,100,98955,100,100269,100,98884,100
2019-06-28 10:06:00.000000000,99796,154,99578,154,99899,154,99505,154,99900,154,99504,62,99902,154,99381,154,99903,154,99336,154,99948,100,99300,100,99975,100,99004,100,100135,100,98967,100,100203,100,98955,100,100269,100,98884,100
2019-06-28 10:06:10.000000000,99796,235,99578,235,99899,235,99505,235,99900,100,99504,8,99902,100,99381,100,99903,100,99336,100,99948,100,99300,100,99975,100,99004,100,100135,100,98967,100,100203,100,98955,100,100269,100,98884,100
2019-06-28 10:06:20.000000000,99796,192,99578,192,99899,189,99505,189,99900,189,99504,97,99902,100,99381,100,99903,100,99336,100,99948,100,99300,100,99975,100,99004,100,100135,100,98967,100,100203,100,98955,100,100269,100,98884,100
2019-06-28 10:06:23.373035010,99796,192,99578,92,99899,189,99505,189,99900,189,99504,97,99902,100,99381,100,99903,100,99336,100,99948,100,99300,100,99975,100,99004,100,100135,100,98967,100,100203,100,98955,100,100269,100,98884,100
2019-06-28 10:06:30.000000000,99796,235,99505,235,99899,235,99504,143,99900,100,99381,100,99902,100,99336,100,99903,100,99300,100,99948,100,99004,100,99975,100,98967,100,100135,100,98955,100,100203,100,98884,100,100269,100,98801,100
2019-06-28 10:06:40.000000000,99796,370,99505,370,99899,100,99504,8,99900,100,99381,100,99902,100,99336,100,99903,100,99300,100,99948,100,99004,100,99975,100,98967,100,100135,100,98955,100,100203,100,98884,100,100269,100,98801,100
2019-06-28 10:06:45.892014175,99710,100,99505,370,99796,370,99504,8,99899,100,99381,100,99900,100,99336,100,99902,100,99300,100,99903,100,99004,100,99948,100,98967,100,99975,100,98955,100,100135,100,98884,100,100203,100,98801,100
2019-06-28 10:06:47.754821818,99710,100,99505,370,99757,100,99504,8,99796,370,99381,100,99899,100,99336,100,99900,100,99300,100,99902,100,99004,100,99948,100,98967,100,99975,100,98955,100,100135,100,98884,100,100203,100,98801,100
2019-06-28 10:06:50.000000000,99710,235,99505,235,99757,235,99504,143,99796,100,99381,100,99899,100,99336,100,99900,100,99300,100,99902,100,99004,100,99948,100,98967,100,99975,100,98955,100,100135,100,98884,100,100203,100,98801,100
2019-06-28 10:06:56.758581254,99710,235,99505,235,99757,235,99504,143,99796,100,99381,100,99899,100,99351,100,99900,100,99336,100,99902,100,99300,100,99948,100,99004,100,99975,100,98967,100,100135,100,98955,100,100203,100,98884,100
2019-06-28 10:07:00.000000000,99710,235,99505,235,99757,235,99504,143,99796,100,99381,100,99899,100,99351,100,99900,100,99336,100,99902,100,99300,100,99948,100,99004,100,99975,100,98967,100,100135,100,98955,100,100203,100,98884,100
2019-06-28 10:07:04.479265107,99710,235,99505,235,99757,335,99504,143,99796,100,99381,100,99899,100,99351,100,99900,100,99336,100,99902,100,99300,100,99948,100,99004,100,99975,100,98967,100,100135,100,98955,100,100203,100,98884,100
2019-06-28 10:07:06.264526809,99710,235,99640,100,99757,335,99505,235,99796,100,99504,143,99899,100,99381,100,99900,100,99351,100,99902,100,99336,100,99948,100,99300,100,99975,100,99004,100,100135,100,98967,100,100203,100,98955,100
2019-06-28 10:07:10.000000000,99710,154,99640,154,99757,254,99505,154,99796,154,99504,62,99899,154,99381,154,99900,154,99351,154,99902,100,99336,100,99948,100,99300,100,99975,100,99004,100,100135,100,98967,100,100203,100,98955,100
2019-06-28 10:07:16.848929457,99710,154,99640,154,99757,254,99542,100,99796,154,99505,154,99899,154,99504,62,99900,154,99381,154,99902,100,99351,154,99948,100,99336,100,99975,100,99300,100,100135,100,99004,100,100203,100,98967,100
2019-06-28 10:07:20.000000000,99710,154,99640,154,99757,254,99542,154,99796,154,99505,154,99899,154,99504,62,99900,154,99381,154,99902,100,99351,100,99948,100,99336,100,99975,100,99300,100,100135,100,99004,100,100203,100,98967,100
2019-06-28 10:07:29.417814511,99710,154,99640,154,99757,254,99542,154,99796,154,99505,154,99899,154,99504,62,99900,154,99381,154,99902,100,99351,100,99927,100,99336,100,99948,100,99300,100,99975,100,99004,100,100135,100,98967,100
2019-06-28 10:07:30.000000000,99710,370,99640,370,99757,200,99542,100,99796,100,99505,100,99899,100,99504,8,99900,100,99381,100,99902,100,99351,100,99927,100,99336,100,99948,100,99300,100,99975,100,99004,100,100135,100,98967,100
2019-06-28 10:07:40.000000000,99710,192,99640,192,99757,289,99542,189,99796,189,99505,189,99899,100,99504,8,99900,100,99381,100,99902,100,99351,100,99927,100,99336,100,99948,100,99300,100,99975,100,99004,100,100135,100,98967,100
2019-06-28 10:07:41.866768616,99710,192,99640,192,99757,289,99542,189,99796,189,99505,189,99899,100,99504,8,99900,100,99381,100,99902,100,99351,100,99927,100,99336,100,99948,100,99300,100,99968,100,99004,100,99975,100,98967,100
2019-06-28 10:07:42.598532612,99710,192,99640,192,99757,289,99558,100,99796,189,99542,189,99899,100,99505,189,99900,100,99504,8,99902,100,99381,100,99927,100,99351,100,99948,100,99336,100,99968,100,99300,100,99975,100,99004,100
2019-06-28 10:07:50.000000000,99710,192,99640,192,99757,289,99558,189,99796,189,99542,189,99899,100,99505,100,99900,100,99504,8,99902,100,99381,100,99927,100,99351,100,99948,100,99336,100,99968,100,99300,100,99975,100,99004,100
2019-06-28 10:08:00.000000000,99710,192,99640,192,99757,289,99558,189,99796,189,99542,189,99899,100,99505,100,99900,100,99504,8,99902,100,99381,100,99927,100,99351,100,99948,100,99336,100,99968,100,99300,100,99975,100,99004,100
2019-06-28 10:08:10.000000000,99710,235,99640,235,99757,335,99558,235,99796,100,99542,100,99899,100,99505,100,99900,100,99504,8,99902,100,99381,100,99927,100,99351,100,99948,100,99336,100,99968,100,99300,100,99975,100,99004,100
2019-06-28 10:08:10.401833188,99710,235,99640,235,99757,335,99558,235,99796,100,99542,100,99899,100,99505,100,99900,100,99504,8,99927,100,99381,100,99948,100,99351,100,99968,100,99336,100,99975,100,99300,100,99998,100,99004,100
2019-06-28 10:08:20.000000000,99710,235,99640,235,99757,335,99558,235,99796,100,99542,100,99899,100,99505,100,99900,100,99504,8,99927,100,99381,100,99948,100,99351,100,99968,100,99336,100,99975,100,99300,100,99998,100,99004,100
2019-06-28 10:08:30.000000000,99710,154,99640,154,99757,254,99558,154,99796,154,99542,154,99899,154,99505,154,99900,154,99504,62,99927,100,99381,100,99948,100,99351,100,99968,100,99336,100,99975,100,99300,100,99998,100,99004,100
2019-06-28 10:08:40.000000000,99710,192,99640,192,99757,289,99558,189,99796,189,99542,189,99899,100,99505,100,99900,100,99504,8,99927,100,99381,100,99948,100,99351,100,99968,100,99336,100,99975,100,99300,100,99998,100,99004,100
2019-06-28 10:08:46.064096064,99710,192,99640,192,99757,289,99558,189,99796,189,99542,189,99899,100,99505,100,99900,100,99504,8,99927,100,99399,100,99948,100,99381,100,99968,100,99351,100,99975,100,99336,100,99998,100,99300,100
2019-06-28 10:08:50.000000000,99710,235,99640,235,99757,335,99558,235,99796,100,99542,100,99899,100,99505,100,99900,100,99504,8,99927,100,99399,100,99948,100,99381,100,99968,100,99351,100,99975,100,99336,100,99998,100,99300,100
