,ask_price_1,ask_size_1,bid_price_1,bid_size_1,ask_price_2,ask_size_2,bid_price_2,bid_size_2,ask_price_3,ask_size_3,bid_price_3,bid_size_3,ask_price_4,ask_size_4,bid_price_4,bid_size_4,ask_price_5,ask_size_5,bid_price_5,bid_size_5,ask_price_6,ask_size_6,bid_price_6,bid_size_6,ask_price_7,ask_size_7,bid_price_7,bid_size_7,ask_price_8,ask_size_8,bid_price_8,bid_size_8,ask_price_9,ask_size_9,bid_price_9,bid_size_9,ask_price_10,ask_size_10,bid_price_10,bid_size_10
2019-06-28 09:30:00.000000000,,,99855,100,,,,,,,,,,,,,,,,,,,,,,,,,,,,,,,,,,,,
2019-06-28 09:30:00.000000005,100044,100,100023,100,,,99881,100,,,99855,100,,,,,,,,,,,,,,,,,,,,,,,,,,,,
2019-06-28 09:30:00.000000007,100044,100,100023,100,,,99933,100,,,99881,100,,,99855,100,,,,,,,,,,,,,,,,,,,,,,,,
2019-06-28 09:30:00.000000008,100044,100,100023,100,100115,100,99933,100,100120,100,99881,100,,,99860,100,,,99855,100,,,,,,,,,,,,,,,,,,,,
2019-06-28 09:30:00.000000009,100044,100,100023,100,100077,100,99933,100,100115,100,99896,100,100120,100,99881,100,,,99860,100,,,99855,100,,,,,,,,,,,,,,,,
2019-06-28 09:30:00.000000011,100044,100,100023,100,100077,100,99933,100,100107,100,99896,100,100115,100,99887,100,100120,100,99881,100,,,99860,100,,,99855,100,,,,,,,,,,,,
2019-06-28 09:30:00.000000012,100044,100,99933,100,100077,100,99896,100,100107,100,99887,100,100115,100,99881,100,100120,100,99860,100,,,99855,100,,,,,,,,,,,,,,,,
2019-06-28 09:30:00.000000014,100044,100,99933,100,100077,100,99911,100,100107,100,99896,100,100115,100,99887,100,100120,100,99881,100,,,99860,100,,,99855,100,,,,,,,,,,,,
2019-06-28 09:30:00.000000015,100044,100,99933,100,100077,100,99911,100,100107,100,99896,100,100115,100,99887,100,100119,100,99881,100,100120,100,99860,100,,,99855,100,,,,,,,,,,,,
2019-06-28 09:30:00.000000016,100044,100,99978,100,100077,100,99933,100,100107,100,99911,100,100115,100,99896,100,100119,100,99887,100,100120,100,99881,100,,,99860,100,,,99855,100,,,,,,,,
2019-06-28 09:30:00.000000018,100044,100,99933,100,100077,100,99911,100,100107,100,99896,100,100115,100,99887,100,100119,100,99881,100,100120,100,99860,100,100201,100,99855,100,,,,,,,,,,,,
2019-06-28 09:30:00.000000023,100044,100,99978,100,100077,100,99949,100,100107,100,99933,100,100115,100,99911,100,100119,100,99896,100,100120,100,99887,100,100201,100,99881,100,,,99860,100,,,99855,100,,,,
2019-06-28 09:30:00.000000026,100044,100,99990,100,100077,100,99978,100,100107,100,99949,100,100115,100,99933,100,100119,100,99911,100,100120,100,99896,100,100161,100,99887,100,100201,100,99881,100,,,99860,100,,,99855,100
2019-06-28 09:30:00.000000031,100044,100,99990,100,100077,100,99978,100,100107,100,99949,100,100115,100,99933,100,100119,100,99911,100,100120,100,99896,100,100145,100,99887,100,100161,100,99881,100,100201,100,99860,100,,,99855,100
2019-06-28 09:30:00.000000033,100044,100,99978,100,100077,100,99949,100,100107,100,99933,100,100115,100,99911,100,100119,100,99896,100,100120,100,99887,100,100145,100,99881,100,100161,100,99860,100,100201,100,99855,100,,,,
2019-06-28 09:30:00.000000038,100044,100,99978,100,100077,100,99952,100,100107,100,99949,100,100115,100,99933,100,100119,100,99911,100,100120,100,99896,100,100145,100,99887,100,100161,100,99881,100,100201,100,99860,200,,,99855,100
2019-06-28 09:30:00.000000041,100044,100,99978,100,100077,100,99952,100,100099,100,99949,100,100107,100,99933,100,100115,100,99911,100,100119,100,99896,100,100120,100,99887,100,100145,100,99881,100,100161,100,99860,200,100201,100,99855,100
2019-06-28 09:30:00.000000044,100024,100,100007,100,100044,100,100003,100,100077,100,99978,100,100099,100,99952,100,100107,100,99949,100,100115,100,99933,100,100119,100,99911,100,100120,100,99896,100,100145,100,99887,100,100161,100,99881,100
2019-06-28 09:30:00.000000049,100024,100,100007,100,100044,100,100003,100,100077,100,99978,100,100099,100,99953,100,100107,100,99952,100,100115,100,99949,100,100119,100,99933,100,100120,100,99911,100,100145,100,99896,100,100161,100,99887,100
2019-06-28 09:30:00.000000050,100024,100,100007,100,100044,100,100003,100,100077,100,99978,100,100099,100,99953,100,100107,100,99952,100,100115,100,99949,100,100119,100,99933,100,100120,100,99911,100,100145,100,99896,100,100161,100,99887,100
2019-06-28 09:30:00.000000053,100044,100,100007,100,100077,100,100003,100,100099,100,99978,100,100107,100,99953,100,100115,100,99952,100,100119,100,99949,100,100120,100,99933,100,100145,100,99911,100,100161,100,99896,100,100201,100,99887,100
2019-06-28 09:30:00.000000054,100044,100,100008,100,100077,100,100007,100,100099,100,100003,100,100107,100,99978,100,100115,100,99953,100,100119,100,99952,100,100120,100,99949,100,100145,100,99933,100,100161,100,99911,100,100201,100,99896,100
2019-06-28 09:30:00.000000059,100044,100,100008,100,100077,200,100007,100,100099,100,100003,100,100107,100,99978,100,100115,100,99953,100,100119,100,99952,100,100120,100,99949,100,100145,100,99933,100,100161,100,99911,100,100201,100,99896,100
2019-06-28 09:30:00.000000060,100044,100,100008,100,100077,200,100007,100,100099,100,100003,100,100107,100,99990,100,100115,100,99978,100,100119,100,99953,100,100120,100,99952,100,100145,100,99949,100,100161,100,99933,100,100201,100,99911,100
2019-06-28 09:30:00.000000061,100044,100,100037,100,100077,200,100008,100,100099,100,100007,100,100107,100,100003,100,100115,100,99990,100,100119,100,99978,100,100120,100,99953,100,100145,100,99952,100,100161,100,99949,100,100201,100,99933,100
2019-06-28 09:30:00.000000065,100044,100,100037,100,100077,200,100008,100,100099,100,100007,100,100107,100,100003,100,100115,100,99990,200,100119,100,99978,100,100120,100,99953,100,100145,100,99952,100,100161,100,99949,100,100201,100,99933,100
2019-06-28 09:30:00.000000066,100044,100,100037,100,100077,200,100008,100,100099,100,100007,100,100107,100,100003,100,100115,100,99990,200,100119,100,99978,100,100120,100,99953,100,100145,100,99952,100,100161,100,99949,100,100201,100,99933,100
2019-06-28 09:30:00.000000070,100044,100,100037,100,100077,200,100008,100,100099,100,100007,100,100107,100,100003,100,100115,100,99990,200,100119,100,99979,100,100120,100,99978,100,100145,100,99953,100,100161,100,99952,100,100201,100,99949,100
2019-06-28 09:30:00.000000071,100044,100,100008,100,100077,200,100007,100,100099,100,100003,100,100107,100,99990,200,100115,100,99979,100,100119,100,99978,100,100120,100,99953,100,100145,100,99952,100,100161,100,99949,100,100201,100,99933,100
2019-06-28 09:30:00.000000074,100044,100,100008,100,100077,200,100007,100,100099,100,100003,100,100107,100,99990,200,100115,100,99979,100,100119,100,99978,100,100120,100,99953,100,100140,100,99952,100,100145,100,99949,100,100161,100,99933,100
2019-06-28 09:30:00.000000075,100044,100,100008,100,100077,200,100007,100,100099,100,100003,100,100107,100,99990,200,100115,100,99979,100,100119,100,99978,100,100120,100,99953,100,100140,100,99952,100,100145,100,99949,100,100161,100,99937,100
2019-06-28 09:30:00.000000077,100035,100,100008,100,100044,100,100007,100,100077,200,100003,100,100099,100,99990,200,100107,100,99979,100,100115,100,99978,100,100119,100,99972,100,100120,100,99953,100,100140,100,99952,100,100145,100,99949,100
2019-06-28 09:30:00.000000081,100035,100,100008,100,100044,100,100007,100,100077,200,100003,100,100099,100,99990,200,100107,100,99979,100,100115,100,99978,100,100119,100,99972,100,100120,100,99953,100,100140,100,99952,100,100145,100,99949,100
2019-06-28 09:30:00.000000085,100035,100,100008,100,100044,100,100007,100,100077,200,100003,100,100099,100,99990,200,100107,100,99979,100,100115,100,99978,100,100119,100,99972,100,100120,100,99954,100,100140,100,99953,100,100145,100,99952,100
2019-06-28 09:30:00.000000087,100035,100,100008,100,100037,100,100007,100,100044,100,100003,100,100077,200,99990,200,100099,100,99979,100,100107,100,99978,100,100115,100,99972,100,100119,100,99954,100,100120,100,99953,100,100140,100,99952,100
2019-06-28 09:30:00.000000088,100035,100,100008,100,100037,200,100007,100,100044,100,100003,100,100077,200,99990,200,100099,100,99979,100,100107,100,99978,100,100115,100,99972,100,100119,100,99954,100,100120,100,99953,100,100140,100,99952,100
2019-06-28 09:30:00.000000089,100035,100,100008,100,100037,200,100007,100,100044,100,100003,100,100077,200,99990,200,100099,100,99979,100,100107,100,99978,100,100115,100,99972,100,100119,100,99954,100,100120,100,99953,100,100140,100,99952,100
2019-06-28 09:30:00.000000091,100035,100,100008,100,100037,200,100007,100,100044,100,100003,100,100065,100,99990,200,100077,200,99979,100,100099,100,99978,100,100107,100,99972,100,100115,100,99954,100,100119,100,99953,100,100120,100,99952,100
2019-06-28 09:30:00.000000092,100035,100,100008,100,100037,200,100007,100,100044,100,100003,100,100065,100,99990,200,100077,200,99979,100,100099,100,99978,100,100107,100,99972,100,100115,100,99954,100,100119,100,99953,100,100120,100,99952,100
2019-06-28 09:30:00.000000094,100035,100,100027,100,100037,200,100008,100,100044,100,100007,100,100065,100,100003,100,100077,200,99990,200,100099,100,99979,100,100107,100,99978,100,100115,100,99972,100,100119,100,99954,100,100120,100,99953,100
2019-06-28 09:30:00.000000096,100035,100,100008,100,100037,200,100007,100,100044,100,100003,100,100065,100,99990,200,100077,200,99979,100,100099,100,99978,100,100107,100,99972,100,100115,100,99954,100,100119,100,99953,100,100120,100,99952,100
2019-06-28 09:30:00.000000097,100037,200,100008,100,100044,100,100007,100,100065,100,100003,100,100077,200,99990,200,100099,100,99979,100,100107,100,99978,100,100115,100,99972,100,100119,100,99954,100,100120,100,99953,100,100140,100,99952,100
2019-06-28 09:30:00.000000099,100035,100,100008,100,100037,200,100007,100,100044,100,100003,100,100065,100,99990,200,100077,200,99979,100,100099,100,99978,100,100107,100,99972,100,100115,100,99954,100,100119,100,99953,100,100120,100,99952,100
2019-06-28 09:30:10.000000000,100035,161,100008,161,100037,261,100007,161,100044,161,100003,161,100065,161,99990,261,100077,261,99979,161,100099,100,99978,100,100107,100,99972,100,100115,100,99954,100,100119,100,99953,100,100120,100,99952,100
2019-06-28 09:30:20.000000000,100035,161,100008,161,100037,261,100007,161,100044,161,100003,161,100065,161,99990,261,100077,261,99979,161,100099,100,99978,100,100107,100,99972,100,100115,100,99954,100,100119,100,99953,100,100120,100,99952,100
2019-06-28 09:30:20.676432420,100035,161,100008,61,100037,261,100007,161,100044,161,100003,161,100065,161,99990,261,100077,261,99979,61,100099,100,99978,100,100107,100,99972,100,100115,100,99954,100,100119,100,99953,100,100120,100,99952,100
2019-06-28 09:30:23.208596035,100035,161,100008,61,100037,261,100007,161,100044,161,100003,161,100045,100,99990,261,100065,161,99979,61,100077,261,99978,100,100099,100,99972,100,100107,100,99954,100,100115,100,99953,100,100119,100,99952,100
2019-06-28 09:30:29.640819599,100035,161,100008,61,100037,261,100007,161,100044,161,100003,161,100045,100,99990,161,100065,161,99979,61,100077,261,99978,100,100099,100,99972,100,100107,100,99954,100,100115,100,99953,100,100119,100,99952,100
2019-06-28 09:30:30.000000000,100035,204,100007,204,100037,301,100003,201,100044,201,99990,201,100045,100,99978,100,100065,100,99972,100,100077,200,99954,100,100099,100,99953,100,100107,100,99952,100,100115,100,99949,100,100119,100,99937,100
2019-06-28 09:30:40.000000000,100035,161,100007,161,100037,261,100003,161,100044,161,99990,161,100045,161,99978,161,100065,161,99972,161,100077,200,99954,100,100099,100,99953,100,100107,100,99952,100,100115,100,99949,100,100119,100,99937,100
2019-06-28 09:30:50.000000000,100035,252,100007,252,100037,352,100003,252,100044,100,99990,100,100045,100,99978,100,100065,100,99972,100,100077,200,99954,100,100099,100,99953,100,100107,100,99952,100,100115,100,99949,100,100119,100,99937,100
2019-06-28 09:31:00.000000000,100035,204,100007,204,100037,301,100003,201,100044,201,99990,201,100045,100,99978,100,100065,100,99972,100,100077,200,99954,100,100099,100,99953,100,100107,100,99952,100,100115,100,99949,100,100119,100,99937,100
2019-06-28 09:31:03.858122483,100035,204,100007,104,100037,301,100003,201,100044,201,99990,201,100045,100,99978,100,100065,100,99972,100,100077,200,99954,100,100099,100,99953,100,100107,100,99952,100,100115,100,99949,100,100119,100,99937,100
2019-06-28 09:31:10.000000000,100035,161,100003,161,100037,261,99990,161,100044,161,99978,161,100045,161,99972,161,100065,161,99954,161,100077,200,99953,100,100099,100,99952,100,100107,100,99949,100,100115,100,99937,100,100119,100,99933,100
2019-06-28 09:31:20.000000000,100035,405,100003,405,100037,200,99990,100,100044,100,99978,100,100045,100,99972,100,100065,100,99954,100,100077,200,99953,100,100099,100,99952,100,100107,100,99949,100,100115,100,99937,100,100119,100,99933,100
2019-06-28 09:31:26.973318404,100008,100,100003,405,100035,405,99990,100,100037,200,99978,100,100044,100,99972,100,100045,100,99954,100,100065,100,99953,100,100077,200,99952,100,100099,100,99949,100,100107,100,99937,100,100115,100,99933,100
2019-06-28 09:31:30.000000000,100008,176,100003,176,100035,176,99990,176,100037,276,99978,176,100044,176,99972,176,100045,100,99954,100,100065,100,99953,100,100077,200,99952,100,100099,100,99949,100,100107,100,99937,100,100115,100,99933,100
2019-06-28 09:31:40.000000000,100008,405,100003,405,100035,100,99990,100,100037,200,99978,100,100044,100,99972,100,100045,100,99954,100,100065,100,99953,100,100077,200,99952,100,100099,100,99949,100,100107,100,99937,100,100115,100,99933,100
2019-06-28 09:31:41.598718355,100008,405,100003,405,100035,100,99990,100,100037,200,99978,100,100044,100,99972,100,100045,100,99954,100,100065,100,99953,100,100077,200,99952,100,100099,100,99949,100,100107,100,99937,100,100115,100,99933,100
2019-06-28 09:31:48.764649108,100008,405,100003,405,100035,100,99990,100,100037,200,99978,100,100044,100,99972,100,100045,100,99954,100,100065,100,99953,100,100077,200,99952,100,100099,100,99949,100,100107,100,99937,100,100119,100,99933,100
2019-06-28 09:31:50.000000000,100008,405,100003,405,100035,100,99990,100,100037,200,99978,100,100044,100,99972,100,100045,100,99954,100,100065,100,99953,100,100077,200,99952,100,100099,100,99949,100,100107,100,99937,100,100119,100,99933,100
2019-06-28 09:31:54.631988486,100008,405,100003,405,100035,100,99990,100,100037,200,99978,100,100045,100,99972,100,100065,100,99954,100,100077,200,99953,100,100099,100,99952,100,100107,100,99949,100,100119,100,99937,100,100120,100,99933,100
2019-06-28 09:32:00.000000000,100008,204,100003,204,100035,201,99990,201,100037,301,99978,201,100045,100,99972,100,100065,100,99954,100,100077,200,99953,100,100099,100,99952,100,100107,100,99949,100,100119,100,99937,100,100120,100,99933,100
2019-06-28 09:32:10.000000000,100008,204,100003,204,100035,201,99990,201,100037,301,99978,201,100045,100,99972,100,100065,100,99954,100,100077,200,99953,100,100099,100,99952,100,100107,100,99949,100,100119,100,99937,100,100120,100,99933,100
2019-06-28 09:32:18.603512952,100008,104,100003,204,100035,201,99990,201,100037,301,99978,201,100045,100,99972,100,100065,100,99954,100,100077,200,99953,100,100099,100,99952,100,100107,100,99949,100,100119,100,99937,100,100139,100,99933,100
2019-06-28 09:32:20.000000000,100035,204,100003,204,100037,301,99990,201,100045,201,99978,201,100065,100,99972,100,100077,200,99954,100,100099,100,99953,100,100107,100,99952,100,100119,100,99949,100,100139,100,99937,100,100140,100,99933,100
2019-06-28 09:32:30.000000000,100035,204,100003,204,100037,301,99990,201,100045,201,99978,201,100065,100,99972,100,100077,200,99954,100,100099,100,99953,100,100107,100,99952,100,100119,100,99949,100,100139,100,99937,100,100140,100,99933,100
2019-06-28 09:32:33.549388191,100035,204,100008,100,100037,301,100003,204,100045,201,99990,201,100065,100,99978,201,100077,200,99972,100,100099,100,99954,100,100107,100,99953,100,100119,100,99952,100,100139,100,99949,100,100140,100,99937,100
2019-06-28 09:32:40.000000000,100035,176,100008,176,100037,276,100003,176,100045,176,99990,176,100065,176,99978,176,100077,200,99972,100,100099,100,99954,100,100107,100,99953,100,100119,100,99952,100,100139,100,99949,100,100140,100,99937,100
2019-06-28 09:32:47.718676801,100035,76,100008,176,100037,276,100003,176,100045,176,99990,176,100065,176,99978,176,100077,200,99972,100,100099,100,99954,100,100107,100,99953,100,100119,100,99952,100,100139,100,99949,100,100140,100,99937,100
2019-06-28 09:32:50.000000000,100037,276,100008,176,100045,176,100003,176,100065,176,99990,176,100077,276,99978,176,100099,100,99972,100,100107,100,99954,100,100119,100,99953,100,100139,100,99952,100,100140,100,99949,100,100145,100,99937,100
2019-06-28 09:33:00.000000000,100037,505,100008,405,100045,100,100003,100,100065,100,99990,100,100077,200,99978,100,100099,100,99972,100,100107,100,99954,100,100119,100,99953,100,100139,100,99952,100,100140,100,99949,100,100145,100,99937,100
2019-06-28 09:33:05.676752631,100037,405,100008,405,100045,100,100003,100,100065,100,99990,100,100077,200,99978,100,100099,100,99972,100,100107,100,99954,100,100119,100,99953,100,100139,100,99952,100,100140,100,99949,100,100145,100,99937,100
2019-06-28 09:33:10.000000000,100037,176,100008,176,100045,176,100003,176,100065,176,99990,176,100077,276,99978,176,100099,100,99972,100,100107,100,99954,100,100119,100,99953,100,100139,100,99952,100,100140,100,99949,100,100145,100,99937,100
2019-06-28 09:33:20.000000000,100037,176,100008,176,100045,176,100003,176,100065,176,99990,176,100077,276,99978,176,100099,100,99972,100,100107,100,99954,100,100119,100,99953,100,100139,100,99952,100,100140,100,99949,100,100145,100,99937,100
2019-06-28 09:33:29.046974123,100037,76,100008,176,100045,176,100003,176,100065,176,99990,176,100077,276,99978,176,100099,100,99972,100,100107,100,99954,100,100119,100,99953,100,100139,100,99952,100,100140,100,99949,100,100145,100,99937,100
2019-06-28 09:33:30.000000000,100045,405,100008,405,100065,100,100003,100,100077,200,99990,100,100099,100,99978,100,100107,100,99972,100,100119,100,99954,100,100139,100,99953,100,100140,100,99952,100,100145,100,99949,100,100157,100,99937,100
2019-06-28 09:33:40.000000000,100045,176,100008,176,100065,176,100003,176,100077,276,99990,176,100099,176,99978,176,100107,100,99972,100,100119,100,99954,100,100139,100,99953,100,100140,100,99952,100,100145,100,99949,100,100157,100,99937,100
2019-06-28 09:33:50.000000000,100045,176,100008,176,100065,176,100003,176,100077,276,99990,176,100099,176,99978,176,100107,100,99972,100,100119,100,99954,100,100139,100,99953,100,100140,100,99952,100,100145,100,99949,100,100157,100,99937,100
2019-06-28 09:33:50.603648959,100045,176,100008,176,100065,176,100003,176,100077,276,99990,176,100099,176,99978,176,100107,100,99972,100,100119,100,99954,100,100139,100,99953,100,100140,100,99952,100,100145,100,99949,100,100157,100,99937,100
2019-06-28 09:33:56.237725106,100045,76,100008,176,100065,176,100003,176,100077,276,99990,176,100099,176,99978,176,100107,100,99972,100,100119,100,99954,100,100139,100,99953,100,100140,100,99952,100,100145,100,99949,100,100157,100,99937,100
2019-06-28 09:34:00.000000000,100065,252,100008,252,100077,352,100003,252,100099,100,99990,100,100107,100,99978,100,100119,100,99972,100,100139,100,99954,100,100140,100,99953,100,100145,100,99952,100,100157,100,99949,100,100161,100,99937,100
2019-06-28 09:34:00.832167655,100065,152,100008,252,100077,352,100003,252,100099,100,99990,100,100107,100,99978,100,100119,100,99972,100,100139,100,99954,100,100140,100,99953,100,100145,100,99952,100,100157,100,99949,100,100161,100,99937,100
2019-06-28 09:34:03.459803051,100065,152,100008,252,100077,352,100003,252,100099,100,99990,100,100107,100,99978,100,100119,100,99972,100,100139,100,99954,100,100140,100,99953,100,100145,100,99952,100,100157,100,99949,100,100161,100,99937,100
2019-06-28 09:34:07.395466286,100060,100,100008,252,100065,152,100003,252,100077,352,99990,100,100099,100,99978,100,100107,100,99972,100,100119,100,99954,100,100139,100,99953,100,100140,100,99952,100,100145,100,99949,100,100157,100,99937,100
2019-06-28 09:34:10.000000000,100060,161,100008,161,100077,261,100003,161,100099,161,99990,161,100107,161,99978,161,100119,161,99972,161,100139,100,99954,100,100140,100,99953,100,100145,100,99952,100,100157,100,99949,100,100161,100,99937,100
2019-06-28 09:34:13.980678466,100060,161,100045,100,100077,261,100008,161,100099,161,100003,161,100107,161,99990,161,100119,161,99978,161,100139,100,99972,161,100140,100,99954,100,100145,100,99953,100,100157,100,99952,100,100161,100,99949,100
2019-06-28 09:34:20.000000000,100060,161,100045,161,100077,261,100008,161,100099,161,100003,161,100107,161,99990,161,100119,161,99978,161,100139,100,99972,100,100140,100,99954,100,100145,100,99953,100,100157,100,99952,100,100161,100,99949,100
2019-06-28 09:34:30.000000000,100060,204,100045,204,100077,301,100008,201,100099,201,100003,201,100107,100,99990,100,100119,100,99978,100,100139,100,99972,100,100140,100,99954,100,100145,100,99953,100,100157,100,99952,100,100161,100,99949,100
2019-06-28 09:34:38.175643516,100060,204,100045,204,100077,301,100008,201,100099,201,100003,201,100107,100,99990,100,100119,100,99978,100,100139,100,99972,100,100140,100,99954,100,100145,100,99953,100,100157,100,99952,100,100161,100,99949,100
2019-06-28 09:34:40.000000000,100060,176,100045,176,100077,276,100008,176,100099,176,100003,176,100107,176,99990,176,100119,100,99978,100,100139,100,99972,100,100140,100,99954,100,100145,100,99953,100,100157,100,99952,100,100161,100,99949,100
2019-06-28 09:34:46.468782631,100060,76,100045,176,100077,276,100008,176,100099,176,100003,176,100107,176,99990,176,100119,100,99978,100,100139,100,99972,100,100140,100,99954,100,100145,100,99953,100,100157,100,99952,100,100161,100,99949,100
2019-06-28 09:34:50.000000000,100077,505,100045,405,100099,100,100008,100,100107,100,100003,100,100119,100,99990,100,100139,100,99978,100,100140,100,99972,100,100145,100,99954,100,100157,100,99953,100,100161,100,99952,100,100251,100,99949,100
2019-06-28 09:35:00.000000000,100077,352,100045,252,100099,252,100008,252,100107,100,100003,100,100119,100,99990,100,100139,100,99978,100,100140,100,99972,100,100145,100,99954,100,100157,100,99953,100,100161,100,99952,100,100251,100,99949,100
2019-06-28 09:35:03.908922656,100077,252,100045,252,100099,252,100008,252,100107,100,100003,100,100119,100,99990,100,100139,100,99978,100,100140,100,99972,100,100145,100,99954,100,100157,100,99953,100,100161,100,99952,100,100251,100,99949,100
2019-06-28 09:35:10.000000000,100077,405,100045,405,100099,100,100008,100,100107,100,100003,100,100119,100,99990,100,100139,100,99978,100,100140,100,99972,100,100145,100,99954,100,100157,100,99953,100,100161,100,99952,100,100251,100,99949,100
2019-06-28 09:35:20.000000000,100077,252,100045,252,100099,252,100008,252,100107,100,100003,100,100119,100,99990,100,100139,100,99978,100,100140,100,99972,100,100145,100,99954,100,100157,100,99953,100,100161,100,99952,100,100251,100,99949,100
2019-06-28 09:35:23.788001111,100077,152,100045,252,100099,252,100008,252,100107,100,100003,100,100119,100,99990,100,100140,100,99978,100,100145,100,99972,100,100157,100,99954,100,100161,100,99953,100,100251,100,99952,100,100295,100,99949,100
2019-06-28 09:35:24.523097273,100077,152,100045,252,100099,252,100008,252,100107,100,100003,100,100119,100,99990,100,100140,100,99978,100,100145,100,99972,100,100157,100,99954,100,100161,100,99953,100,100251,100,99952,100,100295,100,99949,100
2019-06-28 09:35:27.326693205,100077,152,100060,100,100099,252,100045,252,100107,100,100008,252,100119,100,100003,100,100140,100,99990,100,100145,100,99978,100,100157,100,99972,100,100161,100,99954,100,100251,100,99953,100,100295,100,99952,100
2019-06-28 09:35:30.000000000,100099,161,100060,161,100107,161,100045,161,100119,161,100008,161,100140,161,100003,161,100145,161,99990,161,100157,100,99978,100,100161,100,99972,100,100251,100,99954,100,100295,100,99953,100,100315,100,99952,100
2019-06-28 09:35:40.000000000,100099,405,100060,405,100107,100,100045,100,100119,100,100008,100,100140,100,100003,100,100145,100,99990,100,100157,100,99978,100,100161,100,99972,100,100251,100,99954,100,100295,100,99953,100,100315,100,99952,100
2019-06-28 09:35:50.000000000,100099,161,100060,161,100107,161,100045,161,100119,161,100008,161,100140,161,100003,161,100145,161,99990,161,100157,100,99978,100,100161,100,99972,100,100251,100,99954,100,100295,100,99953,100,100315,100,99952,100
2019-06-28 09:36:00.000000000,100099,405,100060,405,100107,100,100045,100,100119,100,100008,100,100140,100,100003,100,100145,100,99990,100,100157,100,99978,100,100161,100,99972,100,100251,100,99954,100,100295,100,99953,100,100315,100,99952,100
2019-06-28 09:36:10.000000000,100099,405,100060,405,100107,100,100045,100,100119,100,100008,100,100140,100,100003,100,100145,100,99990,100,100157,100,99978,100,100161,100,99972,100,100251,100,99954,100,100295,100,99953,100,100315,100,99952,100
2019-06-28 09:36:18.020374768,100099,405,100060,405,100107,100,100045,100,100119,100,100008,100,100140,100,100003,100,100145,100,99990,100,100157,100,99978,100,100161,100,99972,100,100251,100,99954,100,100295,100,99953,100,100315,100,99952,100
2019-06-28 09:36:20.000000000,100099,161,100060,161,100107,161,100045,161,100119,161,100008,161,100140,161,100003,161,100145,161,99990,161,100157,100,99978,100,100161,100,99972,100,100251,100,99954,100,100295,100,99953,100,100315,100,99952,100
2019-06-28 09:36:30.000000000,100099,252,100060,252,100107,252,100045,252,100119,100,100008,100,100140,100,100003,100,100145,100,99990,100,100157,100,99978,100,100161,100,99972,100,100251,100,99954,100,100295,100,99953,100,100315,100,99952,100
2019-06-28 09:36:38.698353920,100099,252,100060,252,100107,252,100045,252,100119,100,100008,100,100140,100,100003,100,100145,100,99990,100,100157,100,99978,100,100161,100,99972,100,100251,100,99953,100,100295,100,99952,100,100315,100,99949,100
2019-06-28 09:36:40.000000000,100099,252,100060,252,100107,252,100045,252,100119,100,100008,100,100140,100,100003,100,100145,100,99990,100,100157,100,99978,100,100161,100,99972,100,100251,100,99953,100,100295,100,99952,100,100315,100,99949,100
2019-06-28 09:36:50.000000000,100099,204,100060,204,100107,201,100045,201,100119,201,100008,201,100140,100,100003,100,100145,100,99990,100,100157,100,99978,100,100161,100,99972,100,100251,100,99953,100,100295,100,99952,100,100315,100,99949,100
2019-06-28 09:36:53.888013054,100099,204,100060,204,100107,201,100045,201,100119,201,100008,201,100140,100,100003,100,100145,100,99990,100,100157,100,99978,100,100161,100,99972,100,100208,100,99953,100,100251,100,99952,100,100295,100,99949,100
2019-06-28 09:37:00.000000000,100099,161,100060,161,100107,161,100045,161,100119,161,100008,161,100140,161,100003,161,100145,161,99990,161,100157,100,99978,100,100161,100,99972,100,100208,100,99953,100,100251,100,99952,100,100295,100,99949,100
2019-06-28 09:37:02.880028845,100099,161,100060,161,100107,161,100045,161,100119,161,100008,161,100140,161,100003,161,100145,61,99990,161,100157,100,99978,100,100161,100,99972,100,100208,100,99953,100,100251,100,99952,100,100295,100,99949,100
2019-06-28 09:37:10.000000000,100099,176,100060,176,100107,176,100045,176,100119,176,100008,176,100140,176,100003,176,100157,100,99990,100,100161,100,99978,100,100208,100,99972,100,100251,100,99953,100,100295,100,99952,100,100315,100,99949,100
2019-06-28 09:37:11.515816662,100082,100,100060,176,100099,176,100045,176,100107,176,100008,176,100119,176,100003,176,100140,176,99990,100,100157,100,99978,100,100161,100,99972,100,100208,100,99953,100,100251,100,99952,100,100295,100,99949,100
2019-06-28 09:37:20.000000000,100082,176,100060,176,100099,176,100045,176,100107,176,100008,176,100119,176,100003,176,100140,100,99990,100,100157,100,99978,100,100161,100,99972,100,100208,100,99953,100,100251,100,99952,100,100295,100,99949,100
2019-06-28 09:37:30.000000000,100082,252,100060,252,100099,252,100045,252,100107,100,100008,100,100119,100,100003,100,100140,100,99990,100,100157,100,99978,100,100161,100,99972,100,100208,100,99953,100,100251,100,99952,100,100295,100,99949,100
2019-06-28 09:37:34.770951827,100082,252,100060,352,100099,252,100045,252,100107,100,100008,100,100119,100,100003,100,100140,100,99990,100,100157,100,99978,100,100161,100,99972,100,100208,100,99953,100,100251,100,99952,100,100295,100,99949,100
2019-06-28 09:37:40.000000000,100082,405,100060,505,100099,100,100045,100,100107,100,100008,100,100119,100,100003,100,100140,100,99990,100,100157,100,99978,100,100161,100,99972,100,100208,100,99953,100,100251,100,99952,100,100295,100,99949,100
2019-06-28 09:37:42.291092306,100082,405,100074,100,100099,100,100060,505,100107,100,100045,100,100119,100,100008,100,100140,100,100003,100,100157,100,99990,100,100161,100,99978,100,100208,100,99972,100,100251,100,99953,100,100295,100,99952,100
2019-06-28 09:37:43.298704525,100082,405,100074,100,100099,100,100060,505,100107,100,100045,100,100119,100,100008,100,100140,100,100003,100,100157,100,99990,100,100158,100,99978,100,100161,100,99972,100,100208,100,99953,100,100251,100,99952,100
2019-06-28 09:37:50.000000000,100082,161,100074,161,100099,161,100060,261,100107,161,100045,161,100119,161,100008,161,100140,161,100003,161,100157,100,99990,100,100158,100,99978,100,100161,100,99972,100,100208,100,99953,100,100251,100,99952,100
2019-06-28 09:38:00.000000000,100082,204,100074,204,100099,201,100060,301,100107,201,100045,201,100119,100,100008,100,100140,100,100003,100,100157,100,99990,100,100158,100,99978,100,100161,100,99972,100,100208,100,99953,100,100251,100,99952,100
2019-06-28 09:38:10.000000000,100082,405,100074,405,100099,100,100060,200,100107,100,100045,100,100119,100,100008,100,100140,100,100003,100,100157,100,99990,100,100158,100,99978,100,100161,100,99972,100,100208,100,99953,100,100251,100,99952,100
2019-06-28 09:38:14.330049693,100082,405,100074,405,100099,100,100060,200,100107,100,100045,100,100119,100,100008,100,100140,100,100003,100,100157,100,99990,100,100158,100,99978,100,100161,100,99972,100,100182,100,99953,100,100208,100,99952,100
2019-06-28 09:38:20.000000000,100082,252,100074,252,100099,252,100060,352,100107,100,100045,100,100119,100,100008,100,100140,100,100003,100,100157,100,99990,100,100158,100,99978,100,100161,100,99972,100,100182,100,99953,100,100208,100,99952,100
2019-06-28 09:38:22.612901311,100082,252,100074,252,100099,252,100060,352,100107,100,100045,100,100140,100,100008,100,100157,100,100003,100,100158,100,99990,100,100161,100,99978,100,100182,100,99972,100,100191,100,99953,100,100208,100,99952,100
2019-06-28 09:38:30.000000000,100082,176,100074,176,100099,176,100060,276,100107,176,100045,176,100140,176,100008,176,100157,100,100003,100,100158,100,99990,100,100161,100,99978,100,100182,100,99972,100,100191,100,99953,100,100208,100,99952,100
2019-06-28 09:38:40.000000000,100082,161,100074,161,100099,161,100060,261,100107,161,100045,161,100140,161,100008,161,100157,161,100003,161,100158,100,99990,100,100161,100,99978,100,100182,100,99972,100,100191,100,99953,100,100208,100,99952,100
2019-06-28 09:38:50.000000000,100082,252,100074,252,100099,252,100060,352,100107,100,100045,100,100140,100,100008,100,100157,100,100003,100,100158,100,99990,100,100161,100,99978,100,100182,100,99972,100,100191,100,99953,100,100208,100,99952,100
2019-06-28 09:39:00.000000000,100082,204,100074,204,100099,201,100060,301,100107,201,100045,201,100140,100,100008,100,100157,100,100003,100,100158,100,99990,100,100161,100,99978,100,100182,100,99972,100,100191,100,99953,100,100208,100,99952,100
2019-06-28 09:39:10.000000000,100082,161,100074,161,100099,161,100060,261,100107,161,100045,161,100140,161,100008,161,100157,161,100003,161,100158,100,99990,100,100161,100,99978,100,100182,100,99972,100,100191,100,99953,100,100208,100,99952,100
2019-06-28 09:39:14.358212403,100082,161,100074,161,100099,161,100060,361,100107,161,100045,161,100140,161,100008,161,100157,161,100003,161,100158,100,99990,100,100161,100,99978,100,100182,100,99972,100,100191,100,99953,100,100208,100,99952,100
2019-06-28 09:39:18.278311883,100082,161,100074,161,100099,161,100060,361,100107,161,100045,161,100140,161,100008,161,100157,161,100003,161,100158,100,99990,100,100161,100,99978,100,100182,100,99972,100,100191,100,99953,100,100208,100,99952,100
2019-06-28 09:39:20.000000000,100082,252,100074,252,100099,252,100060,452,100107,100,100045,100,100140,100,100008,100,100157,100,100003,100,100158,100,99990,100,100161,100,99978,100,100182,100,99972,100,100191,100,99953,100,100208,100,99952,100
2019-06-28 09:39:30.000000000,100082,252,100074,252,100099,252,100060,452,100107,100,100045,100,100140,100,100008,100,100157,100,100003,100,100158,100,99990,100,100161,100,99978,100,100182,100,99972,100,100191,100,99953,100,100208,100,99952,100
2019-06-28 09:39:40.000000000,100082,176,100074,176,100099,176,100060,376,100107,176,100045,176,100140,176,100008,176,100157,100,100003,100,100158,100,99990,100,100161,100,99978,100,100182,100,99972,100,100191,100,99953,100,100208,100,99952,100
2019-06-28 09:39:49.328680620,100082,176,100074,176,100099,176,100060,376,100107,176,100045,176,100140,176,100008,176,100157,100,100003,100,100158,100,99990,100,100161,100,99978,100,100182,100,99972,100,100191,100,99953,100,100208,100,99952,100
2019-06-28 09:39:50.000000000,100082,252,100074,252,100099,252,100060,452,100107,100,100045,100,100140,100,100008,100,100157,100,100003,100,100158,100,99990,100,100161,100,99978,100,100182,100,99972,100,100191,100,99953,100,100208,100,99952,100
2019-06-28 09:40:00.000000000,100082,161,100074,161,100099,161,100060,361,100107,161,100045,161,100140,161,100008,161,100157,161,100003,161,100158,100,99990,100,100161,100,99978,100,100182,100,99972,100,100191,100,99953,100,100208,100,99952,100
2019-06-28 09:40:10.000000000,100082,252,100074,252,100099,252,100060,452,100107,100,100045,100,100140,100,100008,100,100157,100,100003,100,100158,100,99990,100,100161,100,99978,100,100182,100,99972,100,100191,100,99953,100,100208,100,99952,100
2019-06-28 09:40:17.728578692,100082,252,100074,252,100099,252,100060,452,100107,100,100045,100,100140,100,100008,100,100157,100,100003,100,100158,100,99990,100,100161,100,99978,100,100182,100,99953,100,100191,100,99952,100,100208,100,99949,100
2019-06-28 09:40:20.000000000,100082,161,100074,161,100099,161,100060,361,100107,161,100045,161,100140,161,100008,161,100157,161,100003,161,100158,100,99990,100,100161,100,99978,100,100182,100,99953,100,100191,100,99952,100,100208,100,99949,100
2019-06-28 09:40:23.389680390,100082,61,100074,161,100099,161,100060,361,100107,161,100045,161,100140,161,100008,161,100157,161,100003,161,100158,100,99990,100,100161,100,99978,100,100182,100,99953,100,100191,100,99949,100,100208,100,99933,100
2019-06-28 09:40:30.000000000,100099,405,100074,405,100107,100,100060,300,100140,100,100045,100,100157,100,100008,100,100158,100,100003,100,100161,100,99990,100,100182,100,99978,100,100191,100,99953,100,100208,100,99949,100,100251,100,99933,100
2019-06-28 09:40:40.000000000,100099,161,100074,161,100107,161,100060,361,100140,161,100045,161,100157,161,100008,161,100158,161,100003,161,100161,100,99990,100,100182,100,99978,100,100191,100,99953,100,100208,100,99949,100,100251,100,99933,100
2019-06-28 09:40:50.000000000,100099,204,100074,204,100107,201,100060,401,100140,201,100045,201,100157,100,100008,100,100158,100,100003,100,100161,100,99990,100,100182,100,99978,100,100191,100,99953,100,100208,100,99949,100,100251,100,99933,100
2019-06-28 09:40:50.515933755,100099,204,100074,204,100107,201,100060,401,100140,201,100045,201,100157,100,100008,100,100158,100,100003,100,100161,100,99990,100,100182,100,99978,100,100191,100,99953,100,100208,100,99949,100,100251,100,99933,100
2019-06-28 09:40:59.093480223,100099,104,100074,204,100107,201,100060,401,100140,201,100045,201,100157,100,100008,100,100158,100,100003,100,100161,100,99990,100,100182,100,99978,100,100191,100,99953,100,100208,100,99949,100,100251,100,99933,100
2019-06-28 09:41:00.000000000,100107,161,100074,161,100140,161,100060,361,100157,161,100045,161,100158,161,100008,161,100161,161,100003,161,100182,100,99990,100,100191,100,99978,100,100208,100,99953,100,100251,100,99949,100,100295,100,99933,100
2019-06-28 09:41:03.767401620,100107,161,100082,100,100140,161,100074,161,100157,161,100060,361,100158,161,100045,161,100161,161,100008,161,100182,100,100003,161,100191,100,99990,100,100208,100,99978,100,100251,100,99953,100,100295,100,99949,100
2019-06-28 09:41:10.000000000,100107,204,100082,204,100140,201,100074,201,100157,201,100060,401,100158,100,100045,100,100161,100,100008,100,100182,100,100003,100,100191,100,99990,100,100208,100,99978,100,100251,100,99953,100,100295,100,99949,100
2019-06-28 09:41:20.000000000,100107,176,100082,176,100140,176,100074,176,100157,176,100060,376,100158,176,100045,176,100161,100,100008,100,100182,100,100003,100,100191,100,99990,100,100208,100,99978,100,100251,100,99953,100,100295,100,99949,100
2019-06-28 09:41:22.177788049,100107,176,100082,176,100140,176,100074,176,100157,176,100060,376,100158,176,100045,176,100161,100,100008,100,100182,100,100003,100,100191,100,99990,100,100208,100,99978,100,100251,100,99953,100,100295,100,99949,100
2019-06-28 09:41:25.729709120,100107,76,100082,176,100140,176,100074,176,100157,176,100060,376,100158,176,100045,176,100161,100,100008,100,100182,100,100003,100,100191,100,99990,100,100208,100,99978,100,100251,100,99953,100,100295,100,99949,100
2019-06-28 09:41:30.000000000,100140,176,100082,176,100157,176,100074,176,100158,176,100060,376,100161,176,100045,176,100182,100,100008,100,100191,100,100003,100,100208,100,99990,100,100251,100,99978,100,100295,100,99953,100,100465,100,99949,100
2019-06-28 09:41:40.000000000,100140,405,100082,405,100157,100,100074,100,100158,100,100060,300,100161,100,100045,100,100182,100,100008,100,100191,100,100003,100,100208,100,99990,100,100251,100,99978,100,100295,100,99953,100,100465,100,99949,100
2019-06-28 09:41:40.142212928,100140,405,100099,100,100157,100,100082,405,100158,100,100074,100,100161,100,100060,300,100182,100,100045,100,100191,100,100008,100,100208,100,100003,100,100251,100,99990,100,100295,100,99978,100,100465,100,99953,100
2019-06-28 09:41:40.755290411,100140,305,100099,100,100157,100,100082,405,100158,100,100074,100,100161,100,100060,300,100182,100,100045,100,100191,100,100008,100,100208,100,100003,100,100251,100,99990,100,100295,100,99978,100,100465,100,99953,100
2019-06-28 09:41:50.000000000,100157,176,100099,176,100158,176,100082,176,100161,176,100074,176,100182,176,100060,376,100191,100,100045,100,100208,100,100008,100,100251,100,100003,100,100295,100,99990,100,100465,100,99978,100,100525,100,99953,100
2019-06-28 09:42:00.000000000,100157,252,100099,252,100158,252,100082,252,100161,100,100074,100,100182,100,100060,300,100191,100,100045,100,100208,100,100008,100,100251,100,100003,100,100295,100,99990,100,100465,100,99978,100,100525,100,99953,100
2019-06-28 09:42:03.470954931,100157,152,100099,252,100158,252,100082,252,100161,100,100074,100,100182,100,100060,300,100191,100,100045,100,100208,100,100008,100,100251,100,100003,100,100295,100,99990,100,100465,100,99978,100,100525,100,99953,100
2019-06-28 09:42:09.027961373,100157,52,100099,252,100158,252,100082,252,100161,100,100074,100,100182,100,100060,300,100191,100,100045,100,100208,100,100008,100,100251,100,100003,100,100295,100,99990,100,100465,100,99978,100,100525,100,99953,100
2019-06-28 09:42:09.635347137,100158,252,100157,48,100161,100,100099,252,100182,100,100082,252,100191,100,100074,100,100208,100,100060,300,100251,100,100045,100,100295,100,100008,100,100465,100,100003,100,100525,100,99990,100,100578,100,99978,100
2019-06-28 09:42:10.000000000,100158,252,100157,200,100161,252,100099,252,100182,100,100082,100,100191,100,100074,100,100208,100,100060,300,100251,100,100045,100,100295,100,100008,100,100465,100,100003,100,100525,100,99990,100,100578,100,99978,100
2019-06-28 09:42:20.000000000,100158,204,100157,152,100161,201,100099,201,100182,201,100082,201,100191,100,100074,100,100208,100,100060,300,100251,100,100045,100,100295,100,100008,100,100465,100,100003,100,100525,100,99990,100,100578,100,99978,100
2019-06-28 09:42:30.000000000,100158,252,100157,200,100161,252,100099,252,100182,100,100082,100,100191,100,100074,100,100208,100,100060,300,100251,100,100045,100,100295,100,100008,100,100465,100,100003,100,100525,100,99990,100,100578,100,99978,100
2019-06-28 09:42:37.228384803,100158,252,100157,200,100161,252,100099,252,100182,100,100082,100,100191,100,100074,100,100251,100,100060,300,100295,100,100045,100,100465,100,100008,100,100525,100,100003,100,100578,100,99990,100,100597,100,99978,100
2019-06-28 09:42:40.000000000,100158,252,100157,200,100161,252,100099,252,100182,100,100082,100,100191,100,100074,100,100251,100,100060,300,100295,100,100045,100,100465,100,100008,100,100525,100,100003,100,100578,100,99990,100,100597,100,99978,100
2019-06-28 09:42:48.646588610,100158,252,100157,200,100161,252,100099,252,100182,100,100082,100,100191,100,100074,100,100251,100,100060,300,100295,100,100045,100,100465,100,100008,100,100525,100,100003,100,100578,100,99990,100,100597,100,99978,100
2019-06-28 09:42:50.000000000,100158,161,100157,109,100161,161,100099,161,100182,161,100082,161,100191,161,100074,161,100251,161,100060,361,100295,100,100045,100,100465,100,100008,100,100525,100,100003,100,100578,100,99990,100,100597,100,99978,100
2019-06-28 09:42:57.488157425,100158,161,100157,209,100161,161,100099,161,100182,161,100082,161,100191,161,100074,161,100251,161,100060,361,100295,100,100045,100,100465,100,100008,100,100525,100,100003,100,100578,100,99990,100,100597,100,99978,100
2019-06-28 09:43:00.000000000,100158,204,100157,252,100161,201,100099,201,100182,201,100082,201,100191,100,100074,100,100251,100,100060,300,100295,100,100045,100,100465,100,100008,100,100525,100,100003,100,100578,100,99990,100,100597,100,99978,100
2019-06-28 09:43:10.000000000,100158,161,100157,209,100161,161,100099,161,100182,161,100082,161,100191,161,100074,161,100251,161,100060,361,100295,100,100045,100,100465,100,100008,100,100525,100,100003,100,100578,100,99990,100,100597,100,99978,100
2019-06-28 09:43:20.000000000,100158,204,100157,252,100161,201,100099,201,100182,201,100082,201,100191,100,100074,100,100251,100,100060,300,100295,100,100045,100,100465,100,100008,100,100525,100,100003,100,100578,100,99990,100,100597,100,99978,100
2019-06-28 09:43:30.000000000,100158,176,100157,224,100161,176,100099,176,100182,176,100082,176,100191,176,100074,176,100251,100,100060,300,100295,100,100045,100,100465,100,100008,100,100525,100,100003,100,100578,100,99990,100,100597,100,99978,100
2019-06-28 09:43:40.000000000,100158,204,100157,252,100161,201,100099,201,100182,201,100082,201,100191,100,100074,100,100251,100,100060,300,100295,100,100045,100,100465,100,100008,100,100525,100,100003,100,100578,100,99990,100,100597,100,99978,100
2019-06-28 09:43:42.850534175,100158,104,100157,252,100161,201,100099,201,100182,201,100082,201,100191,100,100074,100,100251,100,100060,300,100295,100,100045,100,100465,100,100008,100,100525,100,100003,100,100578,100,99990,100,100597,100,99978,100
2019-06-28 09:43:50.000000000,100161,176,100157,224,100182,176,100099,176,100191,176,100082,176,100251,176,100074,176,100295,100,100060,300,100465,100,100045,100,100525,100,100008,100,100578,100,100003,100,100597,100,99990,100,100690,100,99978,100
2019-06-28 09:43:57.826682963,100161,76,100157,224,100182,176,100099,176,100191,176,100082,176,100251,176,100074,176,100295,100,100060,300,100465,100,100045,100,100525,100,100008,100,100578,100,100003,100,100597,100,99990,100,100690,100,99978,100
2019-06-28 09:44:00.000000000,100182,252,100157,300,100191,252,100099,252,100251,100,100082,100,100295,100,100074,100,100465,100,100060,300,100525,100,100045,100,100578,100,100008,100,100597,100,100003,100,100690,100,99990,100,100764,100,99978,100
2019-06-28 09:44:10.000000000,100182,176,100157,224,100191,176,100099,176,100251,176,100082,176,100295,176,100074,176,100465,100,100060,300,100525,100,100045,100,100578,100,100008,100,100597,100,100003,100,100690,100,99990,100,100764,100,99978,100
2019-06-28 09:44:11.892003470,100182,176,100157,224,100191,176,100099,176,100251,176,100082,176,100295,176,100074,176,100465,100,100060,300,100525,100,100045,100,100578,100,100008,100,100597,100,100003,100,100682,100,99990,100,100690,100,99978,100
2019-06-28 09:44:20.000000000,100182,405,100157,453,100191,100,100099,100,100251,100,100082,100,100295,100,100074,100,100465,100,100060,300,100525,100,100045,100,100578,100,100008,100,100597,100,100003,100,100682,100,99990,100,100690,100,99978,100
2019-06-28 09:44:20.219208211,100182,405,100157,353,100191,100,100099,100,100251,100,100082,100,100295,100,100074,100,100465,100,100060,300,100525,100,100045,100,100578,100,100008,100,100597,100,100003,100,100682,100,99990,100,100690,100,99978,100
2019-06-28 09:44:30.000000000,100182,252,100157,200,100191,252,100099,252,100251,100,100082,100,100295,100,100074,100,100465,100,100060,300,100525,100,100045,100,100578,100,100008,100,100597,100,100003,100,100682,100,99990,100,100690,100,99978,100
2019-06-28 09:44:40.000000000,100182,204,100157,152,100191,201,100099,201,100251,201,100082,201,100295,100,100074,100,100465,100,100060,300,100525,100,100045,100,100578,100,100008,100,100597,100,100003,100,100682,100,99990,100,100690,100,99978,100
2019-06-28 09:44:49.767224971,100182,104,100157,152,100191,201,100099,201,100251,201,100082,201,100295,100,100074,100,100465,100,100060,300,100525,100,100045,100,100578,100,100008,100,100597,100,100003,100,100682,100,99990,100,100690,100,99978,100
2019-06-28 09:44:50.000000000,100191,405,100157,353,100251,100,100099,100,100295,100,100082,100,100465,100,100074,100,100525,100,100060,300,100578,100,100045,100,100597,100,100008,100,100682,100,100003,100,100690,100,99990,100,100764,100,99978,100
2019-06-28 09:45:00.000000000,100191,252,100157,200,100251,252,100099,252,100295,100,100082,100,100465,100,100074,100,100525,100,100060,300,100578,100,100045,100,100597,100,100008,100,100682,100,100003,100,100690,100,99990,100,100764,100,99978,100
2019-06-28 09:45:10.000000000,100191,161,100157,109,100251,161,100099,161,100295,161,100082,161,100465,161,100074,161,100525,161,100060,361,100578,100,100045,100,100597,100,100008,100,100682,100,100003,100,100690,100,99990,100,100764,100,99978,100
2019-06-28 09:45:20.000000000,100191,252,100157,200,100251,252,100099,252,100295,100,100082,100,100465,100,100074,100,100525,100,100060,300,100578,100,100045,100,100597,100,100008,100,100682,100,100003,100,100690,100,99990,100,100764,100,99978,100
2019-06-28 09:45:29.913714678,100191,152,100157,200,100251,252,100099,252,100295,100,100082,100,100465,100,100074,100,100525,100,100060,300,100578,100,100045,100,100597,100,100008,100,100682,100,100003,100,100690,100,99990,100,100764,100,99978,100
2019-06-28 09:45:30.000000000,100251,176,100157,124,100295,176,100099,176,100465,176,100082,176,100525,176,100074,176,100578,100,100060,300,100597,100,100045,100,100682,100,100008,100,100690,100,100003,100,100764,100,99990,100,100777,100,99978,100
2019-06-28 09:45:37.600676247,100251,176,100157,124,100295,176,100099,176,100465,176,100082,176,100525,176,100074,176,100578,100,100060,300,100597,100,100045,100,100682,100,100008,100,100690,100,100003,100,100764,100,99990,100,100777,100,99978,100
2019-06-28 09:45:40.000000000,100251,252,100157,200,100295,252,100099,252,100465,100,100082,100,100525,100,100074,100,100578,100,100060,300,100597,100,100045,100,100682,100,100008,100,100690,100,100003,100,100764,100,99990,100,100777,100,99978,100
2019-06-28 09:45:50.000000000,100251,204,100157,152,100295,201,100099,201,100465,201,100082,201,100525,100,100074,100,100578,100,100060,300,100597,100,100045,100,100682,100,100008,100,100690,100,100003,100,100764,100,99990,100,100777,100,99978,100
2019-06-28 09:45:52.045435384,100251,104,100157,152,100295,201,100099,201,100465,201,100082,201,100525,100,100074,100,100597,100,100060,300,100682,100,100045,100,100690,100,100008,100,100764,100,100003,100,100777,100,99990,100,100786,100,99978,100
2019-06-28 09:46:00.000000000,100295,204,100157,152,100465,201,100099,201,100525,201,100082,201,100597,100,100074,100,100682,100,100060,300,100690,100,100045,100,100764,100,100008,100,100777,100,100003,100,100786,100,99990,100,100965,100,99978,100
2019-06-28 09:46:10.000000000,100295,204,100157,152,100465,201,100099,201,100525,201,100082,201,100597,100,100074,100,100682,100,100060,300,100690,100,100045,100,100764,100,100008,100,100777,100,100003,100,100786,100,99990,100,100965,100,99978,100
2019-06-28 09:46:20.000000000,100295,176,100157,124,100465,176,100099,176,100525,176,100082,176,100597,176,100074,176,100682,100,100060,300,100690,100,100045,100,100764,100,100008,100,100777,100,100003,100,100786,100,99990,100,100965,100,99978,100
2019-06-28 09:46:26.926776192,100295,176,100191,100,100465,176,100157,124,100525,176,100099,176,100597,176,100082,176,100682,100,100074,176,100690,100,100060,300,100764,100,100045,100,100777,100,100008,100,100786,100,100003,100,100965,100,99990,100
2019-06-28 09:46:30.000000000,100295,204,100191,204,100465,201,100157,149,100525,201,100099,201,100597,100,100082,100,100682,100,100074,100,100690,100,100060,300,100764,100,100045,100,100777,100,100008,100,100786,100,100003,100,100965,100,99990,100
2019-06-28 09:46:39.039488206,100295,204,100191,304,100465,201,100157,149,100525,201,100099,201,100597,100,100082,100,100682,100,100074,100,100690,100,100060,300,100764,100,100008,100,100777,100,100003,100,100786,100,99990,100,100965,100,99978,100
2019-06-28 09:46:40.000000000,100295,405,100191,505,100465,100,100157,48,100525,100,100099,100,100597,100,100082,100,100682,100,100074,100,100690,100,100060,300,100764,100,100008,100,100777,100,100003,100,100786,100,99990,100,100965,100,99978,100
2019-06-28 09:46:48.477229969,100295,305,100191,505,100465,100,100157,48,100525,100,100099,100,100597,100,100082,100,100682,100,100074,100,100690,100,100060,300,100764,100,100008,100,100777,100,100003,100,100786,100,99990,100,100965,100,99978,100
2019-06-28 09:46:50.000000000,100465,204,100191,304,100525,201,100157,149,100597,201,100099,201,100682,100,100082,100,100690,100,100074,100,100764,100,100060,300,100777,100,100008,100,100786,100,100003,100,100965,100,99990,100,101059,100,99978,100
2019-06-28 09:46:56.872608281,100465,104,100191,304,100525,201,100157,149,100597,201,100099,201,100682,100,100082,100,100690,100,100074,100,100764,100,100060,300,100777,100,100008,100,100786,100,100003,100,100965,100,99990,100,101059,100,99978,100
2019-06-28 09:47:00.000000000,100525,252,100191,352,100597,252,100157,200,100682,100,100099,100,100690,100,100082,100,100764,100,100074,100,100777,100,100060,300,100786,100,100008,100,100965,100,100003,100,101059,100,99990,100,,,99978,100
2019-06-28 09:47:10.000000000,100525,204,100191,304,100597,201,100157,149,100682,201,100099,201,100690,100,100082,100,100764,100,100074,100,100777,100,100060,300,100786,100,100008,100,100965,100,100003,100,101059,100,99990,100,,,99978,100
2019-06-28 09:47:20.000000000,100525,405,100191,505,100597,100,100157,48,100682,100,100099,100,100690,100,100082,100,100764,100,100074,100,100777,100,100060,300,100786,100,100008,100,100965,100,100003,100,101059,100,99990,100,,,99978,100
2019-06-28 09:47:20.087293469,100326,100,100191,505,100525,405,100157,48,100597,100,100099,100,100682,100,100082,100,100690,100,100074,100,100764,100,100060,300,100777,100,100008,100,100786,100,100003,100,100965,100,99990,100,101059,100,99978,100
2019-06-28 09:47:24.619009476,100326,100,100191,505,100384,100,100157,48,100525,305,100099,100,100597,100,100082,100,100682,100,100074,100,100690,100,100060,300,100764,100,100008,100,100777,100,100003,100,100786,100,99990,100,100965,100,99978,100
2019-06-28 09:47:29.369199355,100326,100,100191,505,100384,100,100157,48,100464,100,100099,100,100525,305,100082,100,100597,100,100074,100,100682,100,100060,300,100690,100,100008,100,100764,100,100003,100,100777,100,99990,100,100786,100,99978,100
2019-06-28 09:47:30.000000000,100326,176,100191,276,100384,176,100157,124,100464,176,100099,176,100597,176,100082,176,100682,100,100074,100,100690,100,100060,300,100764,100,100008,100,100777,100,100003,100,100786,100,99990,100,100965,100,99978,100
2019-06-28 09:47:34.475968882,100326,76,100191,276,100384,176,100157,124,100464,176,100099,176,100597,176,100082,176,100682,100,100074,100,100690,100,100060,300,100764,100,100008,100,100777,100,100003,100,100786,100,99990,100,100965,100,99978,100
2019-06-28 09:47:40.000000000,100384,161,100191,261,100464,161,100157,109,100597,161,100099,161,100682,161,100082,161,100690,161,100074,161,100764,100,100060,300,100777,100,100008,100,100786,100,100003,100,100965,100,99990,100,101059,100,99978,100
2019-06-28 09:47:45.458472112,100384,161,100191,261,100464,161,100157,109,100575,100,100099,161,100597,161,100082,161,100682,161,100074,161,100690,161,100060,300,100764,100,100008,100,100777,100,100003,100,100786,100,99990,100,100965,100,99978,100
2019-06-28 09:47:50.000000000,100384,405,100191,505,100464,100,100157,48,100575,100,100099,100,100597,100,100082,100,100682,100,100074,100,100690,100,100060,300,100764,100,100008,100,100777,100,100003,100,100786,100,99990,100,100965,100,99978,100
2019-06-28 09:47:56.130123743,100384,405,100191,505,100464,100,100157,48,100575,100,100099,100,100597,100,100082,100,100682,100,100074,100,100690,100,100060,300,100764,100,100021,100,100777,100,100008,100,100786,100,99990,100,100965,100,99978,100
2019-06-28 09:48:00.000000000,100384,252,100191,352,100464,252,100157,200,100575,100,100099,100,100597,100,100082,100,100682,100,100074,100,100690,100,100060,300,100764,100,100021,100,100777,100,100008,100,100786,100,99990,100,100965,100,99978,100
2019-06-28 09:48:01.721323957,100325,100,100191,352,100384,252,100157,200,100464,252,100099,100,100575,100,100082,100,100597,100,100074,100,100682,100,100060,300,100690,100,100021,100,100764,100,100008,100,100777,100,99990,100,100786,100,99978,100
2019-06-28 09:48:10.000000000,100325,252,100191,352,100384,252,100157,200,100464,100,100099,100,100575,100,100082,100,100597,100,100074,100,100682,100,100060,300,100690,100,100021,100,100764,100,100008,100,100777,100,99990,100,100786,100,99978,100
2019-06-28 09:48:20.000000000,100325,161,100191,261,100384,161,100157,109,100464,161,100099,161,100575,161,100082,161,100597,161,100074,161,100682,100,100060,300,100690,100,100021,100,100764,100,100008,100,100777,100,99990,100,100786,100,99978,100
2019-06-28 09:48:30.000000000,100325,405,100191,505,100384,100,100157,48,100464,100,100099,100,100575,100,100082,100,100597,100,100074,100,100682,100,100060,300,100690,100,100021,100,100764,100,100008,100,100777,100,99990,100,100786,100,99978,100
2019-06-28 09:48:33.951918410,100325,405,100191,405,100464,100,100157,48,100575,100,100099,100,100597,100,100082,100,100682,100,100074,100,100690,100,100060,300,100764,100,100021,100,100777,100,100008,100,100786,100,99990,100,100965,100,99978,100
2019-06-28 09:48:40.000000000,100325,405,100191,405,100464,100,100157,48,100575,100,100099,100,100597,100,100082,100,100682,100,100074,100,100690,100,100060,300,100764,100,100021,100,100777,100,100008,100,100786,100,99990,100,100965,100,99978,100
2019-06-28 09:48:49.614327644,100325,405,100191,305,100464,100,100157,48,100575,100,100099,100,100597,100,100082,100,100682,100,100074,100,100690,100,100060,300,100764,100,100021,100,100777,100,100008,100,100786,100,99990,100,100965,100,99978,100
2019-06-28 09:48:50.000000000,100325,204,100157,152,100464,201,100099,201,100575,201,100082,201,100597,100,100074,100,100682,100,100060,300,100690,100,100021,100,100764,100,100008,100,100777,100,99990,100,100786,100,99978,100,100965,100,99953,100
2019-06-28 09:48:50.558758703,100191,100,100157,152,100325,204,100099,201,100464,201,100082,201,100575,201,100074,100,100597,100,100060,300,100682,100,100021,100,100690,100,100008,100,100764,100,99990,100,100777,100,99978,100,100786,100,99953,100
2019-06-28 09:49:00.000000000,100191,204,100157,152,100325,201,100099,201,100464,201,100082,201,100575,100,100074,100,100597,100,100060,300,100682,100,100021,100,100690,100,100008,100,100764,100,99990,100,100777,100,99978,100,100786,100,99953,100
2019-06-28 09:49:04.876240724,100191,204,100157,152,100325,201,100099,201,100464,201,100082,201,100575,100,100074,100,100597,100,100060,300,100682,100,100021,100,100690,100,100017,100,100764,100,100008,100,100777,100,99990,100,100786,100,99978,100
2019-06-28 09:49:10.000000000,100191,204,100157,152,100325,201,100099,201,100464,201,100082,201,100575,100,100074,100,100597,100,100060,300,100682,100,100021,100,100690,100,100017,100,100764,100,100008,100,100777,100,99990,100,100786,100,99978,100
2019-06-28 09:49:11.032479309,100191,204,100157,52,100325,201,100099,201,100464,201,100082,201,100575,100,100074,100,100597,100,100060,300,100682,100,100021,100,100690,100,100017,100,100764,100,100008,100,100777,100,99990,100,100786,100,99978,100
2019-06-28 09:49:13.961434445,100191,204,100157,52,100325,201,100099,201,100464,201,100082,201,100575,100,100074,100,100597,100,100060,300,100682,100,100021,100,100690,100,100017,100,100764,100,100008,100,100777,100,99990,100,100786,100,99978,100
2019-06-28 09:49:20.000000000,100191,252,100099,252,100325,252,100082,252,100464,100,100074,100,100575,100,100060,300,100597,100,100021,100,100682,100,100017,100,100690,100,100008,100,100764,100,99990,100,100777,100,99978,100,100786,100,99953,100
2019-06-28 09:49:30.000000000,100191,204,100099,204,100325,201,100082,201,100464,201,100074,201,100575,100,100060,300,100597,100,100021,100,100682,100,100017,100,100690,100,100008,100,100764,100,99990,100,100777,100,99978,100,100786,100,99953,100
2019-06-28 09:49:31.696261644,100191,204,100099,204,100325,201,100082,201,100464,201,100074,201,100575,100,100060,300,100597,100,100021,100,100682,100,100017,100,100690,100,100008,100,100764,100,99990,100,100777,100,99978,100,100786,100,99953,100
2019-06-28 09:49:40.000000000,100191,204,100099,204,100325,201,100082,201,100464,201,100074,201,100575,100,100060,300,100597,100,100021,100,100682,100,100017,100,100690,100,100008,100,100764,100,99990,100,100777,100,99978,100,100786,100,99953,100
2019-06-28 09:49:48.774484939,100191,204,100099,104,100325,201,100082,201,100464,201,100074,201,100575,100,100060,300,100597,100,100021,100,100682,100,100017,100,100690,100,100008,100,100764,100,99990,100,100777,100,99978,100,100786,100,99953,100
2019-06-28 09:49:50.000000000,100191,176,100082,176,100325,176,100074,176,100464,176,100060,376,100575,176,100021,176,100597,100,100017,100,100682,100,100008,100,100690,100,99990,100,100764,100,99978,100,100777,100,99953,100,100786,100,99949,100
2019-06-28 09:49:55.062524835,100191,176,100082,176,100325,176,100074,176,100464,176,100060,376,100575,176,100021,176,100597,100,100017,100,100682,100,100008,100,100690,100,99990,100,100764,100,99978,100,100777,100,99953,100,100786,100,99949,100
2019-06-28 09:49:56.423116855,100191,176,100082,176,100325,176,100074,176,100464,176,100060,376,100575,76,100021,176,100597,100,100017,100,100682,100,100008,100,100690,100,99990,100,100764,100,99978,100,100777,100,99953,100,100786,100,99949,100
2019-06-28 09:50:00.000000000,100191,252,100082,252,100325,252,100074,252,100464,100,100060,300,100597,100,100021,100,100682,100,100017,100,100690,100,100008,100,100764,100,99990,100,100777,100,99978,100,100786,100,99953,100,100965,100,99949,100
2019-06-28 09:50:06.544567488,100191,252,100082,152,100325,252,100074,252,100464,100,100060,300,100597,100,100021,100,100682,100,100017,100,100690,100,100008,100,100764,100,99990,100,100777,100,99978,100,100786,100,99953,100,100965,100,99949,100
2019-06-28 09:50:10.000000000,100191,252,100074,252,100325,252,100060,452,100464,100,100021,100,100597,100,100017,100,100682,100,100008,100,100690,100,99990,100,100764,100,99978,100,100777,100,99953,100,100786,100,99949,100,100965,100,99933,100
2019-06-28 09:50:13.637203932,100191,252,100074,252,100325,252,100060,452,100464,100,100021,100,100597,100,100017,100,100682,100,100008,100,100690,100,99990,100,100764,100,99978,100,100777,100,99953,100,100786,100,99949,100,100965,100,99933,100
2019-06-28 09:50:20.000000000,100191,204,100074,204,100325,201,100060,401,100464,201,100021,201,100597,100,100017,100,100682,100,100008,100,100690,100,99990,100,100764,100,99978,100,100777,100,99953,100,100786,100,99949,100,100965,100,99933,100
2019-06-28 09:50:30.000000000,100191,405,100074,405,100325,100,100060,300,100464,100,100021,100,100597,100,100017,100,100682,100,100008,100,100690,100,99990,100,100764,100,99978,100,100777,100,99953,100,100786,100,99949,100,100965,100,99933,100
2019-06-28 09:50:40.000000000,100191,405,100074,405,100325,100,100060,300,100464,100,100021,100,100597,100,100017,100,100682,100,100008,100,100690,100,99990,100,100764,100,99978,100,100777,100,99953,100,100786,100,99949,100,100965,100,99933,100
2019-06-28 09:50:50.000000000,100191,252,100074,252,100325,252,100060,452,100464,100,100021,100,100597,100,100017,100,100682,100,100008,100,100690,100,99990,100,100764,100,99978,100,100777,100,99953,100,100786,100,99949,100,100965,100,99933,100
2019-06-28 09:51:00.000000000,100191,405,100074,405,100325,100,100060,300,100464,100,100021,100,100597,100,100017,100,100682,100,100008,100,100690,100,99990,100,100764,100,99978,100,100777,100,99953,100,100786,100,99949,100,100965,100,99933,100
2019-06-28 09:51:10.000000000,100191,176,100074,176,100325,176,100060,376,100464,176,100021,176,100597,176,100017,176,100682,100,100008,100,100690,100,99990,100,100764,100,99978,100,100777,100,99953,100,100786,100,99949,100,100965,100,99933,100
2019-06-28 09:51:14.071676128,100191,176,100074,176,100325,176,100060,376,100357,100,100021,176,100464,176,100017,176,100597,176,100008,100,100682,100,99990,100,100690,100,99978,100,100764,100,99953,100,100777,100,99949,100,100786,100,99933,100
2019-06-28 09:51:16.775771113,100191,176,100074,176,100325,176,100060,376,100357,100,100021,176,100423,100,100017,176,100464,176,100008,100,100597,176,99990,100,100682,100,99978,100,100690,100,99953,100,100764,100,99949,100,100777,100,99933,100
2019-06-28 09:51:20.000000000,100191,252,100074,252,100325,252,100060,452,100357,100,100021,100,100423,100,100017,100,100464,100,100008,100,100597,100,99990,100,100682,100,99978,100,100690,100,99953,100,100764,100,99949,100,100777,100,99933,100
2019-06-28 09:51:22.722342308,100191,152,100074,252,100325,252,100060,452,100357,100,100021,100,100423,100,100017,100,100464,100,100008,100,100597,100,99990,100,100682,100,99978,100,100690,100,99953,100,100764,100,99949,100,100777,100,99933,100
2019-06-28 09:51:30.000000000,100325,204,100074,204,100357,201,100060,401,100423,201,100021,201,100464,100,100017,100,100597,100,100008,100,100682,100,99990,100,100690,100,99978,100,100764,100,99953,100,100777,100,99949,100,100786,100,99933,100
2019-06-28 09:51:40.000000000,100325,405,100074,405,100357,100,100060,300,100423,100,100021,100,100464,100,100017,100,100597,100,100008,100,100682,100,99990,100,100690,100,99978,100,100764,100,99953,100,100777,100,99949,100,100786,100,99933,100
2019-06-28 09:51:46.915495404,100325,405,100174,100,100357,100,100074,405,100423,100,100060,300,100464,100,100021,100,100597,100,100017,100,100682,100,100008,100,100690,100,99990,100,100764,100,99978,100,100777,100,99953,100,100786,100,99949,100
2019-06-28 09:51:50.000000000,100325,176,100174,176,100357,176,100074,176,100423,176,100060,376,100464,176,100021,176,100597,100,100017,100,100682,100,100008,100,100690,100,99990,100,100764,100,99978,100,100777,100,99953,100,100786,100,99949,100
2019-06-28 09:52:00.000000000,100325,252,100174,252,100357,252,100074,252,100423,100,100060,300,100464,100,100021,100,100597,100,100017,100,100682,100,100008,100,100690,100,99990,100,100764,100,99978,100,100777,100,99953,100,100786,100,99949,100
2019-06-28 09:52:05.254539303,100190,100,100174,252,100325,252,100074,252,100357,252,100060,300,100423,100,100021,100,100464,100,100017,100,100597,100,100008,100,100682,100,99990,100,100690,100,99978,100,100764,100,99953,100,100777,100,99949,100
2019-06-28 09:52:10.000000000,100190,405,100174,405,100325,100,100074,100,100357,100,100060,300,100423,100,100021,100,100464,100,100017,100,100597,100,100008,100,100682,100,99990,100,100690,100,99978,100,100764,100,99953,100,100777,100,99949,100
2019-06-28 09:52:20.000000000,100190,405,100174,405,100325,100,100074,100,100357,100,100060,300,100423,100,100021,100,100464,100,100017,100,100597,100,100008,100,100682,100,99990,100,100690,100,99978,100,100764,100,99953,100,100777,100,99949,100
2019-06-28 09:52:30.000000000,100190,161,100174,161,100325,161,100074,161,100357,161,100060,361,100423,161,100021,161,100464,161,100017,161,100597,100,100008,100,100682,100,99990,100,100690,100,99978,100,100764,100,99953,100,100777,100,99949,100
2019-06-28 09:52:40.000000000,100190,405,100174,405,100325,100,100074,100,100357,100,100060,300,100423,100,100021,100,100464,100,100017,100,100597,100,100008,100,100682,100,99990,100,100690,100,99978,100,100764,100,99953,100,100777,100,99949,100
2019-06-28 09:52:40.756931862,100190,405,100174,405,100325,100,100074,100,100357,100,100060,300,100423,100,100021,100,100464,100,100017,100,100597,100,100008,100,100682,100,99990,100,100764,100,99988,100,100777,100,99978,100,100786,100,99953,100
2019-06-28 09:52:43.983919295,100190,405,100174,405,100325,100,100074,100,100357,100,100060,300,100464,100,100021,100,100597,100,100017,100,100682,100,100008,100,100764,100,99990,100,100777,100,99988,100,100786,100,99978,100,100965,100,99953,100
2019-06-28 09:52:47.765407784,100190,405,100174,405,100325,100,100074,100,100357,100,100060,300,100464,100,100021,100,100597,100,100017,100,100682,100,100008,100,100764,100,99990,100,100777,100,99988,100,100786,100,99978,100,100965,100,99953,100
2019-06-28 09:52:50.000000000,100190,204,100174,204,100325,201,100074,201,100357,201,100060,401,100464,100,100021,100,100597,100,100017,100,100682,100,100008,100,100764,100,99990,100,100777,100,99988,100,100786,100,99978,100,100965,100,99953,100
2019-06-28 09:52:50.336920825,100190,204,100174,204,100325,201,100074,201,100357,201,100060,401,100464,100,100021,100,100597,100,100017,100,100682,100,100008,100,100764,100,99990,100,100777,100,99988,100,100786,100,99978,100,100965,100,99953,100
2019-06-28 09:53:00.000000000,100190,252,100174,252,100325,252,100074,252,100357,100,100060,300,100464,100,100021,100,100597,100,100017,100,100682,100,100008,100,100764,100,99990,100,100777,100,99988,100,100786,100,99978,100,100965,100,99953,100
2019-06-28 09:53:10.000000000,100190,176,100174,176,100325,176,100074,176,100357,176,100060,376,100464,176,100021,176,100597,100,100017,100,100682,100,100008,100,100764,100,99990,100,100777,100,99988,100,100786,100,99978,100,100965,100,99953,100
2019-06-28 09:53:20.000000000,100190,405,100174,405,100325,100,100074,100,100357,100,100060,300,100464,100,100021,100,100597,100,100017,100,100682,100,100008,100,100764,100,99990,100,100777,100,99988,100,100786,100,99978,100,100965,100,99953,100
2019-06-28 09:53:30.000000000,100190,252,100174,252,100325,252,100074,252,100357,100,100060,300,100464,100,100021,100,100597,100,100017,100,100682,100,100008,100,100764,100,99990,100,100777,100,99988,100,100786,100,99978,100,100965,100,99953,100
2019-06-28 09:53:40.000000000,100190,405,100174,405,100325,100,100074,100,100357,100,100060,300,100464,100,100021,100,100597,100,100017,100,100682,100,100008,100,100764,100,99990,100,100777,100,99988,100,100786,100,99978,100,100965,100,99953,100
2019-06-28 09:53:42.745249845,100190,505,100174,405,100325,100,100074,100,100357,100,100060,300,100464,100,100021,100,100597,100,100017,100,100682,100,100008,100,100764,100,99990,100,100777,100,99988,100,100786,100,99978,100,100965,100,99953,100
2019-06-28 09:53:44.443796106,100190,605,100174,405,100325,100,100074,100,100357,100,100060,300,100464,100,100021,100,100597,100,100017,100,100682,100,100008,100,100764,100,99990,100,100777,100,99988,100,100786,100,99978,100,100965,100,99953,100
2019-06-28 09:53:47.768413826,100190,605,100174,305,100325,100,100074,100,100357,100,100060,300,100464,100,100021,100,100597,100,100017,100,100682,100,100008,100,100764,100,99990,100,100777,100,99988,100,100786,100,99978,100,100965,100,99953,100
2019-06-28 09:53:50.000000000,100190,404,100074,204,100325,201,100060,401,100357,201,100021,201,100464,100,100017,100,100597,100,100008,100,100682,100,99990,100,100764,100,99988,100,100777,100,99978,100,100786,100,99953,100,100965,100,99949,100
2019-06-28 09:54:00.000000000,100190,404,100074,204,100325,201,100060,401,100357,201,100021,201,100464,100,100017,100,100597,100,100008,100,100682,100,99990,100,100764,100,99988,100,100777,100,99978,100,100786,100,99953,100,100965,100,99949,100
2019-06-28 09:54:03.662502557,100190,404,100074,204,100325,201,100060,401,100357,201,100021,201,100464,100,100017,100,100597,100,100008,100,100682,100,99990,100,100764,100,99988,100,100774,100,99978,100,100777,100,99953,100,100786,100,99949,100
2019-06-28 09:54:05.033404652,100190,404,100175,100,100325,201,100074,204,100357,201,100060,401,100597,100,100021,201,100682,100,100017,100,100764,100,100008,100,100774,100,99990,100,100777,100,99988,100,100786,100,99978,100,100965,100,99953,100
2019-06-28 09:54:10.000000000,100190,605,100175,405,100325,100,100074,100,100357,100,100060,300,100597,100,100021,100,100682,100,100017,100,100764,100,100008,100,100774,100,99990,100,100777,100,99988,100,100786,100,99978,100,100965,100,99953,100
2019-06-28 09:54:14.078587394,100190,605,100175,505,100325,100,100074,100,100357,100,100060,300,100597,100,100021,100,100682,100,100017,100,100764,100,100008,100,100774,100,99990,100,100777,100,99988,100,100786,100,99978,100,100965,100,99953,100
2019-06-28 09:54:18.835619454,100189,100,100175,505,100190,605,100074,100,100325,100,100060,300,100357,100,100021,100,100597,100,100017,100,100682,100,99990,100,100764,100,99988,100,100774,100,99978,100,100777,100,99953,100,100786,100,99949,100
2019-06-28 09:54:20.000000000,100189,405,100175,505,100190,300,100074,100,100325,100,100060,300,100357,100,100021,100,100597,100,100017,100,100682,100,99990,100,100764,100,99988,100,100774,100,99978,100,100777,100,99953,100,100786,100,99949,100
2019-06-28 09:54:30.000000000,100189,161,100175,261,100190,361,100074,161,100325,161,100060,361,100357,161,100021,161,100597,161,100017,161,100682,100,99990,100,100764,100,99988,100,100774,100,99978,100,100777,100,99953,100,100786,100,99949,100
2019-06-28 09:54:32.875464271,100189,61,100175,261,100190,361,100074,161,100325,161,100060,361,100357,161,100021,161,100597,161,100017,161,100682,100,99990,100,100764,100,99988,100,100774,100,99978,100,100777,100,99953,100,100786,100,99949,100
2019-06-28 09:54:37.194124257,100190,361,100189,39,100325,161,100175,261,100357,161,100074,161,100597,161,100060,361,100682,100,100021,161,100764,100,100017,161,100774,100,99990,100,100777,100,99988,100,100786,100,99978,100,100965,100,99953,100
2019-06-28 09:54:40.000000000,100190,605,100189,344,100325,100,100175,200,100357,100,100074,100,100597,100,100060,300,100682,100,100021,100,100764,100,100017,100,100774,100,99990,100,100777,100,99988,100,100786,100,99978,100,100965,100,99953,100
2019-06-28 09:54:50.000000000,100190,376,100189,115,100325,176,100175,276,100357,176,100074,176,100597,176,100060,376,100682,100,100021,100,100764,100,100017,100,100774,100,99990,100,100777,100,99988,100,100786,100,99978,100,100965,100,99953,100
2019-06-28 09:55:00.000000000,100190,376,100189,115,100325,176,100175,276,100357,176,100074,176,100597,176,100060,376,100682,100,100021,100,100764,100,100017,100,100774,100,99990,100,100777,100,99988,100,100786,100,99978,100,100965,100,99953,100
2019-06-28 09:55:09.264227861,100190,376,100189,115,100325,176,100175,276,100357,176,100074,176,100586,100,100060,376,100597,176,100021,100,100682,100,100017,100,100764,100,99990,100,100774,100,99978,100,100777,100,99953,100,100786,100,99949,100
2019-06-28 09:55:10.000000000,100190,361,100189,100,100325,161,100175,261,100357,161,100074,161,100586,161,100060,361,100597,161,100021,161,100682,100,100017,100,100764,100,99990,100,100774,100,99978,100,100777,100,99953,100,100786,100,99949,100
2019-06-28 09:55:13.637174143,100190,261,100189,100,100325,161,100175,261,100357,161,100074,161,100586,161,100060,361,100597,161,100021,161,100682,100,100017,100,100764,100,99990,100,100774,100,99978,100,100777,100,99953,100,100786,100,99949,100
2019-06-28 09:55:20.000000000,100190,304,100189,143,100325,201,100175,301,100357,201,100074,201,100586,100,100060,300,100597,100,100021,100,100682,100,100017,100,100764,100,99990,100,100774,100,99978,100,100777,100,99953,100,100786,100,99949,100
2019-06-28 09:55:20.406723728,100190,204,100189,143,100325,201,100175,301,100357,201,100074,201,100586,100,100060,300,100597,100,100021,100,100682,100,100017,100,100764,100,99990,100,100774,100,99978,100,100777,100,99953,100,100786,100,99949,100
2019-06-28 09:55:25.407752223,100190,104,100189,143,100325,201,100175,301,100357,201,100074,201,100597,100,100060,300,100682,100,100021,100,100764,100,100017,100,100774,100,99990,100,100777,100,99978,100,100786,100,99953,100,100965,100,99949,100
2019-06-28 09:55:30.000000000,100325,405,100189,344,100357,100,100175,200,100597,100,100074,100,100682,100,100060,300,100764,100,100021,100,100774,100,100017,100,100777,100,99990,100,100786,100,99978,100,100965,100,99953,100,101059,100,99949,100
2019-06-28 09:55:40.000000000,100325,204,100189,143,100357,201,100175,301,100597,201,100074,201,100682,100,100060,300,100764,100,100021,100,100774,100,100017,100,100777,100,99990,100,100786,100,99978,100,100965,100,99953,100,101059,100,99949,100
2019-06-28 09:55:43.661520287,100325,204,100189,143,100357,201,100175,301,100597,201,100074,201,100682,100,100060,300,100764,100,100021,100,100774,100,100017,100,100777,100,99990,100,100786,100,99978,100,100947,100,99953,100,100965,100,99949,100
2019-06-28 09:55:48.959413616,100325,104,100189,143,100357,201,100175,301,100597,201,100074,201,100682,100,100060,300,100764,100,100021,100,100774,100,100017,100,100777,100,99990,100,100786,100,99978,100,100947,100,99953,100,100965,100,99949,100
2019-06-28 09:55:50.000000000,100357,161,100189,100,100597,161,100175,261,100682,161,100074,161,100764,161,100060,361,100774,161,100021,161,100777,100,100017,100,100786,100,99990,100,100947,100,99978,100,100965,100,99953,100,101059,100,99949,100
2019-06-28 09:56:00.000000000,100357,176,100189,115,100597,176,100175,276,100682,176,100074,176,100764,176,100060,376,100774,100,100021,100,100777,100,100017,100,100786,100,99990,100,100947,100,99978,100,100965,100,99953,100,101059,100,99949,100
2019-06-28 09:56:10.000000000,100357,204,100189,143,100597,201,100175,301,100682,201,100074,201,100764,100,100060,300,100774,100,100021,100,100777,100,100017,100,100786,100,99990,100,100947,100,99978,100,100965,100,99953,100,101059,100,99949,100
2019-06-28 09:56:12.569157570,100357,104,100189,143,100597,201,100175,301,100682,201,100074,201,100764,100,100060,300,100774,100,100021,100,100777,100,100017,100,100786,100,99990,100,100947,100,99978,100,100965,100,99953,100,101059,100,99949,100
2019-06-28 09:56:20.000000000,100597,176,100189,115,100682,176,100175,276,100764,176,100074,176,100774,176,100060,376,100777,100,100021,100,100786,100,100017,100,100947,100,99990,100,100965,100,99978,100,101059,100,99953,100,,,99949,100
2019-06-28 09:56:24.804080197,100597,76,100189,115,100682,176,100175,276,100764,176,100074,176,100774,176,100060,376,100777,100,100021,100,100786,100,100017,100,100947,100,99990,100,100965,100,99978,100,,,99953,100,,,99949,100
2019-06-28 09:56:30.000000000,100682,252,100189,191,100764,252,100175,352,100774,100,100074,100,100777,100,100060,300,100786,100,100021,100,100947,100,100017,100,100965,100,99990,100,,,99978,100,,,99953,100,,,99949,100
2019-06-28 09:56:40.000000000,100682,405,100189,344,100764,100,100175,200,100774,100,100074,100,100777,100,100060,300,100786,100,100021,100,100947,100,100017,100,100965,100,99990,100,,,99978,100,,,99953,100,,,99949,100
2019-06-28 09:56:40.458502167,100682,405,100189,344,100764,100,100175,200,100774,100,100074,100,100777,100,100060,300,100786,100,100021,100,100934,100,100017,100,100947,100,99990,100,100965,100,99978,100,,,99953,100,,,99949,100
2019-06-28 09:56:41.030816810,100682,405,100357,100,100764,100,100189,344,100774,100,100175,200,100777,100,100074,100,100786,100,100060,300,100934,100,100021,100,100947,100,100017,100,100965,100,99990,100,,,99978,100,,,99953,100
2019-06-28 09:56:50.000000000,100682,161,100357,161,100764,161,100189,100,100774,161,100175,261,100777,161,100074,161,100786,161,100060,361,100934,100,100021,100,100947,100,100017,100,100965,100,99990,100,,,99978,100,,,99953,100
2019-06-28 09:57:00.000000000,100682,161,100357,161,100764,161,100189,100,100774,161,100175,261,100777,161,100074,161,100786,161,100060,361,100934,100,100021,100,100947,100,100017,100,100965,100,99990,100,,,99978,100,,,99953,100
2019-06-28 09:57:10.000000000,100682,176,100357,176,100764,176,100189,115,100774,176,100175,276,100777,176,100074,176,100786,100,100060,300,100934,100,100021,100,100947,100,100017,100,100965,100,99990,100,,,99978,100,,,99953,100
2019-06-28 09:57:20.000000000,100682,252,100357,252,100764,252,100189,191,100774,100,100175,200,100777,100,100074,100,100786,100,100060,300,100934,100,100021,100,100947,100,100017,100,100965,100,99990,100,,,99978,100,,,99953,100
2019-06-28 09:57:30.000000000,100682,176,100357,176,100764,176,100189,115,100774,176,100175,276,100777,176,100074,176,100786,100,100060,300,100934,100,100021,100,100947,100,100017,100,100965,100,99990,100,,,99978,100,,,99953,100
2019-06-28 09:57:40.000000000,100682,252,100357,252,100764,252,100189,191,100774,100,100175,200,100777,100,100074,100,100786,100,100060,300,100934,100,100021,100,100947,100,100017,100,100965,100,99990,100,,,99978,100,,,99953,100
2019-06-28 09:57:40.173986030,100682,152,100357,252,100764,252,100189,191,100774,100,100175,200,100777,100,100074,100,100786,100,100060,300,100934,100,100021,100,100947,100,99990,100,100965,100,99978,100,,,99953,100,,,99949,100
2019-06-28 09:57:50.000000000,100764,405,100357,405,100774,100,100189,39,100777,100,100175,200,100786,100,100074,100,100934,100,100060,300,100947,100,100021,100,100965,100,99990,100,,,99978,100,,,99953,100,,,99949,100
2019-06-28 09:58:00.000000000,100764,252,100357,252,100774,252,100189,191,100777,100,100175,200,100786,100,100074,100,100934,100,100060,300,100947,100,100021,100,100965,100,99990,100,,,99978,100,,,99953,100,,,99949,100
2019-06-28 09:58:04.192757243,100751,100,100357,252,100764,252,100189,191,100774,252,100175,200,100777,100,100060,300,100786,100,100021,100,100934,100,99990,100,100947,100,99978,100,100965,100,99953,100,,,99949,100,,,99933,100
2019-06-28 09:58:10.000000000,100751,252,100357,252,100764,252,100189,191,100774,100,100175,200,100777,100,100060,300,100786,100,100021,100,100934,100,99990,100,100947,100,99978,100,100965,100,99953,100,,,99949,100,,,99933,100
2019-06-28 09:58:18.439899991,100706,100,100357,252,100751,252,100189,191,100764,252,100175,200,100774,100,100060,300,100777,100,100021,100,100786,100,99990,100,100934,100,99978,100,100947,100,99953,100,100965,100,99949,100,,,99933,100
2019-06-28 09:58:20.000000000,100706,252,100357,252,100751,252,100189,191,100764,100,100175,200,100774,100,100060,300,100777,100,100021,100,100786,100,99990,100,100934,100,99978,100,100947,100,99953,100,100965,100,99949,100,,,99933,100
2019-06-28 09:58:30.000000000,100706,161,100357,161,100751,161,100189,100,100764,161,100175,261,100774,161,100060,361,100777,161,100021,161,100786,100,99990,100,100934,100,99978,100,100947,100,99953,100,100965,100,99949,100,,,99933,100
2019-06-28 09:58:40.000000000,100706,176,100357,176,100751,176,100189,115,100764,176,100175,276,100774,176,100060,376,100777,100,100021,100,100786,100,99990,100,100934,100,99978,100,100947,100,99953,100,100965,100,99949,100,,,99933,100
2019-06-28 09:58:47.946841161,100706,176,100357,176,100751,176,100189,115,100764,176,100175,276,100774,176,100060,376,100777,100,100021,100,100786,100,99990,100,100934,100,99978,100,100947,100,99953,100,100965,100,99949,100,,,99933,100
2019-06-28 09:58:50.000000000,100706,252,100357,252,100751,252,100189,191,100764,100,100175,200,100774,100,100060,300,100777,100,100021,100,100786,100,99990,100,100934,100,99978,100,100947,100,99953,100,100965,100,99949,100,,,99933,100
2019-06-28 09:58:53.646882393,100596,100,100357,252,100706,252,100189,191,100751,252,100175,200,100764,100,100060,300,100774,100,100021,100,100777,100,99990,100,100786,100,99978,100,100934,100,99953,100,100947,100,99949,100,100965,100,99933,100
2019-06-28 09:59:00.000000000,100596,252,100357,252,100706,252,100189,191,100751,100,100175,200,100764,100,100060,300,100774,100,100021,100,100777,100,99990,100,100786,100,99978,100,100934,100,99953,100,100947,100,99949,100,100965,100,99933,100
2019-06-28 09:59:04.940620439,100596,252,100357,252,100706,252,100328,100,100751,100,100189,191,100764,100,100175,200,100774,100,100060,300,100777,100,100021,100,100786,100,99990,100,100934,100,99978,100,100947,100,99953,100,100965,100,99949,100
2019-06-28 09:59:10.000000000,100596,252,100357,252,100706,252,100328,252,100751,100,100189,39,100764,100,100175,200,100774,100,100060,300,100777,100,100021,100,100786,100,99990,100,100934,100,99978,100,100947,100,99953,100,100965,100,99949,100
2019-06-28 09:59:10.185072644,100596,252,100357,152,100706,252,100328,252,100751,100,100189,39,100764,100,100175,200,100774,100,100060,300,100777,100,100021,100,100786,100,99990,100,100934,100,99978,100,100947,100,99953,100,100965,100,99949,100
2019-06-28 09:59:20.000000000,100596,405,100328,405,100706,100,100189,39,100751,100,100175,200,100764,100,100060,300,100774,100,100021,100,100777,100,99990,100,100786,100,99978,100,100934,100,99953,100,100947,100,99949,100,100965,100,99933,100
2019-06-28 09:59:21.325619169,100596,405,100470,100,100706,100,100328,405,100751,100,100189,39,100764,100,100175,200,100774,100,100060,300,100777,100,100021,100,100786,100,99990,100,100934,100,99978,100,100947,100,99953,100,100965,100,99949,100
2019-06-28 09:59:30.000000000,100596,252,100470,252,100706,252,100328,252,100751,100,100189,39,100764,100,100175,200,100774,100,100060,300,100777,100,100021,100,100786,100,99990,100,100934,100,99978,100,100947,100,99953,100,100965,100,99949,100
2019-06-28 09:59:40.000000000,100596,405,100470,405,100706,100,100328,100,100751,100,100189,39,100764,100,100175,200,100774,100,100060,300,100777,100,100021,100,100786,100,99990,100,100934,100,99978,100,100947,100,99953,100,100965,100,99949,100
2019-06-28 09:59:50.000000000,100596,176,100470,176,100706,176,100328,176,100751,176,100189,115,100764,176,100175,276,100774,100,100060,300,100777,100,100021,100,100786,100,99990,100,100934,100,99978,100,100947,100,99953,100,100965,100,99949,100
2019-06-28 09:59:58.277512564,100595,100,100470,176,100596,176,100328,176,100706,176,100189,115,100751,176,100175,276,100764,176,100060,200,100774,100,100021,100,100777,100,99990,100,100786,100,99978,100,100934,100,99953,100,100947,100,99949,100
2019-06-28 10:00:00.000000000,100595,252,100470,252,100596,252,100328,252,100706,100,100189,39,100751,100,100175,200,100764,100,100060,200,100774,100,100021,100,100777,100,99990,100,100786,100,99978,100,100934,100,99953,100,100947,100,99949,100
2019-06-28 10:00:09.529398804,100473,100,100470,252,100595,252,100328,252,100596,252,100189,39,100706,100,100175,200,100751,100,100060,200,100764,100,100021,100,100774,100,99990,100,100777,100,99978,100,100786,100,99953,100,100934,100,99949,100
2019-06-28 10:00:10.000000000,100473,176,100470,176,100595,176,100328,176,100596,176,100189,115,100706,176,100175,276,100751,100,100060,200,100764,100,100021,100,100774,100,99990,100,100777,100,99978,100,100786,100,99953,100,100934,100,99949,100
2019-06-28 10:00:10.560015203,100473,176,100470,176,100595,176,100328,176,100596,176,100232,100,100706,176,100189,115,100751,100,100175,276,100764,100,100060,200,100774,100,100021,100,100777,100,99990,100,100786,100,99978,100,100934,100,99953,100
2019-06-28 10:00:16.129685737,100473,176,100470,176,100595,176,100328,176,100596,176,100232,100,100706,176,100189,115,100751,100,100175,276,100764,100,100096,100,100774,100,100060,200,100777,100,100021,100,100786,100,99990,100,100934,100,99978,100
2019-06-28 10:00:20.000000000,100473,176,100470,176,100595,176,100328,176,100596,176,100232,176,100706,176,100189,115,100751,100,100175,200,100764,100,100096,100,100774,100,100060,200,100777,100,100021,100,100786,100,99990,100,100934,100,99978,100
2019-06-28 10:00:30.000000000,100473,405,100470,405,100595,100,100328,100,100596,100,100232,100,100706,100,100189,39,100751,100,100175,200,100764,100,100096,100,100774,100,100060,200,100777,100,100021,100,100786,100,99990,100,100934,100,99978,100
2019-06-28 10:00:40.000000000,100473,176,100470,176,100595,176,100328,176,100596,176,100232,176,100706,176,100189,115,100751,100,100175,200,100764,100,100096,100,100774,100,100060,200,100777,100,100021,100,100786,100,99990,100,100934,100,99978,100
2019-06-28 10:00:44.100466089,100473,176,100470,76,100595,176,100328,176,100596,176,100232,176,100706,76,100189,115,100751,100,100175,200,100764,100,100096,100,100774,100,100060,200,100777,100,100021,100,100786,100,99990,100,100934,100,99978,100
2019-06-28 10:00:50.000000000,100473,161,100328,161,100595,161,100232,161,100596,161,100189,100,100751,161,100175,261,100764,161,100096,161,100774,100,100060,200,100777,100,100021,100,100786,100,99990,100,100934,100,99978,100,100947,100,99953,100
2019-06-28 10:01:00.000000000,100473,176,100328,176,100595,176,100232,176,100596,176,100189,115,100751,176,100175,276,100764,100,100096,100,100774,100,100060,200,100777,100,100021,100,100786,100,99990,100,100934,100,99978,100,100947,100,99953,100
2019-06-28 10:01:10.000000000,100473,405,100328,405,100595,100,100232,100,100596,100,100189,39,100751,100,100175,200,100764,100,100096,100,100774,100,100060,200,100777,100,100021,100,100786,100,99990,100,100934,100,99978,100,100947,100,99953,100
2019-06-28 10:01:20.000000000,100473,204,100328,204,100595,201,100232,201,100596,201,100189,140,100751,100,100175,200,100764,100,100096,100,100774,100,100060,200,100777,100,100021,100,100786,100,99990,100,100934,100,99978,100,100947,100,99953,100
2019-06-28 10:01:27.931415713,100473,204,100328,204,100595,201,100232,201,100596,201,100189,140,100751,100,100175,200,100764,100,100096,100,100774,100,100060,200,100777,100,100021,100,100786,100,99990,100,100934,100,99978,100,100947,100,99953,100
2019-06-28 10:01:30.000000000,100473,252,100328,252,100595,252,100232,252,100596,100,100189,39,100751,100,100175,200,100764,100,100096,100,100774,100,100060,200,100777,100,100021,100,100786,100,99990,100,100934,100,99978,100,100947,100,99953,100
2019-06-28 10:01:40.000000000,100473,161,100328,161,100595,161,100232,161,100596,161,100189,100,100751,161,100175,261,100764,161,100096,161,100774,100,100060,200,100777,100,100021,100,100786,100,99990,100,100934,100,99978,100,100947,100,99953,100
2019-06-28 10:01:41.440860456,100473,161,100328,61,100595,161,100232,161,100596,161,100189,100,100751,161,100175,261,100764,161,100096,161,100774,100,100060,100,100777,100,100021,100,100786,100,99990,100,100934,100,99978,100,100947,100,99953,100
2019-06-28 10:01:50.000000000,100473,252,100232,252,100595,252,100189,191,100596,100,100175,200,100751,100,100096,100,100764,100,100060,100,100774,100,100021,100,100777,100,99990,100,100786,100,99978,100,100934,100,99953,100,100947,100,99949,100
2019-06-28 10:01:57.095930905,100473,252,100232,252,100595,252,100189,191,100596,100,100175,200,100751,100,100096,100,100764,100,100060,100,100774,100,100021,100,100777,100,99990,100,100786,100,99978,100,100934,100,99953,100,100947,100,99949,100
2019-06-28 10:02:00.000000000,100473,405,100232,405,100595,100,100189,39,100596,100,100175,200,100751,100,100096,100,100764,100,100060,100,100774,100,100021,100,100777,100,99990,100,100786,100,99978,100,100934,100,99953,100,100947,100,99949,100
2019-06-28 10:02:01.350685942,100473,405,100232,405,100595,100,100189,39,100596,100,100175,200,100751,100,100096,100,100764,100,100060,100,100774,100,99990,100,100777,100,99978,100,100786,100,99953,100,100934,100,99949,100,100947,100,99933,100
2019-06-28 10:02:10.000000000,100473,204,100232,204,100595,201,100189,140,100596,201,100175,301,100751,100,100096,100,100764,100,100060,100,100774,100,99990,100,100777,100,99978,100,100786,100,99953,100,100934,100,99949,100,100947,100,99933,100
2019-06-28 10:02:20.000000000,100473,176,100232,176,100595,176,100189,115,100596,176,100175,276,100751,176,100096,176,100764,100,100060,100,100774,100,99990,100,100777,100,99978,100,100786,100,99953,100,100934,100,99949,100,100947,100,99933,100
2019-06-28 10:02:30.000000000,100473,204,100232,204,100595,201,100189,140,100596,201,100175,301,100751,100,100096,100,100764,100,100060,100,100774,100,99990,100,100777,100,99978,100,100786,100,99953,100,100934,100,99949,100,100947,100,99933,100
2019-06-28 10:02:39.520998288,100470,100,100232,204,100473,204,100189,140,100595,201,100175,301,100596,201,100096,100,100751,100,100060,100,100764,100,99990,100,100774,100,99978,100,100777,100,99953,100,100786,100,99949,100,100934,100,99933,100
2019-06-28 10:02:40.000000000,100470,252,100232,252,100473,252,100189,191,100595,100,100175,200,100596,100,100096,100,100751,100,100060,100,100764,100,99990,100,100774,100,99978,100,100777,100,99953,100,100786,100,99949,100,100934,100,99933,100
2019-06-28 10:02:50.000000000,100470,161,100232,161,100473,161,100189,100,100595,161,100175,261,100596,161,100096,161,100751,161,100060,161,100764,100,99990,100,100774,100,99978,100,100777,100,99953,100,100786,100,99949,100,100934,100,99933,100
2019-06-28 10:02:50.231477424,100470,161,100281,100,100473,161,100232,161,100595,161,100189,100,100596,161,100175,261,100751,161,100096,161,100764,100,100060,161,100774,100,99990,100,100777,100,99978,100,100786,100,99953,100,100934,100,99949,100
2019-06-28 10:02:53.303036326,100470,161,100281,100,100473,161,100232,161,100595,161,100189,100,100596,161,100175,261,100751,161,100096,161,100764,100,100060,161,100774,100,100047,100,100777,100,99990,100,100786,100,99978,100,100934,100,99953,100
2019-06-28 10:03:00.000000000,100470,161,100281,161,100473,161,100232,161,100595,161,100189,100,100596,161,100175,261,100751,161,100096,161,100764,100,100060,100,100774,100,100047,100,100777,100,99990,100,100786,100,99978,100,100934,100,99953,100
2019-06-28 10:03:04.911357223,100470,161,100281,161,100473,161,100232,161,100595,161,100189,100,100596,161,100175,261,100751,161,100096,161,100764,100,100060,100,100774,100,100047,100,100777,100,99990,100,100786,100,99978,100,100934,100,99970,100
2019-06-28 10:03:10.000000000,100470,161,100281,161,100473,161,100232,161,100595,161,100189,100,100596,161,100175,261,100751,161,100096,161,100764,100,100060,100,100774,100,100047,100,100777,100,99990,100,100786,100,99978,100,100934,100,99970,100
2019-06-28 10:03:11.689412213,100470,161,100281,161,100473,161,100232,161,100595,161,100189,100,100596,161,100175,261,100751,161,100096,161,100764,100,100047,100,100774,100,99990,100,100777,100,99978,100,100786,100,99970,100,100934,100,99953,100
2019-06-28 10:03:18.059920214,100470,161,100365,100,100473,161,100281,161,100595,161,100232,161,100596,161,100189,100,100751,161,100175,261,100764,100,100096,161,100774,100,100047,100,100777,100,99990,100,100786,100,99978,100,100934,100,99970,100
2019-06-28 10:03:20.000000000,100470,252,100365,252,100473,252,100281,252,100595,100,100232,100,100596,100,100189,39,100751,100,100175,200,100764,100,100096,100,100774,100,100047,100,100777,100,99990,100,100786,100,99978,100,100934,100,99970,100
2019-06-28 10:03:30.000000000,100470,176,100365,176,100473,176,100281,176,100595,176,100232,176,100596,176,100189,115,100751,100,100175,200,100764,100,100096,100,100774,100,100047,100,100777,100,99990,100,100786,100,99978,100,100934,100,99970,100
2019-06-28 10:03:35.167586332,100470,176,100365,176,100473,176,100329,100,100595,176,100281,176,100596,176,100232,176,100751,100,100189,115,100764,100,100175,200,100774,100,100096,100,100777,100,100047,100,100786,100,99990,100,100934,100,99978,100
2019-06-28 10:03:38.157708725,100440,100,100365,176,100470,176,100329,100,100473,176,100281,176,100595,176,100232,176,100596,176,100189,115,100751,100,100175,200,100764,100,100096,100,100774,100,100047,100,100777,100,99990,100,100786,100,99978,100
2019-06-28 10:03:40.000000000,100440,204,100365,204,100470,201,100329,201,100473,201,100281,201,100595,100,100232,100,100596,100,100189,39,100751,100,100175,200,100764,100,100096,100,100774,100,100047,100,100777,100,99990,100,100786,100,99978,100
2019-06-28 10:03:50.000000000,100440,252,100365,252,100470,252,100329,252,100473,100,100281,100,100595,100,100232,100,100596,100,100189,39,100751,100,100175,200,100764,100,100096,100,100774,100,100047,100,100777,100,99990,100,100786,100,99978,100
2019-06-28 10:04:00.000000000,100440,204,100365,204,100470,201,100329,201,100473,201,100281,201,100595,100,100232,100,100596,100,100189,39,100751,100,100175,200,100764,100,100096,100,100774,100,100047,100,100777,100,99990,100,100786,100,99978,100
2019-06-28 10:04:08.521532418,100440,204,100365,204,100470,201,100329,201,100473,201,100281,201,100595,100,100232,100,100596,100,100189,39,100751,100,100175,200,100764,100,100096,100,100774,100,100047,100,100777,100,99990,100,100786,100,99978,100
2019-06-28 10:04:10.000000000,100440,176,100365,176,100470,176,100329,176,100473,176,100281,176,100595,176,100232,176,100596,100,100189,39,100751,100,100175,200,100764,100,100096,100,100774,100,100047,100,100777,100,99990,100,100786,100,99978,100
2019-06-28 10:04:20.000000000,100440,161,100365,161,100470,161,100329,161,100473,161,100281,161,100595,161,100232,161,100596,161,100189,100,100751,100,100175,200,100764,100,100096,100,100774,100,100047,100,100777,100,99990,100,100786,100,99978,100
2019-06-28 10:04:20.021041207,100440,161,100365,61,100470,161,100329,161,100473,161,100281,161,100595,161,100232,161,100596,161,100189,100,100751,100,100175,200,100764,100,100096,100,100768,100,100047,100,100774,100,99990,100,100777,100,99978,100
2019-06-28 10:04:30.000000000,100440,405,100329,405,100470,100,100281,100,100473,100,100232,100,100595,100,100189,39,100596,100,100175,200,100751,100,100096,100,100764,100,100047,100,100768,100,99990,100,100774,100,99978,100,100777,100,99970,100
2019-06-28 10:04:40.000000000,100440,161,100329,161,100470,161,100281,161,100473,161,100232,161,100595,161,100189,100,100596,161,100175,261,100751,100,100096,100,100764,100,100047,100,100768,100,99990,100,100774,100,99978,100,100777,100,99970,100
2019-06-28 10:04:50.000000000,100440,252,100329,252,100470,252,100281,252,100473,100,100232,100,100595,100,100189,39,100596,100,100175,200,100751,100,100096,100,100764,100,100047,100,100768,100,99990,100,100774,100,99978,100,100777,100,99970,100
2019-06-28 10:05:00.000000000,100440,176,100329,176,100470,176,100281,176,100473,176,100232,176,100595,176,100189,115,100596,100,100175,200,100751,100,100096,100,100764,100,100047,100,100768,100,99990,100,100774,100,99978,100,100777,100,99970,100
2019-06-28 10:05:02.460753397,100440,176,100329,176,100470,276,100281,176,100473,176,100232,176,100595,176,100189,115,100596,100,100175,200,100751,100,100096,100,100764,100,100047,100,100768,100,99990,100,100774,100,99978,100,100777,100,99970,100
2019-06-28 10:05:10.000000000,100440,204,100329,204,100470,301,100281,201,100473,201,100232,201,100595,100,100189,39,100596,100,100175,200,100751,100,100096,100,100764,100,100047,100,100768,100,99990,100,100774,100,99978,100,100777,100,99970,100
2019-06-28 10:05:20.000000000,100440,161,100329,161,100470,261,100281,161,100473,161,100232,161,100595,161,100189,100,100596,161,100175,261,100751,100,100096,100,100764,100,100047,100,100768,100,99990,100,100774,100,99978,100,100777,100,99970,100
2019-06-28 10:05:22.599646887,100440,161,100329,161,100470,261,100281,161,100473,161,100232,161,100595,161,100189,100,100596,161,100175,261,100751,100,100096,100,100764,100,100073,100,100768,100,100047,100,100774,100,99990,100,100777,100,99978,100
2019-06-28 10:05:27.571898377,100440,161,100329,161,100470,261,100281,61,100473,161,100232,161,100595,161,100189,100,100596,161,100175,261,100751,100,100104,100,100764,100,100096,100,100768,100,100073,100,100774,100,100047,100,100777,100,99990,100
2019-06-28 10:05:30.000000000,100440,204,100329,204,100470,301,100232,201,100473,201,100189,140,100595,100,100175,200,100596,100,100104,100,100751,100,100096,100,100764,100,100073,100,100768,100,100047,100,100774,100,99990,100,100777,100,99978,100
2019-06-28 10:05:39.943061736,100440,204,100329,204,100470,301,100232,201,100473,201,100189,140,100595,100,100175,200,100596,100,100104,100,100751,100,100096,100,100764,100,100073,100,100768,100,100047,100,100774,100,99990,100,100786,100,99978,100
2019-06-28 10:05:40.000000000,100440,405,100329,405,100470,200,100232,100,100473,100,100189,39,100595,100,100175,200,100596,100,100104,100,100751,100,100096,100,100764,100,100073,100,100768,100,100047,100,100774,100,99990,100,100786,100,99978,100
2019-06-28 10:05:50.000000000,100440,204,100329,204,100470,301,100232,201,100473,201,100189,140,100595,100,100175,200,100596,100,100104,100,100751,100,100096,100,100764,100,100073,100,100768,100,100047,100,100774,100,99990,100,100786,100,99978,100
2019-06-28 10:05:56.618539425,100440,204,100329,204,100470,301,100232,201,100473,201,100189,140,100595,100,100175,200,100596,100,100118,100,100751,100,100104,100,100764,100,100096,100,100768,100,100073,100,100774,100,100047,100,100786,100,99990,100
2019-06-28 10:06:00.000000000,100440,176,100329,176,100470,276,100232,176,100473,176,100189,115,100595,176,100175,276,100596,100,100118,100,100751,100,100104,100,100764,100,100096,100,100768,100,100073,100,100774,100,100047,100,100786,100,99990,100
2019-06-28 10:06:10.000000000,100440,204,100329,204,100470,301,100232,201,100473,201,100189,140,100595,100,100175,200,100596,100,100118,100,100751,100,100104,100,100764,100,100096,100,100768,100,100073,100,100774,100,100047,100,100786,100,99990,100
2019-06-28 10:06:20.000000000,100440,176,100329,176,100470,276,100232,176,100473,176,100189,115,100595,176,100175,276,100596,100,100118,100,100751,100,100104,100,100764,100,100096,100,100768,100,100073,100,100774,100,100047,100,100786,100,99990,100
2019-06-28 10:06:23.867205049,100440,176,100329,176,100470,276,100232,176,100473,176,100189,115,100595,176,100175,276,100596,100,100118,100,100751,100,100104,100,100764,100,100096,100,100768,100,100073,100,100774,100,100047,100,100786,100,99990,100
2019-06-28 10:06:30.000000000,100440,161,100329,161,100470,261,100232,161,100473,161,100189,100,100595,161,100175,261,100596,161,100118,161,100751,100,100104,100,100764,100,100096,100,100768,100,100073,100,100774,100,100047,100,100786,100,99990,100
2019-06-28 10:06:40.000000000,100440,204,100329,204,100470,301,100232,201,100473,201,100189,140,100595,100,100175,200,100596,100,100118,100,100751,100,100104,100,100764,100,100096,100,100768,100,100073,100,100774,100,100047,100,100786,100,99990,100
2019-06-28 10:06:43.004219823,100440,204,100329,104,100470,301,100232,201,100473,201,100189,140,100595,100,100175,200,100596,100,100118,100,100751,100,100104,100,100764,100,100096,100,100768,100,100073,100,100774,100,100047,100,100786,100,99990,100
2019-06-28 10:06:50.000000000,100440,176,100232,176,100470,276,100189,115,100473,176,100175,276,100595,176,100118,176,100596,100,100104,100,100751,100,100096,100,100764,100,100073,100,100768,100,100047,100,100774,100,99990,100,100786,100,99978,100
2019-06-28 10:07:00.000000000,100440,161,100232,161,100470,261,100189,100,100473,161,100175,261,100595,161,100118,161,100596,161,100104,161,100751,100,100096,100,100764,100,100073,100,100768,100,100047,100,100774,100,99990,100,100786,100,99978,100
