,ask_price_1,ask_size_1,bid_price_1,bid_size_1,ask_price_2,ask_size_2,bid_price_2,bid_size_2,ask_price_3,ask_size_3,bid_price_3,bid_size_3,ask_price_4,ask_size_4,bid_price_4,bid_size_4,ask_price_5,ask_size_5,bid_price_5,bid_size_5,ask_price_6,ask_size_6,bid_price_6,bid_size_6,ask_price_7,ask_size_7,bid_price_7,bid_size_7,ask_price_8,ask_size_8,bid_price_8,bid_size_8,ask_price_9,ask_size_9,bid_price_9,bid_size_9,ask_price_10,ask_size_10,bid_price_10,bid_size_10
2019-06-28 09:30:00.000000000,,,100032,100,,,99896,100,,,,,,,,,,,,,,,,,,,,,,,,,,,,,,,,
2019-06-28 09:30:00.000000001,,,99916,100,,,99896,100,,,,,,,,,,,,,,,,,,,,,,,,,,,,,,,,
2019-06-28 09:30:00.000000002,,,99916,100,,,99896,100,,,99831,100,,,,,,,,,,,,,,,,,,,,,,,,,,,,
2019-06-28 09:30:00.000000003,100067,100,99916,100,,,99896,100,,,99831,100,,,,,,,,,,,,,,,,,,,,,,,,,,,,
2019-06-28 09:30:00.000000004,100067,100,99923,100,,,99916,100,,,99896,100,,,99831,100,,,,,,,,,,,,,,,,,,,,,,,,
2019-06-28 09:30:00.000000006,100067,100,99923,100,100144,100,99916,100,,,99896,100,,,99831,100,,,,,,,,,,,,,,,,,,,,,,,,
2019-06-28 09:30:00.000000009,100067,100,99945,100,100144,100,99923,100,,,99916,200,,,99896,100,,,99831,100,,,,,,,,,,,,,,,,,,,,
2019-06-28 09:30:00.000000012,100067,100,99923,100,100144,100,99916,200,,,99896,100,,,99831,100,,,,,,,,,,,,,,,,,,,,,,,,
2019-06-28 09:30:00.000000015,100067,100,99944,100,100144,100,99923,100,,,99916,200,,,99896,100,,,99831,100,,,,,,,,,,,,,,,,,,,,
2019-06-28 09:30:00.000000016,100032,100,99944,100,100067,100,99923,100,100144,100,99916,200,,,99896,100,,,99831,100,,,,,,,,,,,,,,,,,,,,
2019-06-28 09:30:00.000000017,100032,100,99945,100,100067,100,99944,100,100144,100,99923,100,,,99916,200,,,99896,100,,,99831,100,,,,,,,,,,,,,,,,
2019-06-28 09:30:00.000000018,100032,100,99945,100,100067,100,99944,100,100144,100,99934,100,,,99923,100,,,99916,200,,,99896,100,,,99831,100,,,,,,,,,,,,
2019-06-28 09:30:00.000000019,100023,100,99945,100,100032,100,99944,100,100067,100,99934,100,100144,100,99923,100,,,99916,200,,,99896,100,,,99831,100,,,,,,,,,,,,
2019-06-28 09:30:00.000000022,100023,100,99945,100,100032,100,99944,100,100067,100,99934,100,100083,100,99923,100,100144,100,99916,200,,,99896,100,,,99831,100,,,,,,,,,,,,
2019-06-28 09:30:00.000000026,100023,100,99945,100,100032,100,99944,100,100067,100,99934,100,100083,100,99923,100,100144,100,99919,100,,,99916,200,,,99896,100,,,99831,100,,,,,,,,
2019-06-28 09:30:00.000000028,100010,100,99945,100,100023,100,99944,100,100032,100,99934,100,100067,100,99923,100,100083,100,99919,100,100144,100,99916,200,,,99905,100,,,99896,100,,,99831,100,,,,
2019-06-28 09:30:00.000000029,100010,100,99945,100,100023,100,99944,100,100032,100,99934,100,100067,100,99923,100,100083,100,99919,100,100089,100,99916,200,100144,100,99905,100,,,99896,100,,,99831,100,,,,
2019-06-28 09:30:00.000000030,100010,100,99945,100,100023,100,99944,100,100032,200,99934,100,100067,100,99923,100,100070,100,99919,100,100083,100,99916,200,100089,100,99905,100,100144,100,99896,100,,,99831,100,,,,
2019-06-28 09:30:00.000000032,100010,100,99945,100,100023,100,99944,100,100032,200,99937,100,100067,100,99934,100,100070,100,99923,100,100083,100,99919,100,100089,100,99916,200,100144,100,99905,100,,,99896,100,,,99831,100
2019-06-28 09:30:00.000000037,100010,100,99945,100,100023,100,99944,100,100032,400,99937,100,100067,100,99934,100,100070,100,99923,100,100083,100,99919,100,100089,100,99916,200,100144,100,99905,100,,,99896,100,,,99831,100
2019-06-28 09:30:00.000000040,100010,100,99982,100,100012,100,99945,100,100023,100,99944,100,100032,400,99937,100,100057,100,99934,100,100067,100,99923,100,100070,100,99919,100,100083,100,99916,200,100089,100,99905,100,100144,100,99896,100
2019-06-28 09:30:00.000000042,100012,100,99982,100,100023,100,99945,100,100032,400,99944,100,100057,100,99937,100,100067,100,99934,100,100070,100,99923,100,100083,100,99919,100,100089,100,99916,200,100129,100,99905,100,100137,100,99896,100
2019-06-28 09:30:00.000000043,100012,100,99982,100,100023,100,99945,100,100032,400,99944,100,100047,100,99937,100,100057,100,99934,100,100067,100,99923,100,100070,100,99919,100,100083,100,99916,200,100089,100,99905,100,100129,100,99896,100
2019-06-28 09:30:00.000000044,100012,100,99982,100,100023,100,99945,100,100032,400,99944,100,100047,100,99937,100,100057,100,99934,100,100067,100,99923,100,100070,100,99919,100,100083,100,99916,200,100085,100,99905,100,100089,100,99896,100
2019-06-28 09:30:00.000000046,100010,100,99982,100,100012,100,99945,100,100023,100,99944,100,100032,400,99937,100,100047,100,99934,100,100057,100,99923,100,100067,100,99919,100,100070,100,99916,200,100083,100,99905,100,100085,100,99896,100
2019-06-28 09:30:00.000000049,100010,100,99983,100,100012,100,99982,100,100023,100,99945,100,100032,400,99944,100,100047,100,99937,100,100057,100,99934,100,100067,100,99923,100,100070,100,99919,100,100083,100,99916,200,100085,100,99905,100
2019-06-28 09:30:00.000000051,100010,100,99983,100,100012,100,99982,100,100023,100,99945,100,100032,400,99944,200,100047,100,99937,100,100057,100,99934,100,100067,100,99923,100,100070,100,99919,100,100083,100,99916,200,100085,100,99905,100
2019-06-28 09:30:00.000000053,100010,100,99983,100,100012,100,99982,100,100023,100,99945,100,100032,400,99944,200,100047,100,99937,100,100057,100,99934,100,100058,100,99923,100,100067,100,99919,100,100070,100,99916,200,100083,100,99905,100
2019-06-28 09:30:00.000000055,100010,100,99983,100,100012,100,99982,100,100023,100,99945,100,100032,400,99944,200,100047,100,99937,100,100057,100,99934,100,100058,100,99923,100,100067,100,99922,100,100070,100,99919,100,100083,100,99916,200
2019-06-28 09:30:00.000000060,100010,200,99983,100,100012,100,99982,100,100023,100,99945,100,100032,400,99944,200,100047,100,99937,100,100057,100,99934,100,100058,100,99923,100,100067,100,99922,100,100070,100,99919,100,100083,100,99916,200
2019-06-28 09:30:00.000000061,100010,100,99983,100,100012,100,99982,100,100023,100,99945,100,100032,400,99944,200,100047,100,99937,100,100057,100,99934,100,100058,100,99923,100,100067,100,99922,100,100070,100,99919,100,100083,100,99916,200
2019-06-28 09:30:00.000000062,100010,100,99983,100,100012,100,99982,100,100023,100,99960,100,100032,400,99945,100,100047,100,99944,200,100057,100,99937,100,100058,100,99934,100,100067,100,99923,100,100070,100,99922,100,100083,100,99919,100
2019-06-28 09:30:00.000000064,100010,200,99983,100,100012,100,99982,100,100023,100,99960,100,100032,400,99945,100,100047,100,99944,200,100057,100,99937,100,100058,100,99934,100,100067,100,99923,100,100070,100,99922,100,100083,100,99919,100
2019-06-28 09:30:00.000000065,100010,200,99983,100,100012,100,99982,100,100023,100,99960,100,100032,400,99945,100,100047,100,99944,200,100057,100,99937,100,100058,100,99934,100,100067,100,99923,100,100070,100,99922,100,100083,100,99919,100
2019-06-28 09:30:00.000000066,100010,200,99983,100,100012,100,99982,100,100023,100,99960,100,100032,400,99945,100,100047,100,99944,200,100052,100,99937,100,100057,100,99934,100,100058,100,99923,100,100067,100,99922,100,100070,100,99919,100
2019-06-28 09:30:00.000000068,100010,200,99983,100,100012,100,99982,100,100023,100,99960,100,100032,400,99945,100,100047,100,99944,200,100052,100,99937,100,100057,100,99934,100,100058,100,99923,100,100067,100,99922,100,100070,100,99919,100
2019-06-28 09:30:00.000000071,100010,200,99983,100,100012,100,99982,100,100023,100,99960,100,100032,400,99945,100,100047,100,99944,200,100052,100,99937,100,100057,100,99934,100,100058,100,99925,100,100067,100,99923,100,100070,100,99922,100
2019-06-28 09:30:00.000000072,100010,200,99983,100,100012,100,99982,100,100023,100,99960,100,100032,400,99945,100,100047,100,99944,200,100052,100,99937,100,100057,100,99934,100,100058,100,99925,100,100067,100,99923,100,100070,100,99922,100
2019-06-28 09:30:00.000000085,100010,200,99983,100,100012,100,99982,100,100023,100,99960,100,100032,400,99945,100,100041,100,99944,200,100047,100,99937,100,100052,100,99934,100,100057,100,99931,100,100058,100,99925,100,100063,100,99923,100
2019-06-28 09:30:00.000000086,100005,100,99983,100,100010,200,99982,100,100012,100,99960,100,100023,100,99945,100,100032,400,99944,200,100041,100,99937,100,100047,100,99934,100,100052,100,99931,100,100057,100,99925,100,100058,100,99923,100
2019-06-28 09:30:00.000000087,100010,200,99983,100,100012,100,99982,100,100023,100,99960,100,100032,400,99945,100,100041,100,99944,200,100047,100,99937,100,100052,100,99934,100,100057,100,99931,100,100058,100,99925,100,100063,100,99923,100
2019-06-28 09:30:00.000000092,100010,200,99983,100,100012,100,99982,100,100023,100,99974,100,100032,400,99960,100,100041,100,99945,100,100047,100,99944,200,100052,100,99937,100,100057,100,99934,100,100058,100,99931,100,100063,100,99925,100
2019-06-28 09:30:00.000000093,100010,200,99983,100,100012,100,99982,100,100023,100,99974,100,100032,400,99960,100,100041,100,99945,100,100047,100,99944,200,100052,100,99937,100,100057,100,99934,100,100058,100,99931,100,100063,100,99925,100
2019-06-28 09:30:00.000000095,100010,200,100005,100,100012,100,99983,100,100023,100,99982,100,100032,400,99974,100,100041,100,99960,100,100047,100,99945,100,100052,100,99944,200,100057,100,99937,100,100058,100,99934,100,100063,100,99931,100
2019-06-28 09:30:00.000000096,100010,200,100005,100,100012,100,99983,100,100023,100,99982,100,100032,400,99974,100,100041,100,99960,100,100047,100,99956,100,100052,100,99945,100,100057,100,99944,200,100058,100,99937,100,100063,100,99934,100
2019-06-28 09:30:00.000000097,100009,100,100005,100,100010,200,99983,100,100012,100,99982,100,100023,100,99974,100,100032,400,99960,100,100041,100,99956,100,100047,100,99945,100,100052,100,99944,200,100057,100,99937,100,100058,100,99934,100
2019-06-28 09:30:00.000000098,100009,200,100005,100,100010,200,99983,100,100012,100,99982,100,100023,100,99974,100,100032,400,99960,100,100041,100,99956,100,100047,100,99945,100,100052,100,99944,200,100057,100,99937,100,100058,100,99934,100
2019-06-28 09:30:00.000000099,100009,200,100005,100,100010,200,99983,100,100012,100,99982,100,100023,100,99974,100,100032,400,99960,100,100041,100,99956,100,100047,100,99945,100,100052,100,99944,200,100057,100,99937,100,100058,100,99934,100
2019-06-28 09:30:10.000000000,100009,426,100005,326,100010,426,99983,326,100012,100,99982,100,100023,100,99974,100,100032,400,99960,100,100041,100,99956,100,100047,100,99945,100,100052,100,99944,200,100057,100,99937,100,100058,100,99934,100
2019-06-28 09:30:20.000000000,100009,313,100005,213,100010,313,99983,213,100012,213,99982,213,100023,213,99974,213,100032,400,99960,100,100041,100,99956,100,100047,100,99945,100,100052,100,99944,200,100057,100,99937,100,100058,100,99934,100
2019-06-28 09:30:27.947661487,100009,313,100005,213,100010,313,99983,113,100012,213,99982,213,100023,213,99974,213,100032,400,99960,100,100041,100,99956,100,100047,100,99945,100,100052,100,99944,200,100057,100,99937,100,100058,100,99934,100
2019-06-28 09:30:28.961055247,100009,313,100005,213,100010,313,99983,113,100012,213,99982,213,100023,213,99974,213,100032,400,99960,100,100041,100,99956,100,100047,100,99945,100,100052,100,99944,200,100057,100,99937,100,100058,100,99934,100
2019-06-28 09:30:30.000000000,100009,313,100005,213,100010,313,99982,213,100012,213,99974,213,100023,213,99960,213,100032,400,99956,100,100041,100,99945,100,100047,100,99944,200,100052,100,99937,100,100057,100,99934,100,100058,100,99931,100
2019-06-28 09:30:40.000000000,100009,313,100005,213,100010,313,99982,213,100012,213,99974,213,100023,213,99960,213,100032,400,99956,100,100041,100,99945,100,100047,100,99944,200,100052,100,99937,100,100057,100,99934,100,100058,100,99931,100
2019-06-28 09:30:50.000000000,100009,426,100005,326,100010,426,99982,326,100012,100,99974,100,100023,100,99960,100,100032,400,99956,100,100041,100,99945,100,100047,100,99944,200,100052,100,99937,100,100057,100,99934,100,100058,100,99931,100
2019-06-28 09:31:00.000000000,100009,290,100005,190,100010,290,99982,190,100012,190,99974,190,100023,190,99960,190,100032,490,99956,190,100041,100,99945,100,100047,100,99944,200,100052,100,99937,100,100057,100,99934,100,100058,100,99931,100
2019-06-28 09:31:04.273207964,100009,190,100005,190,100010,290,99982,190,100012,190,99974,190,100023,190,99960,190,100032,490,99956,190,100041,100,99945,100,100047,100,99944,200,100052,100,99937,100,100057,100,99934,100,100058,100,99931,100
2019-06-28 09:31:10.000000000,100009,213,100005,213,100010,313,99982,213,100012,213,99974,213,100023,213,99960,213,100032,400,99956,100,100041,100,99945,100,100047,100,99944,200,100052,100,99937,100,100057,100,99934,100,100058,100,99931,100
2019-06-28 09:31:16.453248134,100009,213,100005,213,100010,313,99982,213,100012,213,99974,213,100023,213,99960,213,100032,300,99956,100,100041,100,99945,100,100047,100,99944,200,100052,100,99937,100,100057,100,99934,100,100058,100,99931,100
2019-06-28 09:31:18.629798136,100009,213,100005,213,100010,313,99982,213,100012,213,99974,213,100023,213,99960,213,100032,300,99956,100,100041,100,99945,100,100047,100,99944,100,100052,100,99937,100,100057,100,99934,100,100058,100,99931,100
2019-06-28 09:31:20.000000000,100009,254,100005,254,100010,349,99982,249,100012,249,99974,249,100023,100,99960,100,100032,300,99956,100,100041,100,99945,100,100047,100,99944,100,100052,100,99937,100,100057,100,99934,100,100058,100,99931,100
2019-06-28 09:31:20.508928356,100009,154,100005,254,100010,349,99982,249,100012,249,99974,249,100023,100,99960,100,100032,300,99956,100,100041,100,99945,100,100047,100,99944,100,100052,100,99937,100,100058,100,99934,100,100063,100,99931,100
2019-06-28 09:31:30.000000000,100010,354,100005,254,100012,249,99982,249,100023,249,99974,249,100032,300,99960,100,100041,100,99956,100,100047,100,99945,100,100052,100,99944,100,100058,100,99937,100,100063,100,99934,100,100067,100,99931,100
2019-06-28 09:31:40.000000000,100010,313,100005,213,100012,213,99982,213,100023,213,99974,213,100032,413,99960,213,100041,100,99956,100,100047,100,99945,100,100052,100,99944,100,100058,100,99937,100,100063,100,99934,100,100067,100,99931,100
2019-06-28 09:31:47.829601989,100010,213,100005,213,100012,213,99982,213,100023,213,99974,213,100032,413,99960,213,100041,100,99956,100,100047,100,99945,100,100052,100,99944,100,100058,100,99937,100,100063,100,99934,100,100067,100,99931,100
2019-06-28 09:31:49.635075612,100010,113,100005,213,100012,213,99982,213,100023,213,99974,213,100032,413,99960,213,100041,100,99956,100,100047,100,99945,100,100052,100,99944,100,100058,100,99937,100,100063,100,99934,100,100067,100,99931,100
2019-06-28 09:31:50.000000000,100012,326,100005,326,100023,326,99982,326,100032,300,99974,100,100041,100,99960,100,100047,100,99956,100,100052,100,99945,100,100058,100,99944,100,100063,100,99937,100,100067,100,99934,100,100079,100,99931,100
2019-06-28 09:31:53.078451037,100012,326,100005,326,100023,326,99982,326,100032,300,99974,100,100041,100,99960,100,100047,100,99956,100,100052,100,99945,100,100058,100,99944,100,100063,100,99937,100,100067,100,99934,100,100079,100,99931,100
2019-06-28 09:32:00.000000000,100012,213,100005,213,100023,213,99982,213,100032,413,99974,213,100041,213,99960,213,100047,100,99956,100,100052,100,99945,100,100058,100,99944,100,100063,100,99937,100,100067,100,99934,100,100079,100,99931,100
2019-06-28 09:32:03.191059058,100012,213,100005,213,100023,213,99982,213,100032,413,99974,213,100041,213,99960,213,100047,100,99956,100,100052,100,99945,100,100058,100,99944,100,100063,100,99937,100,100067,100,99934,100,100079,100,99931,100
2019-06-28 09:32:03.967344112,100012,213,100005,213,100023,213,99982,213,100032,413,99974,213,100041,213,99960,213,100047,100,99945,100,100052,100,99944,100,100058,100,99937,100,100063,100,99934,100,100067,100,99931,100,100079,100,99925,100
2019-06-28 09:32:04.943816837,100012,213,100005,213,100023,213,99982,213,100032,413,99974,213,100041,213,99960,113,100047,100,99945,100,100052,100,99944,100,100058,100,99937,100,100063,100,99934,100,100067,100,99931,100,100079,100,99925,100
2019-06-28 09:32:10.000000000,100012,213,100005,213,100023,213,99982,213,100032,413,99974,213,100041,213,99945,213,100047,100,99944,100,100052,100,99937,100,100058,100,99934,100,100063,100,99931,100,100067,100,99925,100,100079,100,99923,100
2019-06-28 09:32:20.000000000,100012,213,100005,213,100023,213,99982,213,100032,413,99974,213,100041,213,99945,213,100047,100,99944,100,100052,100,99937,100,100058,100,99934,100,100063,100,99931,100,100067,100,99925,100,100079,100,99923,100
2019-06-28 09:32:29.506271927,100012,213,100005,213,100023,213,99982,213,100032,413,99974,213,100041,213,99945,213,100047,100,99944,100,100052,100,99937,100,100058,100,99934,100,100063,100,99931,100,100067,100,99923,100,100079,100,99922,100
2019-06-28 09:32:30.000000000,100012,254,100005,254,100023,249,99982,249,100032,449,99974,249,100041,100,99945,100,100047,100,99944,100,100052,100,99937,100,100058,100,99934,100,100063,100,99931,100,100067,100,99923,100,100079,100,99922,100
2019-06-28 09:32:40.000000000,100012,552,100005,552,100023,100,99982,100,100032,300,99974,100,100041,100,99945,100,100047,100,99944,100,100052,100,99937,100,100058,100,99934,100,100063,100,99931,100,100067,100,99923,100,100079,100,99922,100
2019-06-28 09:32:50.000000000,100012,254,100005,254,100023,249,99982,249,100032,449,99974,249,100041,100,99945,100,100047,100,99944,100,100052,100,99937,100,100058,100,99934,100,100063,100,99931,100,100067,100,99923,100,100079,100,99922,100
2019-06-28 09:33:00.000000000,100012,552,100005,552,100023,100,99982,100,100032,300,99974,100,100041,100,99945,100,100047,100,99944,100,100052,100,99937,100,100058,100,99934,100,100063,100,99931,100,100067,100,99923,100,100079,100,99922,100
2019-06-28 09:33:10.000000000,100012,213,100005,213,100023,213,99982,213,100032,413,99974,213,100041,213,99945,213,100047,100,99944,100,100052,100,99937,100,100058,100,99934,100,100063,100,99931,100,100067,100,99923,100,100079,100,99922,100
2019-06-28 09:33:20.000000000,100012,326,100005,326,100023,326,99982,326,100032,300,99974,100,100041,100,99945,100,100047,100,99944,100,100052,100,99937,100,100058,100,99934,100,100063,100,99931,100,100067,100,99923,100,100079,100,99922,100
2019-06-28 09:33:30.000000000,100012,190,100005,190,100023,190,99982,190,100032,390,99974,190,100041,190,99945,190,100047,190,99944,190,100052,100,99937,100,100058,100,99934,100,100063,100,99931,100,100067,100,99923,100,100079,100,99922,100
2019-06-28 09:33:32.352491041,100012,190,100005,190,100023,190,99982,190,100032,390,99974,190,100041,190,99945,190,100047,190,99944,190,100052,100,99937,100,100058,100,99934,100,100063,100,99931,100,100067,100,99923,100,100079,100,99922,100
2019-06-28 09:33:40.000000000,100012,552,100005,552,100023,100,99982,100,100032,300,99974,100,100041,100,99945,100,100047,100,99944,100,100052,100,99937,100,100058,100,99934,100,100063,100,99931,100,100067,100,99923,100,100079,100,99922,100
2019-06-28 09:33:50.000000000,100012,326,100005,326,100023,326,99982,326,100032,300,99974,100,100041,100,99945,100,100047,100,99944,100,100052,100,99937,100,100058,100,99934,100,100063,100,99931,100,100067,100,99923,100,100079,100,99922,100
2019-06-28 09:34:00.000000000,100012,254,100005,254,100023,249,99982,249,100032,449,99974,249,100041,100,99945,100,100047,100,99944,100,100052,100,99937,100,100058,100,99934,100,100063,100,99931,100,100067,100,99923,100,100079,100,99922,100
2019-06-28 09:34:01.016390880,100012,154,100005,254,100023,249,99982,249,100032,449,99974,249,100041,100,99945,100,100047,100,99944,100,100052,100,99937,100,100058,100,99934,100,100063,100,99931,100,100067,100,99923,100,100079,100,99922,100
2019-06-28 09:34:10.000000000,100023,213,100005,213,100032,413,99982,213,100041,213,99974,213,100047,213,99945,213,100052,100,99944,100,100058,100,99937,100,100063,100,99934,100,100067,100,99931,100,100079,100,99923,100,100085,100,99922,100
2019-06-28 09:34:14.642463434,100023,213,100005,213,100032,413,99982,213,100041,213,99974,213,100047,213,99945,213,100052,100,99944,100,100058,100,99937,100,100063,100,99934,100,100067,100,99931,100,100079,100,99923,100,100085,100,99922,100
2019-06-28 09:34:15.584994707,100023,113,100005,213,100032,413,99982,213,100041,213,99974,213,100047,213,99945,213,100052,100,99944,100,100058,100,99937,100,100063,100,99934,100,100067,100,99931,100,100079,100,99923,100,100085,100,99922,100
2019-06-28 09:34:19.593856574,100023,113,100005,213,100032,413,99982,213,100041,213,99974,213,100047,213,99945,213,100052,100,99944,100,100058,100,99937,100,100063,100,99934,100,100067,100,99931,100,100079,100,99923,100,100085,100,99922,100
2019-06-28 09:34:20.000000000,100032,413,100005,213,100041,213,99982,213,100047,213,99974,213,100052,213,99945,213,100058,100,99944,100,100063,100,99937,100,100067,100,99934,100,100079,100,99931,100,100085,100,99923,100,100088,100,99922,100
2019-06-28 09:34:30.000000000,100032,390,100005,190,100041,190,99982,190,100047,190,99974,190,100052,190,99945,190,100058,190,99944,190,100063,100,99937,100,100067,100,99934,100,100079,100,99931,100,100085,100,99923,100,100088,100,99922,100
2019-06-28 09:34:40.000000000,100032,752,100005,552,100041,100,99982,100,100047,100,99974,100,100052,100,99945,100,100058,100,99944,100,100063,100,99937,100,100067,100,99934,100,100079,100,99931,100,100085,100,99923,100,100088,100,99922,100
2019-06-28 09:34:50.000000000,100032,413,100005,213,100041,213,99982,213,100047,213,99974,213,100052,213,99945,213,100058,100,99944,100,100063,100,99937,100,100067,100,99934,100,100079,100,99931,100,100085,100,99923,100,100088,100,99922,100
2019-06-28 09:35:00.000000000,100032,526,100005,326,100041,326,99982,326,100047,100,99974,100,100052,100,99945,100,100058,100,99944,100,100063,100,99937,100,100067,100,99934,100,100079,100,99931,100,100085,100,99923,100,100088,100,99922,100
2019-06-28 09:35:06.771068350,100032,526,100005,326,100041,326,99982,326,100047,100,99974,100,100052,100,99945,100,100058,100,99944,100,100063,100,99937,100,100067,100,99934,100,100079,100,99931,100,100088,100,99923,100,100089,200,99922,100
2019-06-28 09:35:10.000000000,100032,454,100005,254,100041,249,99982,249,100047,249,99974,249,100052,100,99945,100,100058,100,99944,100,100063,100,99937,100,100067,100,99934,100,100079,100,99931,100,100088,100,99923,100,100089,200,99922,100
2019-06-28 09:35:20.000000000,100032,390,100005,190,100041,190,99982,190,100047,190,99974,190,100052,190,99945,190,100058,190,99944,190,100063,100,99937,100,100067,100,99934,100,100079,100,99931,100,100088,100,99923,100,100089,200,99922,100
2019-06-28 09:35:30.000000000,100032,413,100005,213,100041,213,99982,213,100047,213,99974,213,100052,213,99945,213,100058,100,99944,100,100063,100,99937,100,100067,100,99934,100,100079,100,99931,100,100088,100,99923,100,100089,200,99922,100
2019-06-28 09:35:40.000000000,100032,390,100005,190,100041,190,99982,190,100047,190,99974,190,100052,190,99945,190,100058,190,99944,190,100063,100,99937,100,100067,100,99934,100,100079,100,99931,100,100088,100,99923,100,100089,200,99922,100
2019-06-28 09:35:50.000000000,100032,454,100005,254,100041,249,99982,249,100047,249,99974,249,100052,100,99945,100,100058,100,99944,100,100063,100,99937,100,100067,100,99934,100,100079,100,99931,100,100088,100,99923,100,100089,200,99922,100
2019-06-28 09:35:50.050609285,100032,454,100012,100,100041,249,100005,254,100047,249,99982,249,100052,100,99974,249,100058,100,99945,100,100063,100,99944,100,100067,100,99937,100,100079,100,99934,100,100088,100,99931,100,100089,200,99923,100
2019-06-28 09:35:58.240454034,100032,454,100012,100,100041,249,100005,254,100047,249,99982,249,100052,100,99974,249,100058,100,99945,100,100063,100,99944,100,100079,100,99937,100,100088,100,99934,100,100089,200,99931,100,100129,100,99923,100
2019-06-28 09:35:59.383620951,100032,354,100012,100,100041,249,100005,254,100047,249,99982,249,100052,100,99974,249,100058,100,99945,100,100063,100,99944,100,100079,100,99937,100,100088,100,99934,100,100089,200,99931,100,100129,100,99923,100
2019-06-28 09:36:00.000000000,100032,354,100012,254,100041,249,100005,249,100047,249,99982,249,100052,100,99974,100,100058,100,99945,100,100063,100,99944,100,100079,100,99937,100,100088,100,99934,100,100089,200,99931,100,100129,100,99923,100
2019-06-28 09:36:10.000000000,100032,354,100012,254,100041,249,100005,249,100047,249,99982,249,100052,100,99974,100,100058,100,99945,100,100063,100,99944,100,100079,100,99937,100,100088,100,99934,100,100089,200,99931,100,100129,100,99923,100
2019-06-28 09:36:20.000000000,100032,290,100012,190,100041,190,100005,190,100047,190,99982,190,100052,190,99974,190,100058,190,99945,190,100063,100,99944,100,100079,100,99937,100,100088,100,99934,100,100089,200,99931,100,100129,100,99923,100
2019-06-28 09:36:30.000000000,100032,426,100012,326,100041,326,100005,326,100047,100,99982,100,100052,100,99974,100,100058,100,99945,100,100063,100,99944,100,100079,100,99937,100,100088,100,99934,100,100089,200,99931,100,100129,100,99923,100
2019-06-28 09:36:40.000000000,100032,354,100012,254,100041,249,100005,249,100047,249,99982,249,100052,100,99974,100,100058,100,99945,100,100063,100,99944,100,100079,100,99937,100,100088,100,99934,100,100089,200,99931,100,100129,100,99923,100
2019-06-28 09:36:50.000000000,100032,426,100012,326,100041,326,100005,326,100047,100,99982,100,100052,100,99974,100,100058,100,99945,100,100063,100,99944,100,100079,100,99937,100,100088,100,99934,100,100089,200,99931,100,100129,100,99923,100
2019-06-28 09:36:52.089717502,100032,326,100012,326,100041,326,100005,326,100047,100,99982,100,100058,100,99974,100,100063,100,99945,100,100079,100,99944,100,100088,100,99937,100,100089,200,99934,100,100129,100,99931,100,100133,100,99923,100
2019-06-28 09:36:59.010992513,100032,326,100012,326,100041,326,100005,326,100047,100,99982,100,100058,100,99974,100,100063,100,99945,100,100079,100,99944,100,100088,100,99937,100,100089,200,99934,100,100129,100,99931,100,100133,100,99923,100
2019-06-28 09:37:00.000000000,100032,326,100012,326,100041,326,100005,326,100047,100,99982,100,100058,100,99974,100,100063,100,99945,100,100079,100,99944,100,100088,100,99937,100,100089,200,99934,100,100129,100,99931,100,100133,100,99923,100
2019-06-28 09:37:10.000000000,100032,254,100012,254,100041,249,100005,249,100047,249,99982,249,100058,100,99974,100,100063,100,99945,100,100079,100,99944,100,100088,100,99937,100,100089,200,99934,100,100129,100,99931,100,100133,100,99923,100
2019-06-28 09:37:20.000000000,100032,254,100012,254,100041,249,100005,249,100047,249,99982,249,100058,100,99974,100,100063,100,99945,100,100079,100,99944,100,100088,100,99937,100,100089,200,99934,100,100129,100,99931,100,100133,100,99923,100
2019-06-28 09:37:23.006500725,100032,154,100012,254,100041,249,100005,249,100047,249,99982,249,100058,100,99974,100,100063,100,99945,100,100079,100,99937,100,100088,100,99934,100,100089,200,99931,100,100129,100,99923,100,100133,100,99922,100
2019-06-28 09:37:30.000000000,100041,254,100012,254,100047,249,100005,249,100058,249,99982,249,100063,100,99974,100,100079,100,99945,100,100088,100,99937,100,100089,200,99934,100,100129,100,99931,100,100133,100,99923,100,100137,100,99922,100
2019-06-28 09:37:39.797547939,100041,254,100032,100,100047,249,100012,254,100058,249,100005,249,100063,100,99982,249,100079,100,99974,100,100088,100,99945,100,100089,200,99937,100,100129,100,99934,100,100133,100,99931,100,100137,100,99923,100
2019-06-28 09:37:40.000000000,100041,326,100032,326,100047,326,100012,326,100058,100,100005,100,100063,100,99982,100,100079,100,99974,100,100088,100,99945,100,100089,200,99937,100,100129,100,99934,100,100133,100,99931,100,100137,100,99923,100
2019-06-28 09:37:50.000000000,100041,552,100032,552,100047,100,100012,100,100058,100,100005,100,100063,100,99982,100,100079,100,99974,100,100088,100,99945,100,100089,200,99937,100,100129,100,99934,100,100133,100,99931,100,100137,100,99923,100
2019-06-28 09:38:00.000000000,100041,213,100032,213,100047,213,100012,213,100058,213,100005,213,100063,213,99982,213,100079,100,99974,100,100088,100,99945,100,100089,200,99937,100,100129,100,99934,100,100133,100,99931,100,100137,100,99923,100
2019-06-28 09:38:06.162956736,100041,213,100032,313,100047,213,100012,213,100058,213,100005,213,100063,213,99982,213,100079,100,99974,100,100088,100,99945,100,100089,200,99937,100,100129,100,99934,100,100133,100,99931,100,100137,100,99923,100
2019-06-28 09:38:10.000000000,100041,552,100032,652,100047,100,100012,100,100058,100,100005,100,100063,100,99982,100,100079,100,99974,100,100088,100,99945,100,100089,200,99937,100,100129,100,99934,100,100133,100,99931,100,100137,100,99923,100
2019-06-28 09:38:20.000000000,100041,552,100032,652,100047,100,100012,100,100058,100,100005,100,100063,100,99982,100,100079,100,99974,100,100088,100,99945,100,100089,200,99937,100,100129,100,99934,100,100133,100,99931,100,100137,100,99923,100
2019-06-28 09:38:21.689222948,100041,552,100032,752,100047,100,100012,100,100058,100,100005,100,100063,100,99982,100,100079,100,99974,100,100088,100,99945,100,100089,200,99937,100,100129,100,99934,100,100133,100,99931,100,100137,100,99923,100
2019-06-28 09:38:27.884436973,100041,452,100032,752,100047,100,100012,100,100058,100,100005,100,100063,100,99982,100,100088,100,99974,100,100089,200,99945,100,100129,100,99937,100,100133,100,99934,100,100137,100,99931,100,100161,100,99923,100
2019-06-28 09:38:30.000000000,100047,190,100032,390,100058,190,100012,190,100063,190,100005,190,100088,190,99982,190,100089,290,99974,190,100129,100,99945,100,100133,100,99937,100,100137,100,99934,100,100161,100,99931,100,100181,100,99923,100
2019-06-28 09:38:40.000000000,100047,213,100032,413,100058,213,100012,213,100063,213,100005,213,100088,213,99982,213,100089,200,99974,100,100129,100,99945,100,100133,100,99937,100,100137,100,99934,100,100161,100,99931,100,100181,100,99923,100
2019-06-28 09:38:43.169475054,100047,213,100032,413,100058,213,100012,213,100063,213,100005,213,100088,213,99982,213,100089,200,99974,100,100129,100,99937,100,100133,100,99934,100,100137,100,99931,100,100161,100,99923,100,100181,100,99922,100
2019-06-28 09:38:50.000000000,100047,326,100032,526,100058,326,100012,326,100063,100,100005,100,100088,100,99982,100,100089,200,99974,100,100129,100,99937,100,100133,100,99934,100,100137,100,99931,100,100161,100,99923,100,100181,100,99922,100
2019-06-28 09:39:00.000000000,100047,326,100032,526,100058,326,100012,326,100063,100,100005,100,100088,100,99982,100,100089,200,99974,100,100129,100,99937,100,100133,100,99934,100,100137,100,99931,100,100161,100,99923,100,100181,100,99922,100
2019-06-28 09:39:04.011751517,100047,326,100032,526,100058,326,100012,326,100063,100,100005,100,100088,100,99982,100,100089,200,99974,100,100129,100,99937,100,100133,100,99934,100,100137,100,99931,100,100161,100,99923,100,100181,100,99922,100
2019-06-28 09:39:10.000000000,100047,326,100032,526,100058,326,100012,326,100063,100,100005,100,100088,100,99982,100,100089,200,99974,100,100129,100,99937,100,100133,100,99934,100,100137,100,99931,100,100161,100,99923,100,100181,100,99922,100
2019-06-28 09:39:10.526903410,100047,326,100032,526,100058,326,100012,326,100063,100,100005,100,100088,100,99982,100,100089,200,99974,100,100129,100,99937,100,100133,100,99934,100,100137,100,99931,100,100161,100,99923,100,100181,100,99922,100
2019-06-28 09:39:20.000000000,100047,254,100032,454,100058,249,100012,249,100063,249,100005,249,100088,100,99982,100,100089,200,99974,100,100129,100,99937,100,100133,100,99934,100,100137,100,99931,100,100161,100,99923,100,100181,100,99922,100
2019-06-28 09:39:22.919107566,100047,254,100032,454,100058,249,100012,249,100063,249,100005,249,100088,200,99982,100,100089,200,99974,100,100129,100,99937,100,100133,100,99934,100,100137,100,99931,100,100161,100,99923,100,100181,100,99922,100
2019-06-28 09:39:23.365811094,100047,254,100033,100,100058,249,100032,454,100063,249,100012,249,100088,200,100005,249,100089,200,99982,100,100129,100,99974,100,100133,100,99937,100,100137,100,99934,100,100161,100,99931,100,100181,100,99923,100
2019-06-28 09:39:30.000000000,100047,552,100033,552,100058,100,100032,300,100063,100,100012,100,100088,200,100005,100,100089,200,99982,100,100129,100,99974,100,100133,100,99937,100,100137,100,99934,100,100161,100,99931,100,100181,100,99923,100
2019-06-28 09:39:40.000000000,100047,326,100033,326,100058,326,100032,526,100063,100,100012,100,100088,200,100005,100,100089,200,99982,100,100129,100,99974,100,100133,100,99937,100,100137,100,99934,100,100161,100,99931,100,100181,100,99923,100
2019-06-28 09:39:50.000000000,100047,190,100033,190,100058,190,100032,390,100063,190,100012,190,100088,290,100005,190,100089,290,99982,190,100129,100,99974,100,100133,100,99937,100,100137,100,99934,100,100161,100,99931,100,100181,100,99923,100
2019-06-28 09:40:00.000000000,100047,552,100033,552,100058,100,100032,300,100063,100,100012,100,100088,200,100005,100,100089,200,99982,100,100129,100,99974,100,100133,100,99937,100,100137,100,99934,100,100161,100,99931,100,100181,100,99923,100
2019-06-28 09:40:03.790393093,100047,552,100033,452,100058,100,100032,300,100063,100,100012,100,100088,200,100005,100,100089,100,99982,100,100129,100,99974,100,100133,100,99937,100,100137,100,99934,100,100161,100,99931,100,100181,100,99923,100
2019-06-28 09:40:06.961994088,100047,452,100033,452,100058,100,100032,300,100063,100,100012,100,100088,200,100005,100,100089,100,99982,100,100129,100,99974,100,100133,100,99937,100,100137,100,99934,100,100161,100,99931,100,100181,100,99923,100
2019-06-28 09:40:10.000000000,100058,254,100032,454,100063,249,100012,249,100088,349,100005,249,100089,100,99982,100,100129,100,99974,100,100133,100,99937,100,100137,100,99934,100,100161,100,99931,100,100181,100,99923,100,100228,100,99922,100
2019-06-28 09:40:20.000000000,100058,190,100032,390,100063,190,100012,190,100088,290,100005,190,100089,190,99982,190,100129,190,99974,190,100133,100,99937,100,100137,100,99934,100,100161,100,99931,100,100181,100,99923,100,100228,100,99922,100
2019-06-28 09:40:30.000000000,100058,254,100032,454,100063,249,100012,249,100088,349,100005,249,100089,100,99982,100,100129,100,99974,100,100133,100,99937,100,100137,100,99934,100,100161,100,99931,100,100181,100,99923,100,100228,100,99922,100
2019-06-28 09:40:35.109633928,100058,254,100034,100,100063,249,100032,454,100088,349,100012,249,100089,100,100005,249,100129,100,99982,100,100133,100,99974,100,100137,100,99937,100,100161,100,99934,100,100181,100,99931,100,100228,100,99923,100
2019-06-28 09:40:36.844971953,100058,154,100034,100,100063,249,100032,454,100088,349,100012,249,100089,100,100005,249,100129,100,99982,100,100133,100,99974,100,100137,100,99937,100,100161,100,99934,100,100181,100,99931,100,100228,100,99923,100
2019-06-28 09:40:40.000000000,100063,190,100034,190,100088,290,100032,390,100089,190,100012,190,100129,190,100005,190,100133,190,99982,190,100137,100,99974,100,100161,100,99937,100,100181,100,99934,100,100228,100,99931,100,100232,100,99923,100
2019-06-28 09:40:50.000000000,100063,190,100034,190,100088,290,100032,390,100089,190,100012,190,100129,190,100005,190,100133,190,99982,190,100137,100,99974,100,100161,100,99937,100,100181,100,99934,100,100228,100,99931,100,100232,100,99923,100
2019-06-28 09:40:51.775422039,100063,90,100034,190,100088,290,100032,390,100089,190,100012,190,100129,190,100005,190,100133,190,99982,190,100137,100,99974,100,100161,100,99937,100,100181,100,99934,100,100228,100,99931,100,100232,100,99923,100
2019-06-28 09:40:59.407515023,100063,90,100058,100,100088,290,100034,190,100089,190,100032,390,100129,190,100012,190,100133,190,100005,190,100137,100,99982,190,100161,100,99974,100,100181,100,99937,100,100228,100,99934,100,100232,100,99931,100
2019-06-28 09:41:00.000000000,100088,313,100058,213,100089,213,100034,213,100129,213,100032,413,100133,213,100012,213,100137,100,100005,100,100161,100,99982,100,100181,100,99974,100,100228,100,99937,100,100232,100,99934,100,100296,100,99931,100
2019-06-28 09:41:10.000000000,100088,290,100058,190,100089,190,100034,190,100129,190,100032,390,100133,190,100012,190,100137,190,100005,190,100161,100,99982,100,100181,100,99974,100,100228,100,99937,100,100232,100,99934,100,100296,100,99931,100
2019-06-28 09:41:20.000000000,100088,426,100058,326,100089,326,100034,326,100129,100,100032,300,100133,100,100012,100,100137,100,100005,100,100161,100,99982,100,100181,100,99974,100,100228,100,99937,100,100232,100,99934,100,100296,100,99931,100
2019-06-28 09:41:29.308488167,100088,426,100058,426,100089,326,100034,326,100129,100,100032,300,100133,100,100012,100,100137,100,100005,100,100161,100,99982,100,100181,100,99974,100,100228,100,99937,100,100232,100,99934,100,100296,100,99931,100
2019-06-28 09:41:30.000000000,100088,426,100058,426,100089,326,100034,326,100129,100,100032,300,100133,100,100012,100,100137,100,100005,100,100161,100,99982,100,100181,100,99974,100,100228,100,99937,100,100232,100,99934,100,100296,100,99931,100
2019-06-28 09:41:31.724832637,100088,426,100058,426,100089,326,100034,326,100129,100,100032,300,100133,100,100012,100,100137,100,100005,100,100161,100,99982,100,100181,100,99974,100,100219,100,99937,100,100228,100,99934,100,100232,100,99931,100
2019-06-28 09:41:40.000000000,100088,290,100058,290,100089,190,100034,190,100129,190,100032,390,100133,190,100012,190,100137,190,100005,190,100161,100,99982,100,100181,100,99974,100,100219,100,99937,100,100228,100,99934,100,100232,100,99931,100
2019-06-28 09:41:43.162288952,100088,290,100058,390,100089,190,100034,190,100129,190,100032,290,100133,190,100012,190,100137,190,100005,190,100161,100,99982,100,100181,100,99974,100,100219,100,99937,100,100228,100,99934,100,100232,100,99931,100
2019-06-28 09:41:49.384171880,100088,290,100058,390,100089,190,100034,190,100129,190,100032,290,100133,190,100012,190,100137,190,100005,190,100161,100,99982,100,100181,100,99974,100,100219,100,99937,100,100228,100,99934,100,100232,100,99931,100
2019-06-28 09:41:50.000000000,100088,313,100058,413,100089,213,100034,213,100129,213,100032,313,100133,213,100012,213,100137,100,100005,100,100161,100,99982,100,100181,100,99974,100,100219,100,99937,100,100228,100,99934,100,100232,100,99931,100
2019-06-28 09:41:55.203899539,100088,213,100058,413,100089,213,100034,213,100129,213,100032,313,100133,213,100012,213,100137,100,100005,100,100161,100,99982,100,100181,100,99974,100,100228,100,99937,100,100232,100,99934,100,100296,100,99931,100
2019-06-28 09:42:00.000000000,100088,254,100058,454,100089,249,100034,249,100129,249,100032,349,100133,100,100012,100,100137,100,100005,100,100161,100,99982,100,100181,100,99974,100,100228,100,99937,100,100232,100,99934,100,100296,100,99931,100
2019-06-28 09:42:07.788567398,100088,154,100058,454,100089,249,100034,249,100129,249,100032,349,100133,100,100012,100,100137,100,100005,100,100161,100,99982,100,100181,100,99974,100,100228,100,99937,100,100232,100,99934,100,100296,100,99931,100
2019-06-28 09:42:10.000000000,100089,552,100058,752,100129,100,100034,100,100133,100,100032,200,100137,100,100012,100,100161,100,100005,100,100181,100,99982,100,100228,100,99974,100,100232,100,99937,100,100296,100,99934,100,100490,100,99931,100
2019-06-28 09:42:13.119442156,100089,452,100058,752,100129,100,100034,100,100133,100,100032,200,100137,100,100012,100,100161,100,100005,100,100181,100,99982,100,100228,100,99974,100,100232,100,99937,100,100296,100,99934,100,100490,100,99923,100
2019-06-28 09:42:20.000000000,100129,552,100058,752,100133,100,100034,100,100137,100,100032,200,100161,100,100012,100,100181,100,100005,100,100228,100,99982,100,100232,100,99974,100,100296,100,99937,100,100490,100,99934,100,100592,100,99923,100
2019-06-28 09:42:30.000000000,100129,552,100058,752,100133,100,100034,100,100137,100,100032,200,100161,100,100012,100,100181,100,100005,100,100228,100,99982,100,100232,100,99974,100,100296,100,99937,100,100490,100,99934,100,100592,100,99923,100
2019-06-28 09:42:40.000000000,100129,213,100058,413,100133,213,100034,213,100137,213,100032,313,100161,213,100012,213,100181,100,100005,100,100228,100,99982,100,100232,100,99974,100,100296,100,99937,100,100490,100,99934,100,100592,100,99923,100
2019-06-28 09:42:40.933136404,100129,213,100058,413,100133,213,100034,213,100137,213,100032,313,100161,213,100012,213,100181,100,100005,100,100207,100,99982,100,100228,100,99974,100,100232,100,99937,100,100296,100,99934,100,100490,100,99923,100
2019-06-28 09:42:50.000000000,100129,552,100058,752,100133,100,100034,100,100137,100,100032,200,100161,100,100012,100,100181,100,100005,100,100207,100,99982,100,100228,100,99974,100,100232,100,99937,100,100296,100,99934,100,100490,100,99923,100
2019-06-28 09:43:00.000000000,100129,552,100058,752,100133,100,100034,100,100137,100,100032,200,100161,100,100012,100,100181,100,100005,100,100207,100,99982,100,100228,100,99974,100,100232,100,99937,100,100296,100,99934,100,100490,100,99923,100
2019-06-28 09:43:02.139999814,100129,552,100058,752,100133,100,100034,100,100137,100,100032,200,100161,100,100012,100,100181,100,100005,100,100207,100,99982,100,100228,100,99974,100,100232,100,99937,100,100296,100,99934,100,100307,100,99923,100
2019-06-28 09:43:10.000000000,100129,326,100058,526,100133,326,100034,326,100137,100,100032,200,100161,100,100012,100,100181,100,100005,100,100207,100,99982,100,100228,100,99974,100,100232,100,99937,100,100296,100,99934,100,100307,100,99923,100
2019-06-28 09:43:20.000000000,100129,190,100058,390,100133,190,100034,190,100137,190,100032,290,100161,190,100012,190,100181,190,100005,190,100207,100,99982,100,100228,100,99974,100,100232,100,99937,100,100296,100,99934,100,100307,100,99923,100
2019-06-28 09:43:28.707504146,100129,190,100058,390,100133,190,100034,190,100137,190,100032,290,100161,190,100029,100,100181,190,100012,190,100207,100,100005,190,100228,100,99982,100,100232,100,99974,100,100296,100,99937,100,100307,100,99934,100
2019-06-28 09:43:30.000000000,100129,190,100058,390,100133,190,100034,190,100137,190,100032,290,100161,190,100029,190,100181,190,100012,190,100207,100,100005,100,100228,100,99982,100,100232,100,99974,100,100296,100,99937,100,100307,100,99934,100
2019-06-28 09:43:30.350910724,100129,190,100058,290,100133,190,100034,190,100137,190,100032,290,100161,190,100029,190,100181,190,100012,190,100207,100,100005,100,100228,100,99982,100,100232,100,99974,100,100296,100,99937,100,100307,100,99934,100
2019-06-28 09:43:38.918694634,100129,190,100058,290,100133,190,100034,190,100137,190,100032,290,100161,190,100029,190,100181,190,100012,190,100207,100,100005,100,100228,100,99982,100,100232,100,99974,100,100296,100,99937,100,100307,100,99934,100
2019-06-28 09:43:40.000000000,100129,254,100058,354,100133,249,100034,249,100137,249,100032,349,100161,100,100029,100,100181,100,100012,100,100207,100,100005,100,100228,100,99982,100,100232,100,99974,100,100296,100,99937,100,100307,100,99934,100
2019-06-28 09:43:50.000000000,100129,552,100058,652,100133,100,100034,100,100137,100,100032,200,100161,100,100029,100,100181,100,100012,100,100207,100,100005,100,100228,100,99982,100,100232,100,99974,100,100296,100,99937,100,100307,100,99934,100
2019-06-28 09:44:00.000000000,100129,190,100058,290,100133,190,100034,190,100137,190,100032,290,100161,190,100029,190,100181,190,100012,190,100207,100,100005,100,100228,100,99982,100,100232,100,99974,100,100296,100,99937,100,100307,100,99934,100
2019-06-28 09:44:10.000000000,100129,552,100058,652,100133,100,100034,100,100137,100,100032,200,100161,100,100029,100,100181,100,100012,100,100207,100,100005,100,100228,100,99982,100,100232,100,99974,100,100296,100,99937,100,100307,100,99934,100
2019-06-28 09:44:12.059271503,100129,552,100059,100,100133,100,100058,652,100137,100,100034,100,100161,100,100032,200,100181,100,100029,100,100207,100,100012,100,100228,100,100005,100,100232,100,99982,100,100296,100,99974,100,100307,100,99937,100
2019-06-28 09:44:20.000000000,100129,213,100059,213,100133,213,100058,313,100137,213,100034,213,100161,213,100032,313,100181,100,100029,100,100207,100,100012,100,100228,100,100005,100,100232,100,99982,100,100296,100,99974,100,100307,100,99937,100
2019-06-28 09:44:25.107616663,100129,213,100059,213,100133,213,100058,313,100137,213,100034,213,100161,213,100032,313,100181,100,100029,100,100207,100,100012,100,100228,100,100005,100,100232,100,99982,100,100296,100,99974,100,100307,100,99937,100
2019-06-28 09:44:30.000000000,100129,213,100059,213,100133,213,100058,313,100137,213,100034,213,100161,213,100032,313,100181,100,100029,100,100207,100,100012,100,100228,100,100005,100,100232,100,99982,100,100296,100,99974,100,100307,100,99937,100
2019-06-28 09:44:30.444696035,100129,113,100059,213,100133,213,100058,313,100137,213,100034,213,100161,213,100032,313,100181,100,100029,100,100207,100,100012,100,100228,100,100005,100,100232,100,99982,100,100296,100,99974,100,100307,100,99937,100
2019-06-28 09:44:40.000000000,100133,552,100059,552,100137,100,100058,200,100161,100,100034,100,100181,100,100032,200,100207,100,100029,100,100228,100,100012,100,100232,100,100005,100,100296,100,99982,100,100307,100,99974,100,100490,100,99937,100
2019-06-28 09:44:40.911409761,100133,452,100059,552,100137,100,100058,200,100161,100,100034,100,100181,100,100032,200,100207,100,100029,100,100228,100,100012,100,100232,100,100005,100,100296,100,99982,100,100307,100,99974,100,100490,100,99937,100
2019-06-28 09:44:42.250799185,100133,352,100059,552,100137,100,100058,200,100161,100,100034,100,100207,100,100032,200,100228,100,100029,100,100232,100,100012,100,100296,100,100005,100,100307,100,99982,100,100490,100,99974,100,100592,100,99937,100
2019-06-28 09:44:50.000000000,100137,190,100059,190,100161,190,100058,290,100207,190,100034,190,100228,190,100032,290,100232,190,100029,190,100296,100,100012,100,100307,100,100005,100,100490,100,99982,100,100592,100,99974,100,100686,100,99937,100
2019-06-28 09:44:53.452341688,100137,190,100133,100,100161,190,100059,190,100207,190,100058,290,100228,190,100034,190,100232,190,100032,290,100296,100,100029,190,100307,100,100012,100,100490,100,100005,100,100592,100,99982,100,100686,100,99974,100
2019-06-28 09:44:59.489235065,100137,190,100133,100,100161,190,100059,190,100207,90,100058,290,100228,190,100034,190,100232,190,100032,290,100296,100,100029,190,100307,100,100012,100,100490,100,100005,100,100592,100,99982,100,100686,100,99974,100
2019-06-28 09:45:00.000000000,100137,254,100133,254,100161,249,100059,249,100228,249,100058,349,100232,100,100034,100,100296,100,100032,200,100307,100,100029,100,100490,100,100012,100,100592,100,100005,100,100686,100,99982,100,100815,100,99974,100
2019-06-28 09:45:10.000000000,100137,254,100133,254,100161,249,100059,249,100228,249,100058,349,100232,100,100034,100,100296,100,100032,200,100307,100,100029,100,100490,100,100012,100,100592,100,100005,100,100686,100,99982,100,100815,100,99974,100
2019-06-28 09:45:20.000000000,100137,254,100133,254,100161,249,100059,249,100228,249,100058,349,100232,100,100034,100,100296,100,100032,200,100307,100,100029,100,100490,100,100012,100,100592,100,100005,100,100686,100,99982,100,100815,100,99974,100
2019-06-28 09:45:30.000000000,100137,190,100133,190,100161,190,100059,190,100228,190,100058,290,100232,190,100034,190,100296,190,100032,290,100307,100,100029,100,100490,100,100012,100,100592,100,100005,100,100686,100,99982,100,100815,100,99974,100
2019-06-28 09:45:39.254729800,100137,190,100133,190,100161,190,100059,190,100228,190,100058,290,100232,190,100034,90,100296,190,100032,290,100307,100,100029,100,100490,100,100012,100,100592,100,100005,100,100686,100,99982,100,100815,100,99974,100
2019-06-28 09:45:40.000000000,100137,326,100133,326,100161,326,100059,326,100228,100,100058,200,100232,100,100032,200,100296,100,100029,100,100307,100,100012,100,100490,100,100005,100,100592,100,99982,100,100686,100,99974,100,100815,100,99937,100
2019-06-28 09:45:50.000000000,100137,213,100133,213,100161,213,100059,213,100228,213,100058,313,100232,213,100032,313,100296,100,100029,100,100307,100,100012,100,100490,100,100005,100,100592,100,99982,100,100686,100,99974,100,100815,100,99937,100
2019-06-28 09:46:00.000000000,100137,326,100133,326,100161,326,100059,326,100228,100,100058,200,100232,100,100032,200,100296,100,100029,100,100307,100,100012,100,100490,100,100005,100,100592,100,99982,100,100686,100,99974,100,100815,100,99937,100
2019-06-28 09:46:10.000000000,100137,190,100133,190,100161,190,100059,190,100228,190,100058,290,100232,190,100032,290,100296,190,100029,190,100307,100,100012,100,100490,100,100005,100,100592,100,99982,100,100686,100,99974,100,100815,100,99937,100
2019-06-28 09:46:20.000000000,100137,213,100133,213,100161,213,100059,213,100228,213,100058,313,100232,213,100032,313,100296,100,100029,100,100307,100,100012,100,100490,100,100005,100,100592,100,99982,100,100686,100,99974,100,100815,100,99937,100
2019-06-28 09:46:30.000000000,100137,190,100133,190,100161,190,100059,190,100228,190,100058,290,100232,190,100032,290,100296,190,100029,190,100307,100,100012,100,100490,100,100005,100,100592,100,99982,100,100686,100,99974,100,100815,100,99937,100
2019-06-28 09:46:40.000000000,100137,213,100133,213,100161,213,100059,213,100228,213,100058,313,100232,213,100032,313,100296,100,100029,100,100307,100,100012,100,100490,100,100005,100,100592,100,99982,100,100686,100,99974,100,100815,100,99937,100
2019-06-28 09:46:41.463577559,100137,113,100133,213,100161,213,100059,213,100228,213,100058,313,100232,213,100032,313,100296,100,100029,100,100307,100,100012,100,100490,100,100005,100,100592,100,99982,100,100686,100,99974,100,100815,100,99937,100
2019-06-28 09:46:50.000000000,100161,552,100133,552,100228,100,100059,100,100232,100,100058,200,100296,100,100032,200,100307,100,100029,100,100490,100,100012,100,100592,100,100005,100,100686,100,99982,100,100815,100,99974,100,100994,100,99937,100
2019-06-28 09:47:00.000000000,100161,190,100133,190,100228,190,100059,190,100232,190,100058,290,100296,190,100032,290,100307,190,100029,190,100490,100,100012,100,100592,100,100005,100,100686,100,99982,100,100815,100,99974,100,100994,100,99937,100
2019-06-28 09:47:04.910412348,100161,190,100133,190,100228,190,100059,190,100232,190,100058,290,100296,190,100032,290,100307,190,100029,190,100490,100,100012,100,100510,100,100005,100,100592,100,99982,100,100686,100,99974,100,100815,100,99937,100
2019-06-28 09:47:10.000000000,100161,552,100133,552,100228,100,100059,100,100232,100,100058,200,100296,100,100032,200,100307,100,100029,100,100490,100,100012,100,100510,100,100005,100,100592,100,99982,100,100686,100,99974,100,100815,100,99937,100
2019-06-28 09:47:20.000000000,100161,190,100133,190,100228,190,100059,190,100232,190,100058,290,100296,190,100032,290,100307,190,100029,190,100490,100,100012,100,100510,100,100005,100,100592,100,99982,100,100686,100,99974,100,100815,100,99937,100
2019-06-28 09:47:30.000000000,100161,213,100133,213,100228,213,100059,213,100232,213,100058,313,100296,213,100032,313,100307,100,100029,100,100490,100,100012,100,100510,100,100005,100,100592,100,99982,100,100686,100,99974,100,100815,100,99937,100
2019-06-28 09:47:31.106410121,100161,213,100133,213,100228,213,100059,213,100232,213,100058,313,100296,213,100032,313,100307,100,100029,100,100412,100,100012,100,100490,100,100005,100,100510,100,99982,100,100592,100,99974,100,100686,100,99937,100
2019-06-28 09:47:32.268964070,100161,213,100134,100,100228,213,100133,213,100232,213,100059,213,100296,213,100058,313,100307,100,100032,313,100412,100,100029,100,100490,100,100012,100,100510,100,100005,100,100592,100,99982,100,100686,100,99974,100
2019-06-28 09:47:40.000000000,100161,213,100134,213,100228,213,100133,213,100232,213,100059,213,100296,213,100058,313,100307,100,100032,200,100412,100,100029,100,100490,100,100012,100,100510,100,100005,100,100592,100,99982,100,100686,100,99974,100
2019-06-28 09:47:41.413992417,100161,113,100134,213,100228,213,100133,213,100232,213,100059,213,100296,213,100058,313,100307,100,100032,200,100412,100,100029,100,100490,100,100012,100,100510,100,100005,100,100592,100,99982,100,100686,100,99974,100
2019-06-28 09:47:50.000000000,100228,190,100134,190,100232,190,100133,190,100296,190,100059,190,100307,190,100058,290,100412,190,100032,290,100490,100,100029,100,100510,100,100012,100,100592,100,100005,100,100686,100,99982,100,100815,100,99974,100
2019-06-28 09:47:50.423683120,100228,90,100134,190,100232,190,100133,190,100296,190,100059,190,100307,190,100058,290,100412,190,100032,290,100510,100,100029,100,100592,100,100012,100,100686,100,100005,100,100815,100,99982,100,100994,100,99974,100
2019-06-28 09:48:00.000000000,100232,254,100134,254,100296,249,100133,249,100307,249,100059,249,100412,100,100058,200,100510,100,100032,200,100592,100,100029,100,100686,100,100012,100,100815,100,100005,100,100994,100,99982,100,101020,100,99974,100
2019-06-28 09:48:02.906419824,100232,254,100134,254,100296,249,100133,249,100307,249,100087,100,100412,100,100059,249,100510,100,100058,200,100592,100,100032,200,100686,100,100029,100,100994,100,100012,100,101020,100,100005,100,101110,100,99982,100
2019-06-28 09:48:10.000000000,100232,552,100134,552,100296,100,100133,100,100307,100,100087,100,100412,100,100059,100,100510,100,100058,200,100592,100,100032,200,100686,100,100029,100,100994,100,100012,100,101020,100,100005,100,101110,100,99982,100
2019-06-28 09:48:20.000000000,100232,213,100134,213,100296,213,100133,213,100307,213,100087,213,100412,213,100059,213,100510,100,100058,200,100592,100,100032,200,100686,100,100029,100,100994,100,100012,100,101020,100,100005,100,101110,100,99982,100
2019-06-28 09:48:25.919282010,100232,213,100134,213,100296,213,100133,213,100307,213,100087,213,100412,213,100059,213,100510,100,100058,200,100592,100,100032,200,100703,100,100029,100,100994,100,100012,100,101020,100,100005,100,101110,100,99982,100
2019-06-28 09:48:30.000000000,100232,254,100134,254,100296,249,100133,249,100307,249,100087,249,100412,100,100059,100,100510,100,100058,200,100592,100,100032,200,100703,100,100029,100,100994,100,100012,100,101020,100,100005,100,101110,100,99982,100
2019-06-28 09:48:31.116864107,100232,254,100161,100,100296,249,100134,254,100307,249,100133,249,100412,100,100087,249,100510,100,100058,200,100592,100,100032,200,100703,100,100029,100,100994,100,100012,100,101020,100,100005,100,101110,100,99982,100
2019-06-28 09:48:31.678369286,100232,254,100161,100,100296,249,100134,254,100307,249,100133,249,100412,100,100087,249,100510,100,100058,200,100592,100,100032,200,100703,100,100029,100,100753,100,100012,100,100994,100,100005,100,101020,100,99974,100
2019-06-28 09:48:33.404697910,100232,154,100161,100,100296,249,100134,254,100307,249,100133,249,100412,100,100087,249,100510,100,100058,200,100592,100,100032,200,100703,100,100029,100,100753,100,100012,100,100994,100,100005,100,101020,100,99974,100
2019-06-28 09:48:36.216233093,100232,54,100161,100,100296,249,100134,254,100307,249,100133,249,100412,100,100087,249,100510,100,100058,200,100592,100,100032,200,100703,100,100029,100,100753,100,100012,100,100994,100,100005,100,101020,100,99974,100
2019-06-28 09:48:40.000000000,100296,190,100161,190,100307,190,100134,190,100412,190,100133,190,100510,190,100087,190,100592,190,100058,290,100703,100,100032,200,100753,100,100029,100,100994,100,100012,100,101020,100,100005,100,101110,100,99974,100
2019-06-28 09:48:45.282371364,100296,90,100161,190,100307,190,100134,190,100412,190,100133,190,100510,190,100087,190,100592,190,100058,290,100703,100,100032,200,100753,100,100029,100,100994,100,100012,100,101020,100,100005,100,101110,100,99974,100
2019-06-28 09:48:50.000000000,100307,190,100161,190,100412,190,100134,190,100510,190,100133,190,100592,190,100087,190,100703,190,100058,290,100753,100,100032,200,100994,100,100029,100,101020,100,100012,100,101110,100,100005,100,,,99974,100
2019-06-28 09:48:55.580622153,100307,90,100161,190,100412,190,100134,190,100510,190,100133,190,100592,190,100087,190,100703,190,100058,290,100753,100,100032,200,100994,100,100029,100,101020,100,100012,100,101110,100,100005,100,,,99974,100
2019-06-28 09:49:00.000000000,100412,326,100161,326,100510,326,100134,326,100592,100,100133,100,100703,100,100087,100,100753,100,100058,200,100994,100,100032,200,101020,100,100029,100,101110,100,100012,100,,,100005,100,,,99974,100
2019-06-28 09:49:10.000000000,100412,552,100161,552,100510,100,100134,100,100592,100,100133,100,100703,100,100087,100,100753,100,100058,200,100994,100,100032,200,101020,100,100029,100,101110,100,100012,100,,,100005,100,,,99974,100
2019-06-28 09:49:20.000000000,100412,213,100161,213,100510,213,100134,213,100592,213,100133,213,100703,213,100087,213,100753,100,100058,200,100994,100,100032,200,101020,100,100029,100,101110,100,100012,100,,,100005,100,,,99974,100
2019-06-28 09:49:30.000000000,100412,213,100161,213,100510,213,100134,213,100592,213,100133,213,100703,213,100087,213,100753,100,100058,200,100994,100,100032,200,101020,100,100029,100,101110,100,100012,100,,,100005,100,,,99974,100
2019-06-28 09:49:40.000000000,100412,326,100161,326,100510,326,100134,326,100592,100,100133,100,100703,100,100087,100,100753,100,100058,200,100994,100,100032,200,101020,100,100029,100,101110,100,100012,100,,,100005,100,,,99974,100
2019-06-28 09:49:50.000000000,100412,213,100161,213,100510,213,100134,213,100592,213,100133,213,100703,213,100087,213,100753,100,100058,200,100994,100,100032,200,101020,100,100029,100,101110,100,100012,100,,,100005,100,,,99974,100
2019-06-28 09:49:57.284927592,100412,213,100161,113,100510,213,100134,213,100592,213,100133,213,100703,213,100087,213,100753,100,100058,200,100994,100,100032,200,101020,100,100029,100,101110,100,100012,100,,,100005,100,,,99974,100
2019-06-28 09:50:00.000000000,100412,254,100134,254,100510,249,100133,249,100592,249,100087,249,100703,100,100058,200,100753,100,100032,200,100994,100,100029,100,101020,100,100012,100,101110,100,100005,100,,,99974,100,,,99937,100
2019-06-28 09:50:10.000000000,100412,326,100134,326,100510,326,100133,326,100592,100,100087,100,100703,100,100058,200,100753,100,100032,200,100994,100,100029,100,101020,100,100012,100,101110,100,100005,100,,,99974,100,,,99937,100
2019-06-28 09:50:11.373939969,100412,326,100134,326,100510,226,100133,326,100592,100,100087,100,100703,100,100058,200,100753,100,100032,200,100994,100,100029,100,101020,100,100012,100,101110,100,100005,100,,,99974,100,,,99937,100
2019-06-28 09:50:20.000000000,100412,254,100134,254,100592,249,100133,249,100703,249,100087,249,100753,100,100058,200,100994,100,100032,200,101020,100,100029,100,101110,100,100012,100,,,100005,100,,,99974,100,,,99937,100
2019-06-28 09:50:30.000000000,100412,190,100134,190,100592,190,100133,190,100703,190,100087,190,100753,190,100058,290,100994,190,100032,290,101020,100,100029,100,101110,100,100012,100,,,100005,100,,,99974,100,,,99937,100
2019-06-28 09:50:34.494310625,100412,190,100134,90,100592,190,100133,190,100703,190,100087,190,100753,190,100058,290,100994,190,100032,290,101020,100,100029,100,101110,100,100012,100,,,100005,100,,,99974,100,,,99937,100
2019-06-28 09:50:40.000000000,100412,326,100133,326,100592,326,100087,326,100703,100,100058,200,100753,100,100032,200,100994,100,100029,100,101020,100,100012,100,101110,100,100005,100,,,99974,100,,,99937,100,,,99934,100
2019-06-28 09:50:49.761830798,100412,326,100133,326,100592,326,100087,226,100703,100,100058,200,100753,100,100032,200,100994,100,100029,100,101020,100,100012,100,101110,100,100005,100,,,99974,100,,,99937,100,,,99934,100
2019-06-28 09:50:50.000000000,100412,326,100133,326,100592,326,100058,426,100703,100,100032,200,100753,100,100029,100,100994,100,100012,100,101020,100,100005,100,101110,100,99974,100,,,99937,100,,,99934,100,,,99923,100
2019-06-28 09:50:55.573758522,100412,326,100133,226,100592,326,100058,426,100703,100,100032,200,100753,100,100029,100,100994,100,100012,100,101110,100,100005,100,,,99974,100,,,99937,100,,,99934,100,,,99923,100
2019-06-28 09:51:00.000000000,100412,213,100058,313,100592,213,100032,313,100703,213,100029,213,100753,213,100012,213,100994,100,100005,100,101110,100,99974,100,,,99937,100,,,99934,100,,,99923,100,,,99919,100
2019-06-28 09:51:10.000000000,100412,254,100058,354,100592,249,100032,349,100703,249,100029,249,100753,100,100012,100,100994,100,100005,100,101110,100,99974,100,,,99937,100,,,99934,100,,,99923,100,,,99919,100
2019-06-28 09:51:20.000000000,100412,326,100058,426,100592,326,100032,426,100703,100,100029,100,100753,100,100012,100,100994,100,100005,100,101110,100,99974,100,,,99937,100,,,99934,100,,,99923,100,,,99919,100
2019-06-28 09:51:30.000000000,100412,190,100058,290,100592,190,100032,290,100703,190,100029,190,100753,190,100012,190,100994,190,100005,190,101110,100,99974,100,,,99937,100,,,99934,100,,,99923,100,,,99919,100
2019-06-28 09:51:33.226791752,100412,190,100058,190,100592,190,100032,290,100703,190,100029,190,100753,190,100012,190,100994,190,100005,190,101110,100,99974,100,,,99937,100,,,99934,100,,,99923,100,,,99919,100
2019-06-28 09:51:40.000000000,100412,254,100058,254,100592,249,100032,349,100703,249,100029,249,100753,100,100012,100,100994,100,100005,100,101110,100,99974,100,,,99937,100,,,99934,100,,,99923,100,,,99919,100
2019-06-28 09:51:50.000000000,100412,254,100058,254,100592,249,100032,349,100703,249,100029,249,100753,100,100012,100,100994,100,100005,100,101110,100,99974,100,,,99937,100,,,99934,100,,,99923,100,,,99919,100
2019-06-28 09:51:52.916983962,100412,254,100224,100,100592,249,100058,254,100703,249,100032,349,100753,100,100029,249,100994,100,100012,100,101110,100,100005,100,,,99974,100,,,99937,100,,,99934,100,,,99923,100
2019-06-28 09:51:55.295557693,100412,254,100224,100,100592,249,100070,100,100703,249,100058,254,100753,100,100032,349,100994,100,100029,249,101110,100,100012,100,,,100005,100,,,99974,100,,,99937,100,,,99934,100
2019-06-28 09:52:00.000000000,100412,326,100224,326,100592,326,100070,326,100703,100,100058,100,100753,100,100032,200,100994,100,100029,100,101110,100,100012,100,,,100005,100,,,99974,100,,,99937,100,,,99934,100
2019-06-28 09:52:06.609843463,100412,326,100316,100,100592,326,100224,326,100703,100,100070,326,100753,100,100058,100,100994,100,100032,200,101110,100,100029,100,,,100012,100,,,100005,100,,,99974,100,,,99937,100
2019-06-28 09:52:10.000000000,100412,254,100316,254,100592,249,100224,249,100703,249,100070,249,100753,100,100058,100,100994,100,100032,200,101110,100,100029,100,,,100012,100,,,100005,100,,,99974,100,,,99937,100
2019-06-28 09:52:20.000000000,100412,552,100316,552,100592,100,100224,100,100703,100,100070,100,100753,100,100058,100,100994,100,100032,200,101110,100,100029,100,,,100012,100,,,100005,100,,,99974,100,,,99937,100
2019-06-28 09:52:30.000000000,100412,190,100316,190,100592,190,100224,190,100703,190,100070,190,100753,190,100058,190,100994,190,100032,290,101110,100,100029,100,,,100012,100,,,100005,100,,,99974,100,,,99937,100
2019-06-28 09:52:35.657992479,100412,90,100316,190,100592,190,100224,190,100703,190,100070,190,100753,190,100058,190,100994,190,100032,290,101110,100,100029,100,,,100012,100,,,100005,100,,,99974,100,,,99937,100
2019-06-28 09:52:40.000000000,100592,552,100316,552,100703,100,100224,100,100753,100,100070,100,100994,100,100058,100,101110,100,100032,200,,,100029,100,,,100012,100,,,100005,100,,,99974,100,,,99937,100
2019-06-28 09:52:50.000000000,100592,213,100316,213,100703,213,100224,213,100753,213,100070,213,100994,213,100058,213,101110,100,100032,200,,,100029,100,,,100012,100,,,100005,100,,,99974,100,,,99937,100
2019-06-28 09:52:51.151319340,100416,100,100316,213,100592,213,100224,213,100703,213,100070,213,100753,213,100058,213,100994,213,100032,200,101110,100,100029,100,,,100012,100,,,100005,100,,,99974,100,,,99937,100
2019-06-28 09:52:59.936585710,100592,213,100316,213,100703,213,100224,213,100753,213,100070,213,100994,213,100058,213,101110,100,100032,200,,,100029,100,,,100012,100,,,100005,100,,,99974,100,,,99937,100
2019-06-28 09:53:00.000000000,100592,213,100316,213,100703,213,100224,213,100753,213,100070,213,100994,213,100058,213,101110,100,100032,200,,,100029,100,,,100012,100,,,100005,100,,,99974,100,,,99937,100
2019-06-28 09:53:08.058282621,100592,213,100537,100,100703,213,100316,213,100753,213,100224,213,100994,213,100070,213,101110,100,100058,213,,,100032,200,,,100012,100,,,100005,100,,,99974,100,,,99937,100
2019-06-28 09:53:10.000000000,100592,190,100537,190,100703,190,100316,190,100753,190,100224,190,100994,190,100070,190,101110,190,100058,190,,,100032,200,,,100012,100,,,100005,100,,,99974,100,,,99937,100
2019-06-28 09:53:12.689867691,100592,190,100537,190,100615,100,100316,190,100703,190,100224,190,100753,190,100070,90,100994,190,100058,190,101110,190,100032,200,,,100012,100,,,100005,100,,,99974,100,,,99937,100
2019-06-28 09:53:20.000000000,100592,326,100537,326,100615,326,100316,326,100703,100,100224,100,100753,100,100058,100,100994,100,100032,200,101110,100,100012,100,,,100005,100,,,99974,100,,,99937,100,,,99934,100
2019-06-28 09:53:30.000000000,100592,326,100537,326,100615,326,100316,326,100703,100,100224,100,100753,100,100058,100,100994,100,100032,200,101110,100,100012,100,,,100005,100,,,99974,100,,,99937,100,,,99934,100
2019-06-28 09:53:38.323539593,100557,100,100537,326,100592,326,100316,326,100615,326,100224,100,100703,100,100058,100,100753,100,100032,200,100994,100,100012,100,101110,100,100005,100,,,99937,100,,,99934,100,,,99923,100
2019-06-28 09:53:40.000000000,100557,552,100537,552,100592,100,100316,100,100615,100,100224,100,100703,100,100058,100,100753,100,100032,200,100994,100,100012,100,101110,100,100005,100,,,99937,100,,,99934,100,,,99923,100
2019-06-28 09:53:50.000000000,100557,552,100537,552,100592,100,100316,100,100615,100,100224,100,100703,100,100058,100,100753,100,100032,200,100994,100,100012,100,101110,100,100005,100,,,99937,100,,,99934,100,,,99923,100
2019-06-28 09:54:00.000000000,100557,190,100537,190,100592,190,100316,190,100615,190,100224,190,100703,190,100058,190,100753,190,100032,290,100994,100,100012,100,101110,100,100005,100,,,99937,100,,,99934,100,,,99923,100
2019-06-28 09:54:07.913200846,100557,190,100537,190,100592,190,100316,190,100615,190,100224,190,100703,190,100058,190,100753,190,100032,290,100994,100,100012,100,101034,100,100005,100,101110,100,99937,100,,,99923,100,,,99919,100
2019-06-28 09:54:09.100857683,100557,190,100537,190,100592,190,100316,190,100615,190,100224,190,100703,190,100058,190,100753,190,100032,290,100994,200,100012,100,101034,100,100005,100,101110,100,99937,100,,,99923,100,,,99919,100
2019-06-28 09:54:10.000000000,100557,213,100537,213,100592,213,100316,213,100615,213,100224,213,100703,213,100058,213,100753,100,100032,200,100994,200,100012,100,101034,100,100005,100,101110,100,99937,100,,,99923,100,,,99919,100
2019-06-28 09:54:14.555934157,100557,113,100537,213,100592,213,100316,213,100615,213,100224,213,100703,213,100058,213,100753,100,100032,200,100994,200,100012,100,101034,100,100005,100,101110,100,99937,100,,,99923,100,,,99919,100
2019-06-28 09:54:20.000000000,100592,190,100537,190,100615,190,100316,190,100703,190,100224,190,100753,190,100058,190,100994,290,100032,290,101034,100,100012,100,101110,100,100005,100,,,99937,100,,,99923,100,,,99919,100
2019-06-28 09:54:26.744061775,100592,190,100537,190,100615,190,100316,190,100703,190,100224,190,100753,190,100058,190,100992,100,100032,290,100994,290,100012,100,101034,100,100005,100,101110,100,99937,100,,,99923,100,,,99919,100
2019-06-28 09:54:30.000000000,100592,254,100537,254,100615,249,100316,249,100703,249,100224,249,100753,100,100058,100,100992,100,100032,200,100994,200,100012,100,101034,100,100005,100,101110,100,99937,100,,,99923,100,,,99919,100
2019-06-28 09:54:33.115034495,100592,254,100537,254,100615,249,100316,249,100703,249,100224,249,100753,100,100058,100,100762,100,100032,200,100992,100,100012,100,100994,200,100005,100,101034,100,99937,100,101110,100,99923,100,,,99919,100
2019-06-28 09:54:40.000000000,100592,326,100537,326,100615,326,100316,326,100703,100,100224,100,100753,100,100058,100,100762,100,100032,200,100992,100,100012,100,100994,200,100005,100,101034,100,99937,100,101110,100,99923,100,,,99919,100
2019-06-28 09:54:41.187611421,100592,326,100537,326,100615,326,100316,326,100644,100,100224,100,100703,100,100058,100,100753,100,100032,200,100762,100,100012,100,100992,100,100005,100,100994,200,99937,100,101034,100,99923,100,101110,100,99919,100
2019-06-28 09:54:50.000000000,100592,213,100537,213,100615,213,100316,213,100644,213,100224,213,100703,213,100058,213,100753,100,100032,200,100762,100,100012,100,100992,100,100005,100,100994,200,99937,100,101034,100,99923,100,101110,100,99919,100
2019-06-28 09:55:00.000000000,100592,552,100537,552,100615,100,100316,100,100644,100,100224,100,100703,100,100058,100,100753,100,100032,200,100762,100,100012,100,100992,100,100005,100,100994,200,99937,100,101034,100,99923,100,101110,100,99919,100
2019-06-28 09:55:04.424116719,100592,552,100537,552,100615,100,100316,100,100644,100,100224,100,100703,100,100058,100,100753,100,100032,200,100762,100,100012,100,100952,100,100005,100,100992,100,99937,100,100994,200,99923,100,101034,100,99919,100
2019-06-28 09:55:10.000000000,100592,190,100537,190,100615,190,100316,190,100644,190,100224,190,100703,190,100058,190,100753,190,100032,290,100762,100,100012,100,100952,100,100005,100,100992,100,99937,100,100994,200,99923,100,101034,100,99919,100
2019-06-28 09:55:20.000000000,100592,552,100537,552,100615,100,100316,100,100644,100,100224,100,100703,100,100058,100,100753,100,100032,200,100762,100,100012,100,100952,100,100005,100,100992,100,99937,100,100994,200,99923,100,101034,100,99919,100
2019-06-28 09:55:27.389172497,100592,452,100537,552,100615,100,100316,100,100644,100,100224,100,100703,100,100058,100,100753,100,100032,200,100762,100,100012,100,100952,100,100005,100,100992,100,99937,100,100994,200,99923,100,101034,100,99919,100
2019-06-28 09:55:30.000000000,100615,254,100537,254,100644,249,100316,249,100703,249,100224,249,100753,100,100058,100,100762,100,100032,200,100952,100,100012,100,100992,100,100005,100,100994,200,99937,100,101034,100,99923,100,101110,100,99919,100
2019-06-28 09:55:40.000000000,100615,552,100537,552,100644,100,100316,100,100703,100,100224,100,100753,100,100058,100,100762,100,100032,200,100952,100,100012,100,100992,100,100005,100,100994,200,99937,100,101034,100,99923,100,101110,100,99919,100
2019-06-28 09:55:50.000000000,100615,213,100537,213,100644,213,100316,213,100703,213,100224,213,100753,213,100058,213,100762,100,100032,200,100952,100,100012,100,100992,100,100005,100,100994,200,99937,100,101034,100,99923,100,101110,100,99919,100
2019-06-28 09:56:00.000000000,100615,326,100537,326,100644,326,100316,326,100703,100,100224,100,100753,100,100058,100,100762,100,100032,200,100952,100,100012,100,100992,100,100005,100,100994,200,99937,100,101034,100,99923,100,101110,100,99919,100
2019-06-28 09:56:05.528973482,100615,326,100537,326,100644,326,100316,326,100703,100,100224,100,100762,100,100058,100,100952,100,100032,200,100992,100,100012,100,100994,200,100005,100,101022,100,99937,100,101034,100,99923,100,101110,100,99919,100
2019-06-28 09:56:10.000000000,100615,326,100537,326,100644,326,100316,326,100703,100,100224,100,100762,100,100058,100,100952,100,100032,200,100992,100,100012,100,100994,200,100005,100,101022,100,99937,100,101034,100,99923,100,101110,100,99919,100
2019-06-28 09:56:18.264519426,100615,226,100537,326,100644,326,100316,326,100703,100,100224,100,100762,100,100058,100,100952,100,100032,200,100992,100,100012,100,100994,200,100005,100,101022,100,99937,100,101034,100,99923,100,101110,100,99919,100
2019-06-28 09:56:20.000000000,100644,213,100537,213,100703,213,100316,213,100762,213,100224,213,100952,213,100058,213,100992,100,100032,200,100994,200,100012,100,101022,100,100005,100,101034,100,99937,100,101110,100,99923,100,,,99919,100
2019-06-28 09:56:30.000000000,100644,213,100537,213,100703,213,100316,213,100762,213,100224,213,100952,213,100058,213,100992,100,100032,200,100994,200,100012,100,101022,100,100005,100,101034,100,99937,100,101110,100,99923,100,,,99919,100
2019-06-28 09:56:30.403345514,100644,213,100537,213,100703,113,100316,213,100762,213,100224,213,100952,213,100058,213,100992,100,100032,200,100994,200,100012,100,101022,100,100005,100,101034,100,99937,100,101048,100,99923,100,101110,100,99919,100
2019-06-28 09:56:40.000000000,100644,190,100537,190,100762,190,100316,190,100952,190,100224,190,100992,190,100058,190,100994,290,100032,290,101022,100,100012,100,101034,100,100005,100,101048,100,99937,100,101110,100,99923,100,,,99919,100
2019-06-28 09:56:44.102020781,100644,190,100537,190,100762,190,100316,190,100952,190,100224,190,100992,190,100058,190,100994,290,100032,290,101022,100,100012,100,101034,100,100005,100,101048,100,99937,100,101110,100,99923,100,101324,100,99919,100
2019-06-28 09:56:45.441513088,100644,190,100537,190,100762,190,100316,190,100952,190,100224,190,100992,190,100058,190,100994,290,100032,290,101022,100,100012,100,101034,100,99937,100,101048,100,99923,100,101110,100,99919,100,101324,100,99637,100
2019-06-28 09:56:46.618787044,100644,90,100537,190,100762,190,100316,190,100952,190,100224,190,100992,190,100058,190,100994,290,100032,290,101022,100,100012,100,101034,100,99937,100,101048,100,99923,100,101110,100,99919,100,101324,100,99637,100
2019-06-28 09:56:50.000000000,100762,190,100537,190,100952,190,100316,190,100992,190,100224,190,100994,290,100058,190,101022,190,100032,290,101034,100,100012,100,101048,100,99937,100,101110,100,99923,100,101324,100,99919,100,,,99637,100
2019-06-28 09:56:57.434328568,100762,90,100537,190,100952,190,100316,190,100992,190,100224,190,100994,290,100058,190,101022,190,100032,290,101034,100,100012,100,101048,100,99937,100,101110,100,99923,100,101324,100,99919,100,,,99637,100
2019-06-28 09:57:00.000000000,100952,326,100537,326,100992,326,100316,326,100994,200,100224,100,101022,100,100058,100,101034,100,100032,200,101048,100,100012,100,101110,100,99937,100,101324,100,99923,100,,,99919,100,,,99637,100
2019-06-28 09:57:04.903832516,100952,326,100644,100,100992,326,100537,326,100994,200,100316,326,101022,100,100224,100,101034,100,100058,100,101048,100,100032,200,101110,100,100012,100,101324,100,99937,100,,,99919,100,,,99637,100
2019-06-28 09:57:10.000000000,100952,326,100644,326,100992,326,100537,326,100994,200,100316,100,101022,100,100224,100,101034,100,100058,100,101048,100,100032,200,101110,100,100012,100,101324,100,99937,100,,,99919,100,,,99637,100
2019-06-28 09:57:16.025294979,100952,226,100644,326,100992,326,100537,326,100994,100,100316,100,101022,100,100224,100,101034,100,100058,100,101048,100,100032,200,101110,100,100012,100,101324,100,99937,100,,,99919,100,,,99637,100
2019-06-28 09:57:20.000000000,100992,190,100644,190,100994,190,100537,190,101022,190,100316,190,101034,190,100224,190,101048,190,100058,190,101110,100,100032,200,101324,100,100012,100,,,99937,100,,,99919,100,,,99637,100
2019-06-28 09:57:20.741265726,100992,190,100762,100,100994,190,100644,190,101022,190,100537,190,101034,190,100316,190,101048,190,100224,190,101110,100,100058,190,101324,100,100032,200,,,100012,100,,,99937,100,,,99919,100
2019-06-28 09:57:25.704395103,100992,90,100762,100,100994,190,100644,190,101022,190,100537,190,101034,190,100316,190,101048,190,100224,190,101110,100,100058,190,101324,100,100032,200,,,100012,100,,,99937,100,,,99919,100
2019-06-28 09:57:30.000000000,100994,213,100762,213,101022,213,100644,213,101034,213,100537,213,101048,213,100316,213,101110,100,100224,100,101324,100,100058,100,,,100032,200,,,100012,100,,,99937,100,,,99919,100
2019-06-28 09:57:36.564365118,100994,113,100762,213,101022,213,100644,213,101034,213,100537,213,101048,213,100316,213,101110,100,100224,100,101324,100,100058,100,,,100032,200,,,100012,100,,,99937,100,,,99919,100
2019-06-28 09:57:37.254359870,100994,13,100762,213,101022,213,100644,213,101034,213,100537,213,101048,213,100316,213,101110,100,100224,100,101324,100,100058,100,,,100032,200,,,100012,100,,,99937,100,,,99919,100
2019-06-28 09:57:40.000000000,101022,254,100762,254,101034,249,100644,249,101048,249,100537,249,101110,100,100316,100,101324,100,100224,100,,,100058,100,,,100032,200,,,100012,100,,,99937,100,,,99919,100
2019-06-28 09:57:50.000000000,101022,552,100762,552,101034,100,100644,100,101048,100,100537,100,101110,100,100316,100,101324,100,100224,100,,,100058,100,,,100032,200,,,100012,100,,,99937,100,,,99919,100
2019-06-28 09:57:55.253273910,101022,552,100762,552,101034,100,100644,100,101048,100,100537,100,101110,100,100316,100,101324,100,100224,100,101472,100,100058,100,,,100032,200,,,100012,100,,,99937,100,,,99919,100
2019-06-28 09:58:00.000000000,101022,552,100762,552,101034,100,100644,100,101048,100,100537,100,101110,100,100316,100,101324,100,100224,100,101472,100,100058,100,,,100032,200,,,100012,100,,,99937,100,,,99919,100
2019-06-28 09:58:04.622078576,101022,452,100762,552,101048,100,100644,100,101110,100,100537,100,101324,100,100316,100,101472,100,100224,100,,,100058,100,,,100032,200,,,100012,100,,,99937,100,,,99919,100
2019-06-28 09:58:10.000000000,101048,552,100762,552,101110,100,100644,100,101324,100,100537,100,101472,100,100316,100,,,100224,100,,,100058,100,,,100032,200,,,100012,100,,,99937,100,,,99919,100
2019-06-28 09:58:16.935971170,101048,552,100976,100,101110,100,100762,552,101324,100,100644,100,101472,100,100537,100,,,100316,100,,,100224,100,,,100058,100,,,100032,200,,,100012,100,,,99937,100
2019-06-28 09:58:20.000000000,101048,190,100976,190,101110,190,100762,190,101324,190,100644,190,101472,190,100537,190,101473,90,100316,190,,,100224,100,,,100058,100,,,100032,200,,,100012,100,,,99937,100
2019-06-28 09:58:30.000000000,101048,552,100976,552,101110,100,100762,100,101324,100,100644,100,101472,100,100537,100,,,100316,100,,,100224,100,,,100058,100,,,100032,200,,,100012,100,,,99937,100
2019-06-28 09:58:39.733788087,101021,100,100976,552,101048,552,100762,100,101110,100,100537,100,101324,100,100316,100,101472,100,100224,100,,,100058,100,,,100032,200,,,100012,100,,,99937,100,,,99919,100
2019-06-28 09:58:40.000000000,101021,326,100976,326,101048,326,100762,326,101110,100,100537,100,101324,100,100316,100,101472,100,100224,100,,,100058,100,,,100032,200,,,100012,100,,,99937,100,,,99919,100
2019-06-28 09:58:46.204415628,101021,326,100976,226,101048,326,100762,326,101110,100,100537,100,101324,100,100316,100,101472,100,100224,100,,,100058,100,,,100032,200,,,100012,100,,,99937,100,,,99637,100
2019-06-28 09:58:50.000000000,101021,254,100762,254,101048,249,100537,249,101110,249,100316,249,101324,100,100224,100,101472,100,100058,100,,,100032,200,,,100012,100,,,99937,100,,,99637,100,,,,
2019-06-28 09:59:00.000000000,101021,213,100762,213,101048,213,100537,213,101110,213,100316,213,101324,213,100224,213,101472,100,100058,100,,,100032,200,,,100012,100,,,99937,100,,,99637,100,,,,
2019-06-28 09:59:10.000000000,101021,552,100762,552,101048,100,100537,100,101110,100,100316,100,101324,100,100224,100,101472,100,100058,100,,,100032,200,,,100012,100,,,99937,100,,,99637,100,,,,
2019-06-28 09:59:20.000000000,101021,552,100762,552,101048,100,100537,100,101110,100,100316,100,101324,100,100224,100,101472,100,100058,100,,,100032,200,,,100012,100,,,99937,100,,,99637,100,,,,
2019-06-28 09:59:30.000000000,101021,190,100762,190,101048,190,100537,190,101110,190,100316,190,101324,190,100224,190,101472,190,100058,190,,,100032,200,,,100012,100,,,99937,100,,,99637,100,,,,
2019-06-28 09:59:30.775525638,101021,90,100762,190,101048,190,100537,190,101110,190,100316,190,101324,190,100224,190,101472,190,100058,190,,,100032,200,,,100012,100,,,99937,100,,,99637,100,,,,
2019-06-28 09:59:33.473938530,101021,90,100762,190,101048,190,100537,190,101110,190,100316,190,101324,190,100224,190,101472,190,100058,190,101503,100,100032,200,,,100012,100,,,99637,100,,,,,,,,
2019-06-28 09:59:40.000000000,101048,190,100762,190,101110,190,100537,190,101324,190,100316,190,101472,190,100224,190,101503,190,100058,190,,,100032,200,,,100012,100,,,99637,100,,,,,,,,
2019-06-28 09:59:50.000000000,101048,326,100762,326,101110,326,100537,326,101324,100,100316,100,101472,100,100224,100,101503,100,100058,100,,,100032,200,,,100012,100,,,99637,100,,,,,,,,
2019-06-28 09:59:55.720784723,101048,326,100977,100,101110,326,100762,326,101324,100,100537,326,101472,100,100316,100,101503,100,100224,100,,,100058,100,,,100032,200,,,100012,100,,,99637,100,,,,
2019-06-28 10:00:00.000000000,101048,552,100977,552,101110,100,100762,100,101324,100,100537,100,101472,100,100316,100,101503,100,100224,100,,,100058,100,,,100032,200,,,100012,100,,,99637,100,,,,
2019-06-28 10:00:10.000000000,101048,326,100977,326,101110,326,100762,326,101324,100,100537,100,101472,100,100316,100,101503,100,100224,100,,,100058,100,,,100032,200,,,100012,100,,,99637,100,,,,
2019-06-28 10:00:20.000000000,101048,552,100977,552,101110,100,100762,100,101324,100,100537,100,101472,100,100316,100,101503,100,100224,100,,,100058,100,,,100032,200,,,100012,100,,,99637,100,,,,
2019-06-28 10:00:30.000000000,101048,213,100977,213,101110,213,100762,213,101324,213,100537,213,101472,213,100316,213,101503,100,100224,100,,,100058,100,,,100032,200,,,100012,100,,,99637,100,,,,
2019-06-28 10:00:33.012111372,101048,213,100977,213,101110,213,100762,213,101324,213,100537,213,101472,213,100316,213,101503,100,100224,100,101753,100,100058,100,,,100032,200,,,100012,100,,,99637,100,,,,
2019-06-28 10:00:40.000000000,101048,552,100977,552,101110,100,100762,100,101324,100,100537,100,101472,100,100316,100,101503,100,100224,100,101753,100,100058,100,,,100032,200,,,100012,100,,,99637,100,,,,
2019-06-28 10:00:41.378965996,101048,552,100977,652,101110,100,100537,100,101324,100,100316,100,101472,100,100224,100,101503,100,100058,100,101753,100,100032,200,,,100012,100,,,99637,100,,,,,,,,
2019-06-28 10:00:50.000000000,101048,326,100977,426,101110,326,100537,326,101324,100,100316,100,101472,100,100224,100,101503,100,100058,100,101753,100,100032,200,,,100012,100,,,99637,100,,,,,,,,
2019-06-28 10:01:00.000000000,101048,190,100977,290,101110,190,100537,190,101324,190,100316,190,101472,190,100224,190,101503,190,100058,190,101753,100,100032,200,,,100012,100,,,99637,100,,,,,,,,
2019-06-28 10:01:06.096110754,101048,90,100977,290,101110,190,100537,190,101324,190,100316,190,101472,190,100224,190,101503,190,100058,190,101753,100,100032,200,,,100012,100,,,99637,100,,,,,,,,
2019-06-28 10:01:10.000000000,101110,213,100977,313,101324,213,100537,213,101472,213,100316,213,101503,213,100224,213,101753,100,100058,100,,,100032,200,,,100012,100,,,99637,100,,,,,,,,
2019-06-28 10:01:13.962386063,101110,213,100977,313,101324,213,100537,213,101472,213,100316,213,101503,213,100224,213,101753,100,100058,100,102014,100,100032,200,,,100012,100,,,99637,100,,,,,,,,
2019-06-28 10:01:20.000000000,101110,326,100977,426,101324,326,100537,326,101472,100,100316,100,101503,100,100224,100,101753,100,100058,100,102014,100,100032,200,,,100012,100,,,99637,100,,,,,,,,
2019-06-28 10:01:30.000000000,101110,326,100977,426,101324,326,100537,326,101472,100,100316,100,101503,100,100224,100,101753,100,100058,100,102014,100,100032,200,,,100012,100,,,99637,100,,,,,,,,
2019-06-28 10:01:40.000000000,101110,552,100977,652,101324,100,100537,100,101472,100,100316,100,101503,100,100224,100,101753,100,100058,100,102014,100,100032,200,,,100012,100,,,99637,100,,,,,,,,
2019-06-28 10:01:50.000000000,101110,552,100977,652,101324,100,100537,100,101472,100,100316,100,101503,100,100224,100,101753,100,100058,100,102014,100,100032,200,,,100012,100,,,99637,100,,,,,,,,
2019-06-28 10:02:00.000000000,101110,213,100977,313,101324,213,100537,213,101472,213,100316,213,101503,213,100224,213,101753,100,100058,100,102014,100,100032,200,,,100012,100,,,99637,100,,,,,,,,
2019-06-28 10:02:10.000000000,101110,254,100977,354,101324,249,100537,249,101472,249,100316,249,101503,100,100224,100,101753,100,100058,100,102014,100,100032,200,,,100012,100,,,99637,100,,,,,,,,
2019-06-28 10:02:10.551823439,101110,254,100977,354,101324,249,100791,100,101472,249,100537,249,101503,100,100316,249,101753,100,100224,100,102014,100,100058,100,,,100032,200,,,100012,100,,,99637,100,,,,
2019-06-28 10:02:18.744283423,101110,154,100977,254,101324,249,100791,100,101472,249,100537,249,101503,100,100316,249,101753,100,100224,100,102014,100,100058,100,,,100032,200,,,100012,100,,,99637,100,,,,
2019-06-28 10:02:20.000000000,101324,326,100977,326,101472,326,100791,326,101503,100,100537,100,101753,100,100316,100,102014,100,100224,100,,,100058,100,,,100032,200,,,100012,100,,,99637,100,,,,
2019-06-28 10:02:30.000000000,101324,552,100977,552,101472,100,100791,100,101503,100,100537,100,101753,100,100316,100,102014,100,100224,100,,,100058,100,,,100032,200,,,100012,100,,,99637,100,,,,
2019-06-28 10:02:36.144064890,101324,552,101027,100,101472,100,100977,552,101503,100,100791,100,101753,100,100537,100,102014,100,100316,100,,,100224,100,,,100058,100,,,100032,200,,,100012,100,,,99637,100
2019-06-28 10:02:38.408473579,101324,552,101027,100,101472,100,100995,100,101503,100,100977,552,101753,100,100791,100,102014,100,100537,100,,,100316,100,,,100224,100,,,100058,100,,,100032,200,,,100012,100
2019-06-28 10:02:40.000000000,101324,254,101027,254,101472,249,100995,249,101503,249,100977,249,101753,100,100791,100,102014,100,100537,100,,,100316,100,,,100224,100,,,100058,100,,,100032,200,,,100012,100
2019-06-28 10:02:46.078397706,101324,254,101027,254,101472,249,100995,249,101503,249,100977,249,101753,100,100942,100,102014,100,100791,100,,,100537,100,,,100316,100,,,100224,100,,,100058,100,,,100032,200
2019-06-28 10:02:50.000000000,101324,213,101027,213,101472,213,100995,213,101503,213,100977,213,101753,213,100942,213,102014,100,100791,100,,,100537,100,,,100316,100,,,100224,100,,,100058,100,,,100032,200
2019-06-28 10:02:50.846625169,101324,213,101027,113,101472,213,100995,213,101503,213,100977,213,101753,213,100942,213,102014,100,100791,100,,,100537,100,,,100316,100,,,100224,100,,,100058,100,,,100032,200
2019-06-28 10:02:52.603386781,101324,213,101060,100,101472,213,101027,113,101503,213,100995,213,101753,213,100977,213,102014,100,100942,213,,,100791,100,,,100537,100,,,100316,100,,,100058,100,,,100032,200
2019-06-28 10:03:00.000000000,101324,190,101060,190,101472,190,100995,190,101503,190,100977,190,101753,190,100942,190,102014,190,100791,190,,,100537,100,,,100316,100,,,100058,100,,,100032,200,,,100012,100
2019-06-28 10:03:05.459279673,101324,190,101060,90,101472,190,100995,190,101503,190,100977,190,101753,190,100942,190,102014,190,100791,190,,,100537,100,,,100316,100,,,100058,100,,,100032,200,,,100012,100
2019-06-28 10:03:09.991446433,101060,10,100995,190,101324,190,100977,190,101472,190,100942,190,101503,190,100791,190,101753,190,100537,100,102014,190,100316,100,,,100058,100,,,100032,100,,,100012,100,,,,
2019-06-28 10:03:10.000000000,101060,462,100995,552,101324,100,100977,100,101472,100,100942,100,101503,100,100791,100,101753,100,100537,100,102014,100,100316,100,,,100058,100,,,100032,100,,,100012,100,,,,
2019-06-28 10:03:16.747512073,101060,462,100995,452,101324,100,100977,100,101472,100,100942,100,101503,100,100791,100,101753,100,100537,100,102014,100,100316,100,,,100058,100,,,100032,100,,,100012,100,,,,
2019-06-28 10:03:19.117865749,101060,462,100995,352,101324,100,100977,100,101472,100,100791,100,101503,100,100537,100,101753,100,100316,100,102014,100,100058,100,,,100032,100,,,100012,100,,,,,,,,
2019-06-28 10:03:20.000000000,101060,236,100977,326,101324,326,100791,326,101472,100,100537,100,101503,100,100316,100,101753,100,100058,100,102014,100,100032,100,,,100012,100,,,,,,,,,,,,
2019-06-28 10:03:30.000000000,101060,164,100977,254,101324,249,100791,249,101472,249,100537,249,101503,100,100316,100,101753,100,100058,100,102014,100,100032,100,,,100012,100,,,,,,,,,,,,
2019-06-28 10:03:31.051121048,100995,100,100977,154,101060,164,100791,249,101324,249,100537,249,101472,249,100316,100,101503,100,100058,100,101753,100,100032,100,102014,100,100012,100,,,,,,,,,,,,
2019-06-28 10:03:40.000000000,100995,552,100791,552,101060,10,100537,100,101324,100,100316,100,101472,100,100058,100,101503,100,100032,100,101753,100,100012,100,102014,100,,,,,,,,,,,,,,
2019-06-28 10:03:50.000000000,100995,213,100791,213,101060,123,100537,213,101324,213,100316,213,101472,213,100058,213,101503,100,100032,100,101753,100,100012,100,102014,100,,,,,,,,,,,,,,
2019-06-28 10:04:00.000000000,100995,254,100791,254,101060,159,100537,249,101324,249,100316,249,101472,100,100058,100,101503,100,100032,100,101753,100,100012,100,102014,100,,,,,,,,,,,,,,
2019-06-28 10:04:10.000000000,100995,190,100791,190,101060,100,100537,190,101324,190,100316,190,101472,190,100058,190,101503,190,100032,190,101753,100,100012,100,102014,100,,,,,,,,,,,,,,
2019-06-28 10:04:20.000000000,100995,326,100791,326,101060,236,100537,326,101324,100,100316,100,101472,100,100058,100,101503,100,100032,100,101753,100,100012,100,102014,100,,,,,,,,,,,,,,
2019-06-28 10:04:30.000000000,100995,326,100791,326,101060,236,100537,326,101324,100,100316,100,101472,100,100058,100,101503,100,100032,100,101753,100,100012,100,102014,100,,,,,,,,,,,,,,
2019-06-28 10:04:40.000000000,100995,326,100791,326,101060,236,100537,326,101324,100,100316,100,101472,100,100058,100,101503,100,100032,100,101753,100,100012,100,102014,100,,,,,,,,,,,,,,
2019-06-28 10:04:50.000000000,100995,190,100791,190,101060,100,100537,190,101324,190,100316,190,101472,190,100058,190,101503,190,100032,190,101753,100,100012,100,102014,100,,,,,,,,,,,,,,
2019-06-28 10:05:00.000000000,100995,552,100791,552,101060,10,100537,100,101324,100,100316,100,101472,100,100058,100,101503,100,100032,100,101753,100,100012,100,102014,100,,,,,,,,,,,,,,
2019-06-28 10:05:09.103147482,100995,652,100791,552,101060,10,100537,100,101324,100,100316,100,101472,100,100058,100,101503,100,100032,100,101753,100,100012,100,102014,100,,,,,,,,,,,,,,
2019-06-28 10:05:10.000000000,100995,313,100791,213,101060,123,100537,213,101324,213,100316,213,101472,213,100058,213,101503,100,100032,100,101753,100,100012,100,102014,100,,,,,,,,,,,,,,
2019-06-28 10:05:12.064956955,100995,413,100791,213,101060,123,100537,213,101324,213,100316,213,101472,213,100058,213,101503,100,100032,100,101753,100,100012,100,102014,100,,,,,,,,,,,,,,
2019-06-28 10:05:15.191189138,100995,413,100791,213,101060,123,100537,213,101324,213,100316,213,101472,213,100058,213,101503,100,100032,100,101753,100,100012,100,102014,100,,,,,,,,,,,,,,
2019-06-28 10:05:19.020690575,100995,413,100791,213,101060,113,100537,213,101324,213,100316,213,101472,213,100058,213,101503,100,100032,100,101753,100,100012,100,102014,100,,,,,,,,,,,,,,
2019-06-28 10:05:20.000000000,100995,413,100791,213,101324,213,100537,213,101472,213,100316,213,101503,213,100058,213,101753,100,100032,100,102014,100,100012,100,,,,,,,,,,,,,,,,
2019-06-28 10:05:25.251886297,100995,413,100791,113,101324,213,100537,213,101472,213,100316,213,101503,213,100058,213,101753,100,100032,100,102014,100,100012,100,,,,,,,,,,,,,,,,
2019-06-28 10:05:30.000000000,100995,752,100537,552,101324,100,100316,100,101472,100,100058,100,101503,100,100032,100,101753,100,100012,100,102014,100,,,,,,,,,,,,,,,,,,
2019-06-28 10:05:34.434644012,100569,100,100537,552,100995,752,100316,100,101324,100,100058,100,101472,100,100032,100,101503,100,100012,100,101753,100,,,102014,100,,,,,,,,,,,,,,
2019-06-28 10:05:40.000000000,100569,254,100537,254,100995,449,100316,249,101324,249,100058,249,101472,100,100032,100,101503,100,100012,100,101753,100,,,102014,100,,,,,,,,,,,,,,
2019-06-28 10:05:46.892180869,100569,254,100537,254,100995,449,100477,100,101324,249,100316,249,101472,100,100058,249,101503,100,100032,100,101753,100,100012,100,,,,,,,,,,,,,,,,
2019-06-28 10:05:50.000000000,100569,213,100537,213,100995,413,100477,213,101324,213,100316,213,101472,213,100058,213,101503,100,100032,100,101753,100,100012,100,,,,,,,,,,,,,,,,
2019-06-28 10:06:00.000000000,100569,213,100537,213,100995,413,100477,213,101324,213,100316,213,101472,213,100058,213,101503,100,100032,100,101753,100,100012,100,,,,,,,,,,,,,,,,
2019-06-28 10:06:10.000000000,100569,552,100537,552,100995,300,100477,100,101324,100,100316,100,101472,100,100058,100,101503,100,100032,100,101753,100,100012,100,,,,,,,,,,,,,,,,
2019-06-28 10:06:16.663753413,100569,552,100537,552,100995,300,100477,100,101324,100,100316,100,101472,100,100126,100,101503,100,100058,100,101753,100,100032,100,,,100012,100,,,,,,,,,,,,
2019-06-28 10:06:18.577729570,100569,552,100537,552,100994,100,100477,100,100995,300,100316,100,101324,100,100126,100,101472,100,100058,100,101503,100,100032,100,101753,100,100012,100,,,,,,,,,,,,
2019-06-28 10:06:20.000000000,100569,326,100537,326,100994,326,100477,326,100995,300,100316,100,101324,100,100126,100,101472,100,100058,100,101503,100,100032,100,101753,100,100012,100,,,,,,,,,,,,
2019-06-28 10:06:30.000000000,100569,213,100537,213,100994,213,100477,213,100995,413,100316,213,101324,213,100126,213,101472,100,100058,100,101503,100,100032,100,101753,100,100012,100,,,,,,,,,,,,
2019-06-28 10:06:32.494352078,100569,213,100537,213,100994,213,100477,213,100995,413,100316,213,101324,213,100126,213,101472,100,100098,100,101503,100,100058,100,101753,100,100032,100,,,100012,100,,,,,,,,
2019-06-28 10:06:40.000000000,100569,190,100537,190,100994,190,100477,190,100995,390,100316,190,101324,190,100126,190,101472,190,100098,190,101503,100,100058,100,101753,100,100032,100,,,100012,100,,,,,,,,
2019-06-28 10:06:45.093032216,100569,190,100537,90,100994,190,100477,190,100995,390,100316,190,101324,190,100126,190,101472,190,100098,190,101503,100,100058,100,101753,100,100032,100,,,100012,100,,,,,,,,
2019-06-28 10:06:50.000000000,100569,190,100477,190,100994,190,100316,190,100995,390,100126,190,101324,190,100098,190,101472,190,100058,190,101503,100,100032,100,101753,100,100012,100,,,,,,,,,,,,
2019-06-28 10:06:50.042018052,100569,190,100477,90,100994,190,100316,190,100995,390,100126,190,101324,190,100098,190,101472,190,100058,190,101503,100,100032,100,101753,100,100012,100,,,,,,,,,,,,
2019-06-28 10:06:51.097515179,100477,10,100316,190,100569,190,100126,190,100994,190,100098,190,100995,390,100058,190,101324,190,100032,100,101472,190,100012,100,101503,100,,,101753,100,,,,,,,,,,
2019-06-28 10:06:52.912652946,100477,110,100316,190,100569,190,100126,190,100994,190,100098,190,100995,390,100058,190,101324,190,100032,100,101472,190,100012,100,101503,100,,,101753,100,,,,,,,,,,
2019-06-28 10:06:55.376086001,100477,210,100316,190,100569,190,100126,190,100994,190,100098,190,100995,390,100058,190,101324,190,100032,100,101472,190,100012,100,101503,100,,,101753,100,,,,,,,,,,
2019-06-28 10:07:00.000000000,100477,364,100316,254,100569,249,100126,249,100994,249,100098,249,100995,300,100058,100,101324,100,100032,100,101472,100,100012,100,101503,100,,,101753,100,,,,,,,,,,
2019-06-28 10:07:07.837122549,100477,364,100316,254,100569,249,100126,249,100994,249,100098,249,100995,300,100058,100,101324,100,100032,100,101472,100,100012,100,101503,100,99917,100,101753,100,,,,,,,,,,
2019-06-28 10:07:10.000000000,100477,323,100316,213,100569,213,100126,213,100994,213,100098,213,100995,413,100058,213,101324,100,100032,100,101472,100,100012,100,101503,100,99917,100,101753,100,,,,,,,,,,
2019-06-28 10:07:20.000000000,100477,436,100316,326,100569,326,100126,326,100994,100,100098,100,100995,300,100058,100,101324,100,100032,100,101472,100,100012,100,101503,100,99917,100,101753,100,,,,,,,,,,
2019-06-28 10:07:30.000000000,100477,662,100316,552,100569,100,100126,100,100994,100,100098,100,100995,300,100058,100,101324,100,100032,100,101472,100,100012,100,101503,100,99917,100,101753,100,,,,,,,,,,
2019-06-28 10:07:40.000000000,100477,323,100316,213,100569,213,100126,213,100994,213,100098,213,100995,413,100058,213,101324,100,100032,100,101472,100,100012,100,101503,100,99917,100,101753,100,,,,,,,,,,
2019-06-28 10:07:50.000000000,100477,364,100316,254,100569,249,100126,249,100994,249,100098,249,100995,300,100058,100,101324,100,100032,100,101472,100,100012,100,101503,100,99917,100,101753,100,,,,,,,,,,
2019-06-28 10:08:00.000000000,100477,662,100316,552,100569,100,100126,100,100994,100,100098,100,100995,300,100058,100,101324,100,100032,100,101472,100,100012,100,101503,100,99917,100,101753,100,,,,,,,,,,
2019-06-28 10:08:09.989704836,100477,662,100316,552,100569,100,100126,100,100994,100,100098,100,100995,300,100058,100,101324,100,100032,100,101472,100,100012,100,101503,100,99917,100,101753,100,99666,100,,,,,,,,
2019-06-28 10:08:10.000000000,100477,662,100316,552,100569,100,100126,100,100994,100,100098,100,100995,300,100058,100,101324,100,100032,100,101472,100,100012,100,101503,100,99917,100,101753,100,99666,100,,,,,,,,
2019-06-28 10:08:14.701511271,100477,662,100316,552,100569,100,100126,100,100994,100,100098,100,100995,300,100058,100,101324,100,100032,100,101472,100,100012,100,101503,100,99917,100,101753,100,99666,100,,,99529,100,,,,
2019-06-28 10:08:20.000000000,100477,364,100316,254,100569,249,100126,249,100994,249,100098,249,100995,300,100058,100,101324,100,100032,100,101472,100,100012,100,101503,100,99917,100,101753,100,99666,100,,,99529,100,,,,
2019-06-28 10:08:26.654640149,100477,364,100316,154,100569,249,100126,249,100994,249,100098,249,100995,300,100058,100,101324,100,100032,100,101472,100,100012,100,101503,100,99917,100,101753,100,99666,100,,,99529,100,,,,
2019-06-28 10:08:30.000000000,100477,364,100126,254,100569,249,100098,249,100994,249,100058,249,100995,300,100032,100,101324,100,100012,100,101472,100,99917,100,101503,100,99666,100,101753,100,99529,100,,,,,,,,
2019-06-28 10:08:40.000000000,100477,662,100126,552,100569,100,100098,100,100994,100,100058,100,100995,300,100032,100,101324,100,100012,100,101472,100,99917,100,101503,100,99666,100,101753,100,99529,100,,,,,,,,
2019-06-28 10:08:50.000000000,100477,436,100126,326,100569,326,100098,326,100994,100,100058,100,100995,300,100032,100,101324,100,100012,100,101472,100,99917,100,101503,100,99666,100,101753,100,99529,100,,,,,,,,
2019-06-28 10:09:00.000000000,100477,436,100126,326,100569,326,100098,326,100994,100,100058,100,100995,300,100032,100,101324,100,100012,100,101472,100,99917,100,101503,100,99666,100,101753,100,99529,100,,,,,,,,
2019-06-28 10:09:10.000000000,100477,662,100126,552,100569,100,100098,100,100994,100,100058,100,100995,300,100032,100,101324,100,100012,100,101472,100,99917,100,101503,100,99666,100,101753,100,99529,100,,,,,,,,
2019-06-28 10:09:16.980295032,100477,662,100126,452,100569,100,100058,100,100994,100,100032,100,100995,300,100012,100,101324,100,99917,100,101472,100,99666,100,101503,100,99529,100,101753,100,,,,,,,,,,
2019-06-28 10:09:20.000000000,100477,300,100058,190,100569,190,100032,190,100994,190,100012,190,100995,390,99917,190,101324,190,99666,190,101472,100,99529,100,101503,100,,,101753,100,,,,,,,,,,
2019-06-28 10:09:30.000000000,100477,364,100058,254,100569,249,100032,249,100994,249,100012,249,100995,300,99917,100,101324,100,99666,100,101472,100,99529,100,101503,100,,,101753,100,,,,,,,,,,
2019-06-28 10:09:30.628561448,100477,364,100058,254,100569,249,100032,249,100994,249,100012,249,100995,300,99917,100,101324,100,99732,100,101472,100,99666,100,101503,100,99529,100,101753,100,,,,,,,,,,
2019-06-28 10:09:34.807380795,100477,364,100058,254,100569,249,100032,249,100994,249,100012,249,100995,300,99917,100,101324,100,99804,100,101472,100,99732,100,101503,100,99666,100,101753,100,99529,100,,,,,,,,
2019-06-28 10:09:40.000000000,100477,300,100058,190,100569,190,100032,190,100994,190,100012,190,100995,390,99917,190,101324,190,99804,190,101472,100,99732,100,101503,100,99666,100,101753,100,99529,100,,,,,,,,
2019-06-28 10:09:41.386385231,100477,300,100058,90,100569,190,100032,190,100994,190,100012,190,100995,390,99917,190,101324,190,99804,190,101503,100,99732,100,101753,100,99666,100,,,99529,100,,,,,,,,
2019-06-28 10:09:47.960437163,100126,100,100058,90,100477,300,100032,190,100569,190,100012,190,100994,190,99917,190,100995,290,99804,190,101324,190,99732,100,101503,100,99666,100,101753,100,99529,100,,,,,,,,
2019-06-28 10:09:50.000000000,100126,326,100032,326,100477,436,100012,326,100569,100,99917,100,100994,100,99804,100,100995,200,99732,100,101324,100,99666,100,101503,100,99529,100,101753,100,,,,,,,,,,
2019-06-28 10:09:50.523362695,100115,100,100032,326,100126,326,100012,326,100477,436,99917,100,100569,100,99804,100,100994,100,99732,100,100995,200,99666,100,101324,100,99529,100,101503,100,,,101753,100,,,,,,
