,ask_price_1,ask_size_1,bid_price_1,bid_size_1,ask_price_2,ask_size_2,bid_price_2,bid_size_2,ask_price_3,ask_size_3,bid_price_3,bid_size_3,ask_price_4,ask_size_4,bid_price_4,bid_size_4,ask_price_5,ask_size_5,bid_price_5,bid_size_5,ask_price_6,ask_size_6,bid_price_6,bid_size_6,ask_price_7,ask_size_7,bid_price_7,bid_size_7,ask_price_8,ask_size_8,bid_price_8,bid_size_8,ask_price_9,ask_size_9,bid_price_9,bid_size_9,ask_price_10,ask_size_10,bid_price_10,bid_size_10
2019-06-28 09:30:00.000000001,100092,100,,,100112,100,,,,,,,,,,,,,,,,,,,,,,,,,,,,,,,,,,
2019-06-28 09:30:00.000000004,99847,100,,,100092,100,,,100112,100,,,,,,,,,,,,,,,,,,,,,,,,,,,,,,
2019-06-28 09:30:00.000000005,100092,100,,,100108,100,,,100112,100,,,,,,,,,,,,,,,,,,,,,,,,,,,,,,
2019-06-28 09:30:00.000000006,100086,100,,,100092,100,,,100108,100,,,100109,100,,,100112,100,,,,,,,,,,,,,,,,,,,,,,
2019-06-28 09:30:00.000000009,100086,100,,,100092,100,,,100108,100,,,100109,100,,,100112,100,,,100151,100,,,,,,,,,,,,,,,,,,
2019-06-28 09:30:00.000000011,100086,100,100070,100,100092,100,,,100108,100,,,100109,100,,,100112,100,,,100151,100,,,,,,,,,,,,,,,,,,
2019-06-28 09:30:00.000000013,100086,100,100070,100,100092,100,100029,100,100108,100,99968,100,100109,100,,,100112,100,,,100151,100,,,,,,,,,,,,,,,,,,
2019-06-28 09:30:00.000000014,100086,100,100070,100,100092,100,100029,100,100108,100,99968,100,100109,100,,,100112,100,,,100144,100,,,100151,100,,,,,,,,,,,,,,
2019-06-28 09:30:00.000000015,100086,100,100070,100,100092,100,100029,100,100108,100,99968,100,100109,100,99925,100,100112,100,,,100144,100,,,100151,100,,,,,,,,,,,,,,
2019-06-28 09:30:00.000000016,100086,100,100070,100,100092,100,100029,100,100105,100,99968,100,100108,100,99925,100,100109,100,,,100112,100,,,100144,100,,,100151,100,,,,,,,,,,
2019-06-28 09:30:00.000000018,100086,100,100029,100,100092,100,99968,100,100105,100,99925,100,100108,100,,,100109,100,,,100112,100,,,100144,100,,,100151,100,,,,,,,,,,
2019-06-28 09:30:00.000000020,100030,100,100029,100,100086,100,99968,100,100092,100,99925,100,100105,100,,,100108,100,,,100109,100,,,100112,100,,,100144,100,,,100151,100,,,,,,
2019-06-28 09:30:00.000000021,100030,100,100029,100,100044,100,99968,100,100086,100,99925,100,100092,100,,,100105,100,,,100108,100,,,100109,100,,,100112,100,,,100144,100,,,100151,100,,
2019-06-28 09:30:00.000000023,100030,100,100029,100,100044,100,99968,100,100070,100,99925,100,100086,100,,,100092,100,,,100105,100,,,100108,100,,,100109,100,,,100112,100,,,100144,100,,
2019-06-28 09:30:00.000000025,100030,100,100029,100,100044,100,99968,100,100070,100,99925,100,100086,100,99847,100,100092,100,,,100105,100,,,100108,100,,,100109,100,,,100112,100,,,100144,100,,
2019-06-28 09:30:00.000000027,100030,100,100029,100,100044,100,99968,100,100070,200,99925,100,100086,100,99847,200,100092,100,,,100105,100,,,100108,100,,,100109,100,,,100112,100,,,100144,100,,
2019-06-28 09:30:00.000000028,100030,100,100029,100,100044,100,99968,100,100068,100,99925,100,100070,200,99919,100,100086,100,99847,200,100092,100,,,100105,100,,,100108,100,,,100109,100,,,100112,100,,
2019-06-28 09:30:00.000000032,100030,100,100029,100,100044,100,99969,100,100068,100,99968,100,100070,200,99925,100,100086,100,99919,100,100092,100,99847,200,100105,100,,,100108,100,,,100109,100,,,100112,100,,
2019-06-28 09:30:00.000000035,100030,100,100029,100,100044,100,99969,100,100068,100,99968,100,100070,200,99925,100,100086,100,99919,100,100092,100,99847,300,100105,100,,,100108,100,,,100109,100,,,100112,100,,
2019-06-28 09:30:00.000000036,100030,100,100029,100,100044,100,100018,100,100068,100,99969,100,100070,200,99968,100,100086,100,99925,100,100092,100,99919,100,100105,100,99847,300,100108,100,,,100109,100,,,100112,100,,
2019-06-28 09:30:00.000000037,100030,100,100029,100,100044,100,100018,100,100068,100,99969,100,100070,200,99968,100,100086,100,99963,100,100092,100,99925,100,100105,100,99919,100,100108,100,99847,300,100109,100,,,100112,100,,
2019-06-28 09:30:00.000000038,100030,100,100029,100,100044,100,100018,100,100068,100,99969,100,100070,200,99968,100,100086,100,99963,100,100092,100,99925,100,100105,100,99919,100,100108,100,99847,300,100109,100,,,100112,200,,
2019-06-28 09:30:00.000000041,100030,100,100029,100,100044,100,100018,100,100068,100,99969,100,100070,200,99968,100,100086,100,99963,100,100092,100,99925,100,100105,100,99919,100,100108,100,99847,400,100109,100,,,100112,200,,
2019-06-28 09:30:00.000000042,100030,100,100018,100,100044,100,99969,100,100055,100,99968,100,100067,100,99963,100,100068,100,99925,100,100070,200,99919,100,100086,100,99907,100,100092,100,99847,400,100105,100,,,100108,100,,
2019-06-28 09:30:00.000000043,100029,100,100018,100,100030,100,99969,100,100044,100,99968,100,100055,100,99963,100,100067,100,99925,100,100068,100,99919,100,100070,200,99907,100,100086,100,99847,400,100092,100,,,100105,100,,
2019-06-28 09:30:00.000000044,100029,100,100018,100,100030,100,99969,100,100044,100,99968,100,100055,100,99963,100,100061,100,99951,100,100067,100,99925,100,100068,100,99919,100,100070,200,99907,100,100086,100,99847,400,100092,100,,
2019-06-28 09:30:00.000000045,100029,100,100018,100,100030,100,99969,100,100044,100,99968,100,100055,100,99963,100,100061,100,99951,100,100067,100,99925,100,100068,100,99919,100,100070,200,99907,100,100086,100,99847,400,100092,100,,
2019-06-28 09:30:00.000000046,100029,100,100018,100,100030,100,99969,100,100044,100,99968,100,100048,100,99963,100,100055,100,99951,100,100061,100,99925,100,100067,100,99919,100,100068,100,99907,100,100070,200,99847,400,100086,100,,
2019-06-28 09:30:00.000000047,100029,100,100018,100,100030,100,99969,100,100044,100,99968,100,100048,100,99963,100,100055,200,99951,100,100061,100,99925,100,100067,100,99919,100,100068,100,99907,100,100070,200,99847,400,100086,100,,
2019-06-28 09:30:00.000000049,100029,100,100018,100,100030,100,99969,100,100044,100,99968,100,100048,100,99963,100,100055,200,99951,100,100061,100,99925,100,100067,100,99919,100,100068,100,99907,100,100070,200,99847,400,100086,200,,
2019-06-28 09:30:00.000000052,100030,100,100018,100,100044,100,99969,100,100048,100,99968,100,100055,200,99963,100,100061,100,99951,100,100067,100,99925,100,100068,100,99922,100,100070,200,99919,100,100086,200,99907,100,100092,100,99847,400
2019-06-28 09:30:00.000000055,100030,100,100018,100,100044,100,99969,100,100048,100,99968,100,100055,200,99963,100,100061,100,99951,100,100067,100,99937,100,100068,100,99925,100,100070,200,99922,100,100086,200,99919,100,100092,100,99907,100
2019-06-28 09:30:00.000000061,100030,100,100018,100,100044,100,99969,100,100048,100,99968,100,100055,200,99963,100,100061,100,99951,100,100067,100,99937,100,100068,100,99925,100,100070,200,99922,100,100086,200,99919,100,100092,100,99907,100
2019-06-28 09:30:00.000000064,100029,100,100018,100,100030,100,99969,100,100044,100,99968,100,100048,100,99963,100,100055,200,99951,100,100061,100,99937,100,100067,100,99925,100,100068,100,99922,100,100070,200,99919,100,100086,200,99907,100
2019-06-28 09:30:00.000000065,100029,100,99969,100,100030,100,99968,100,100044,100,99963,100,100048,100,99951,100,100055,200,99937,100,100061,100,99925,100,100067,100,99922,100,100068,100,99919,100,100070,200,99907,100,100086,200,99847,400
2019-06-28 09:30:00.000000068,100029,100,99968,100,100030,100,99963,100,100044,100,99951,100,100048,100,99937,100,100055,200,99925,100,100061,100,99922,100,100067,100,99919,100,100068,100,99907,100,100070,200,99847,400,100086,200,,
2019-06-28 09:30:00.000000069,100029,100,100014,100,100030,100,99968,100,100044,100,99963,100,100048,100,99951,100,100055,200,99937,100,100061,100,99925,100,100067,100,99922,100,100068,100,99919,100,100070,200,99907,100,100086,200,99847,400
2019-06-28 09:30:00.000000075,100029,100,100014,100,100030,100,99968,100,100044,100,99963,100,100048,100,99951,100,100055,200,99937,100,100061,100,99925,100,100067,100,99922,100,100068,100,99919,100,100070,200,99907,100,100086,200,99847,400
2019-06-28 09:30:00.000000076,100029,100,100014,100,100030,100,100003,100,100044,100,99968,100,100048,100,99963,100,100055,200,99951,100,100061,100,99948,100,100067,100,99937,100,100068,100,99925,100,100070,200,99922,100,100086,200,99919,100
2019-06-28 09:30:00.000000077,100029,100,100014,100,100030,100,100003,100,100044,100,99968,100,100048,100,99963,100,100055,200,99955,100,100061,100,99951,100,100067,100,99948,100,100068,100,99937,100,100070,200,99925,100,100086,200,99922,100
2019-06-28 09:30:00.000000078,100029,100,100014,100,100030,100,100003,100,100044,100,99968,100,100048,100,99963,100,100055,200,99955,100,100061,100,99951,100,100067,100,99948,100,100068,100,99937,100,100070,200,99930,100,100086,200,99925,100
2019-06-28 09:30:00.000000080,100029,100,100014,100,100030,100,100003,100,100044,100,99969,100,100048,100,99968,100,100055,200,99963,100,100061,100,99955,100,100067,100,99951,100,100068,100,99948,100,100070,200,99937,100,100086,200,99930,100
2019-06-28 09:30:00.000000083,100029,100,100014,100,100030,100,100003,100,100044,100,99969,100,100048,100,99968,100,100055,200,99963,100,100061,100,99955,100,100067,100,99951,100,100068,100,99948,100,100070,200,99937,100,100086,200,99930,100
2019-06-28 09:30:00.000000085,100029,100,100014,100,100030,100,100003,100,100044,100,99969,100,100048,100,99968,100,100055,200,99963,100,100061,100,99955,100,100067,100,99951,100,100068,100,99948,100,100070,200,99937,100,100086,200,99930,100
2019-06-28 09:30:00.000000086,100029,100,100014,100,100030,100,100003,100,100044,100,99969,100,100048,100,99968,100,100055,200,99963,100,100061,100,99955,100,100067,100,99951,100,100068,100,99948,100,100070,200,99937,100,100086,200,99930,100
2019-06-28 09:30:00.000000088,100029,100,100014,100,100030,100,100003,100,100044,100,99969,100,100048,100,99968,100,100055,200,99963,100,100061,100,99955,100,100067,100,99952,100,100068,100,99951,100,100070,200,99948,100,100086,200,99937,100
2019-06-28 09:30:00.000000090,100029,100,100014,100,100030,100,100003,100,100044,100,99969,200,100048,100,99968,100,100055,200,99963,100,100061,100,99955,100,100067,100,99952,100,100068,100,99951,100,100070,200,99948,100,100086,200,99937,100
2019-06-28 09:30:00.000000091,100029,100,100014,100,100030,100,100003,100,100044,100,99969,200,100048,100,99968,100,100055,200,99963,100,100061,100,99955,100,100067,100,99954,100,100068,100,99952,100,100070,200,99951,100,100086,200,99948,100
2019-06-28 09:30:00.000000092,100018,100,100014,100,100029,100,100003,100,100030,100,99969,200,100044,100,99968,100,100048,100,99967,100,100055,200,99963,100,100061,100,99955,100,100067,100,99954,100,100068,100,99952,100,100070,200,99951,100
2019-06-28 09:30:00.000000093,100029,100,100014,100,100030,100,100003,100,100044,100,99969,200,100048,100,99968,100,100055,200,99967,100,100061,100,99963,100,100067,100,99955,100,100068,100,99954,100,100070,200,99952,100,100086,200,99951,100
2019-06-28 09:30:00.000000095,100029,100,100014,100,100030,100,100003,100,100044,100,99970,100,100048,100,99969,200,100055,200,99968,100,100061,100,99967,100,100067,100,99963,100,100068,100,99955,100,100070,200,99954,100,100086,200,99952,100
2019-06-28 09:30:00.000000098,100029,100,100014,100,100030,100,100003,100,100044,100,99970,100,100048,100,99969,200,100055,200,99968,100,100061,100,99967,100,100067,100,99963,100,100068,100,99955,100,100070,200,99954,100,100086,200,99952,100
2019-06-28 09:30:00.000000099,100029,100,100014,100,100030,100,100003,100,100044,100,99970,100,100048,100,99969,200,100055,200,99968,100,100061,100,99967,100,100067,100,99963,100,100068,100,99955,100,100070,200,99954,100,100086,200,99952,100
2019-06-28 09:30:01.684764357,100029,100,100003,100,100030,100,99970,100,100044,100,99969,200,100048,100,99968,100,100055,200,99967,100,100061,100,99963,100,100067,100,99955,100,100068,100,99954,100,100070,200,99952,100,100086,200,99951,100
2019-06-28 09:30:04.575190257,100029,100,100003,100,100030,100,99970,100,100048,100,99969,200,100055,200,99968,100,100061,100,99967,100,100067,100,99963,100,100068,100,99955,100,100070,200,99954,100,100086,200,99952,100,100092,100,99951,100
2019-06-28 09:30:10.000000000,100029,174,100003,174,100030,174,99970,174,100048,174,99969,274,100055,274,99968,174,100061,174,99967,174,100067,100,99963,100,100068,100,99955,100,100070,200,99954,100,100086,200,99952,100,100092,100,99951,100
2019-06-28 09:30:20.000000000,100029,193,100003,193,100030,193,99970,193,100048,193,99969,293,100055,293,99968,193,100061,100,99967,100,100067,100,99963,100,100068,100,99955,100,100070,200,99954,100,100086,200,99952,100,100092,100,99951,100
2019-06-28 09:30:23.864884145,100029,93,100003,193,100030,193,99970,193,100048,193,99969,293,100055,293,99968,193,100061,100,99967,100,100067,100,99963,100,100068,100,99955,100,100070,200,99954,100,100086,200,99952,100,100092,100,99951,100
2019-06-28 09:30:30.000000000,100030,174,100003,174,100048,174,99970,174,100055,274,99969,274,100061,174,99968,174,100067,174,99967,174,100068,100,99963,100,100070,200,99955,100,100086,200,99954,100,100092,100,99952,100,100095,100,99951,100
2019-06-28 09:30:36.872225951,100030,174,100003,174,100048,174,99970,174,100055,274,99969,274,100061,174,99968,174,100067,174,99967,174,100068,100,99963,100,100070,200,99955,100,100086,200,99954,100,100092,100,99952,100,100095,100,99951,100
2019-06-28 09:30:40.000000000,100030,174,100003,174,100048,174,99970,174,100055,274,99969,274,100061,174,99968,174,100067,174,99967,174,100068,100,99963,100,100070,200,99955,100,100086,200,99954,100,100092,100,99952,100,100095,100,99951,100
2019-06-28 09:30:50.000000000,100030,226,100003,226,100048,223,99970,223,100055,323,99969,323,100061,100,99968,100,100067,100,99967,100,100068,100,99963,100,100070,200,99955,100,100086,200,99954,100,100092,100,99952,100,100095,100,99951,100
2019-06-28 09:31:00.000000000,100030,174,100003,174,100048,174,99970,174,100055,274,99969,274,100061,174,99968,174,100067,174,99967,174,100068,100,99963,100,100070,200,99955,100,100086,200,99954,100,100092,100,99952,100,100095,100,99951,100
2019-06-28 09:31:09.847374394,100030,174,100003,174,100048,174,99970,174,100055,274,99969,274,100061,174,99968,174,100067,174,99967,174,100068,100,99963,100,100070,200,99955,100,100086,200,99954,100,100092,100,99952,100,100095,100,99951,100
2019-06-28 09:31:10.000000000,100030,286,100003,286,100048,286,99970,286,100055,200,99969,200,100061,100,99968,100,100067,100,99967,100,100068,100,99963,100,100070,200,99955,100,100086,200,99954,100,100092,100,99952,100,100095,100,99951,100
2019-06-28 09:31:20.000000000,100030,226,100003,226,100048,223,99970,223,100055,323,99969,323,100061,100,99968,100,100067,100,99967,100,100068,100,99963,100,100070,200,99955,100,100086,200,99954,100,100092,100,99952,100,100095,100,99951,100
2019-06-28 09:31:29.764789744,100030,226,100003,226,100048,223,99970,223,100055,323,99969,323,100061,100,99968,100,100067,100,99967,100,100068,100,99963,100,100070,200,99955,100,100086,200,99954,100,100092,100,99952,100,100095,100,99951,100
2019-06-28 09:31:30.000000000,100030,226,100003,226,100048,223,99970,223,100055,323,99969,323,100061,100,99968,100,100067,100,99967,100,100068,100,99963,100,100070,200,99955,100,100086,200,99954,100,100092,100,99952,100,100095,100,99951,100
2019-06-28 09:31:40.000000000,100030,193,100003,193,100048,193,99970,193,100055,293,99969,293,100061,193,99968,193,100067,100,99967,100,100068,100,99963,100,100070,200,99955,100,100086,200,99954,100,100092,100,99952,100,100095,100,99951,100
2019-06-28 09:31:50.000000000,100030,472,100003,472,100048,100,99970,100,100055,200,99969,200,100061,100,99968,100,100067,100,99967,100,100068,100,99963,100,100070,200,99955,100,100086,200,99954,100,100092,100,99952,100,100095,100,99951,100
2019-06-28 09:31:56.542964163,100030,372,100003,472,100048,100,99970,100,100055,200,99969,200,100061,100,99968,100,100067,100,99967,100,100068,100,99963,100,100070,200,99955,100,100086,200,99954,100,100092,100,99952,100,100095,100,99951,100
2019-06-28 09:32:00.000000000,100048,193,100003,193,100055,293,99970,193,100061,193,99969,293,100067,193,99968,193,100068,100,99967,100,100070,200,99963,100,100086,200,99955,100,100092,100,99954,100,100095,100,99952,100,100105,100,99951,100
2019-06-28 09:32:10.000000000,100048,472,100003,472,100055,200,99970,100,100061,100,99969,200,100067,100,99968,100,100068,100,99967,100,100070,200,99963,100,100086,200,99955,100,100092,100,99954,100,100095,100,99952,100,100105,100,99951,100
2019-06-28 09:32:14.610208137,100048,472,100003,472,100055,200,99970,100,100061,100,99969,200,100067,100,99968,100,100068,100,99967,100,100070,200,99963,100,100086,200,99955,100,100092,100,99954,100,100095,100,99952,100,100105,100,99951,100
2019-06-28 09:32:16.072444996,100048,472,100003,472,100055,200,99970,100,100067,100,99969,200,100068,100,99968,100,100070,200,99967,100,100086,200,99963,100,100092,100,99955,100,100095,100,99954,100,100105,100,99952,100,100106,100,99951,100
2019-06-28 09:32:19.796424688,100048,472,100003,372,100055,200,99970,100,100067,100,99969,200,100068,100,99968,100,100070,200,99967,100,100086,200,99963,100,100092,100,99955,100,100095,100,99954,100,100105,100,99952,100,100106,100,99951,100
2019-06-28 09:32:20.000000000,100048,472,99970,472,100055,200,99969,200,100067,100,99968,100,100068,100,99967,100,100070,200,99963,100,100086,200,99955,100,100092,100,99954,100,100095,100,99952,100,100105,100,99951,100,100106,100,99948,100
2019-06-28 09:32:30.000000000,100048,226,99970,226,100055,323,99969,323,100067,223,99968,223,100068,100,99967,100,100070,200,99963,100,100086,200,99955,100,100092,100,99954,100,100095,100,99952,100,100105,100,99951,100,100106,100,99948,100
2019-06-28 09:32:33.931239363,100048,226,99970,226,100055,323,99969,323,100067,223,99968,223,100068,100,99967,100,100070,200,99963,100,100086,100,99955,100,100092,100,99954,100,100095,100,99952,100,100105,100,99951,100,100106,100,99948,100
2019-06-28 09:32:40.000000000,100048,193,99970,193,100055,293,99969,293,100067,193,99968,193,100068,193,99967,193,100070,200,99963,100,100086,100,99955,100,100092,100,99954,100,100095,100,99952,100,100105,100,99951,100,100106,100,99948,100
2019-06-28 09:32:50.000000000,100048,174,99970,174,100055,274,99969,274,100067,174,99968,174,100068,174,99967,174,100070,274,99963,174,100086,100,99955,100,100092,100,99954,100,100095,100,99952,100,100105,100,99951,100,100106,100,99948,100
2019-06-28 09:33:00.000000000,100048,472,99970,472,100055,200,99969,200,100067,100,99968,100,100068,100,99967,100,100070,200,99963,100,100086,100,99955,100,100092,100,99954,100,100095,100,99952,100,100105,100,99951,100,100106,100,99948,100
2019-06-28 09:33:02.065596905,100048,472,99970,372,100055,200,99969,200,100067,100,99968,100,100068,100,99967,100,100070,200,99963,100,100086,100,99955,100,100092,100,99954,100,100095,100,99952,100,100105,100,99951,100,100106,100,99948,100
2019-06-28 09:33:10.000000000,100048,286,99969,386,100055,386,99968,286,100067,100,99967,100,100068,100,99963,100,100070,200,99955,100,100086,100,99954,100,100092,100,99952,100,100095,100,99951,100,100105,100,99948,100,100106,100,99945,100
2019-06-28 09:33:20.000000000,100048,472,99969,572,100055,200,99968,100,100067,100,99967,100,100068,100,99963,100,100070,200,99955,100,100086,100,99954,100,100092,100,99952,100,100095,100,99951,100,100105,100,99948,100,100106,100,99945,100
2019-06-28 09:33:23.755258374,100048,472,99969,572,100055,200,99968,100,100067,100,99967,100,100068,100,99963,100,100070,200,99955,100,100086,100,99954,100,100092,100,99952,100,100095,100,99951,100,100105,100,99948,100,100106,100,99945,100
2019-06-28 09:33:30.000000000,100048,286,99969,386,100055,386,99968,286,100067,100,99967,100,100068,100,99963,100,100070,200,99955,100,100086,100,99954,100,100092,100,99952,100,100095,100,99951,100,100105,100,99948,100,100106,100,99945,100
2019-06-28 09:33:37.891358549,100003,100,99969,386,100048,286,99968,286,100055,386,99967,100,100067,100,99963,100,100068,100,99955,100,100070,200,99954,100,100086,100,99952,100,100092,100,99951,100,100095,100,99948,100,100105,100,99945,100
2019-06-28 09:33:40.000000000,100003,472,99969,572,100048,100,99968,100,100055,200,99967,100,100067,100,99963,100,100068,100,99955,100,100070,200,99954,100,100086,100,99952,100,100092,100,99951,100,100095,100,99948,100,100105,100,99945,100
2019-06-28 09:33:45.657520630,100003,472,99969,572,100048,100,99968,100,100055,200,99967,100,100068,100,99963,100,100070,200,99955,100,100086,100,99954,100,100092,100,99952,100,100095,100,99951,100,100105,100,99948,100,100106,100,99945,100
2019-06-28 09:33:47.670920617,100003,472,99969,572,100048,100,99968,100,100055,200,99967,100,100068,100,99963,100,100070,200,99955,100,100086,100,99954,100,100092,100,99952,100,100095,100,99951,100,100103,100,99948,100,100105,100,99945,100
2019-06-28 09:33:50.000000000,100003,286,99969,386,100048,286,99968,286,100055,200,99967,100,100068,100,99963,100,100070,200,99955,100,100086,100,99954,100,100092,100,99952,100,100095,100,99951,100,100103,100,99948,100,100105,100,99945,100
2019-06-28 09:33:54.669865796,100003,286,99969,286,100048,286,99968,286,100055,200,99967,100,100068,100,99963,100,100070,200,99955,100,100086,100,99954,100,100092,100,99952,100,100095,100,99951,100,100103,100,99948,100,100105,100,99945,100
2019-06-28 09:34:00.000000000,100003,193,99969,193,100048,193,99968,193,100055,293,99967,193,100068,193,99963,193,100070,200,99955,100,100086,100,99954,100,100092,100,99952,100,100095,100,99951,100,100103,100,99948,100,100105,100,99945,100
2019-06-28 09:34:10.000000000,100003,226,99969,226,100048,223,99968,223,100055,323,99967,223,100068,100,99963,100,100070,200,99955,100,100086,100,99954,100,100092,100,99952,100,100095,100,99951,100,100103,100,99948,100,100105,100,99945,100
2019-06-28 09:34:20.000000000,100003,226,99969,226,100048,223,99968,223,100055,323,99967,223,100068,100,99963,100,100070,200,99955,100,100086,100,99954,100,100092,100,99952,100,100095,100,99951,100,100103,100,99948,100,100105,100,99945,100
2019-06-28 09:34:27.677066219,100003,226,99969,226,100048,223,99968,223,100055,323,99967,223,100068,100,99955,100,100070,200,99954,100,100086,100,99952,100,100092,100,99951,100,100095,100,99948,100,100103,100,99945,100,100105,100,99937,100
2019-06-28 09:34:30.000000000,100003,286,99969,286,100048,286,99968,286,100055,200,99967,100,100068,100,99955,100,100070,200,99954,100,100086,100,99952,100,100092,100,99951,100,100095,100,99948,100,100103,100,99945,100,100105,100,99937,100
2019-06-28 09:34:33.527319248,100003,286,99969,186,100048,286,99968,286,100055,200,99967,100,100068,100,99955,100,100070,200,99954,100,100086,100,99952,100,100092,100,99951,100,100095,100,99948,100,100105,100,99945,100,100106,100,99937,100
2019-06-28 09:34:40.000000000,100003,193,99968,193,100048,193,99967,193,100055,293,99955,193,100068,193,99954,193,100070,200,99952,100,100086,100,99951,100,100092,100,99948,100,100095,100,99945,100,100105,100,99937,100,100106,100,99930,100
2019-06-28 09:34:50.000000000,100003,472,99968,472,100048,100,99967,100,100055,200,99955,100,100068,100,99954,100,100070,200,99952,100,100086,100,99951,100,100092,100,99948,100,100095,100,99945,100,100105,100,99937,100,100106,100,99930,100
2019-06-28 09:34:52.378569403,100003,472,99968,372,100048,100,99967,100,100055,200,99955,100,100068,100,99954,100,100070,200,99952,100,100086,100,99951,100,100092,100,99948,100,100095,100,99945,100,100105,100,99937,100,100106,100,99930,100
2019-06-28 09:35:00.000000000,100003,174,99967,174,100048,174,99955,174,100055,274,99954,174,100068,174,99952,174,100070,274,99951,174,100086,100,99948,100,100092,100,99945,100,100095,100,99937,100,100105,100,99930,100,100106,100,99927,100
2019-06-28 09:35:10.000000000,100003,286,99967,286,100048,286,99955,286,100055,200,99954,100,100068,100,99952,100,100070,200,99951,100,100086,100,99948,100,100092,100,99945,100,100095,100,99937,100,100105,100,99930,100,100106,100,99927,100
2019-06-28 09:35:20.000000000,100003,226,99967,226,100048,223,99955,223,100055,323,99954,223,100068,100,99952,100,100070,200,99951,100,100086,100,99948,100,100092,100,99945,100,100095,100,99937,100,100105,100,99930,100,100106,100,99927,100
2019-06-28 09:35:28.006184576,100003,226,99967,126,100048,223,99955,223,100055,323,99954,223,100068,100,99952,100,100070,200,99951,100,100086,100,99948,100,100092,100,99945,100,100095,100,99937,100,100105,100,99930,100,100106,100,99927,100
2019-06-28 09:35:30.000000000,100003,193,99955,193,100048,193,99954,193,100055,293,99952,193,100068,193,99951,193,100070,200,99948,100,100086,100,99945,100,100092,100,99937,100,100095,100,99930,100,100105,100,99927,100,100106,100,99922,100
2019-06-28 09:35:40.000000000,100003,193,99955,193,100048,193,99954,193,100055,293,99952,193,100068,193,99951,193,100070,200,99948,100,100086,100,99945,100,100092,100,99937,100,100095,100,99930,100,100105,100,99927,100,100106,100,99922,100
2019-06-28 09:35:50.000000000,100003,174,99955,174,100048,174,99954,174,100055,274,99952,174,100068,174,99951,174,100070,274,99948,174,100086,100,99945,100,100092,100,99937,100,100095,100,99930,100,100105,100,99927,100,100106,100,99922,100
2019-06-28 09:35:58.971669519,100003,174,99955,74,100048,174,99954,174,100055,274,99952,174,100068,174,99951,174,100070,274,99948,174,100086,100,99945,100,100092,100,99937,100,100095,100,99930,100,100105,100,99927,100,100106,100,99922,100
2019-06-28 09:36:00.000000000,100003,193,99954,193,100048,193,99952,193,100055,293,99951,193,100068,193,99948,193,100070,200,99945,100,100086,100,99937,100,100092,100,99930,100,100095,100,99927,100,100105,100,99922,100,100106,100,99912,100
2019-06-28 09:36:08.908167790,100003,193,99954,193,100015,100,99952,193,100048,193,99951,193,100055,293,99948,193,100068,193,99945,100,100070,200,99937,100,100086,100,99930,100,100092,100,99927,100,100095,100,99922,100,100105,100,99912,100
2019-06-28 09:36:10.000000000,100003,472,99954,472,100015,100,99952,100,100048,100,99951,100,100055,200,99948,100,100068,100,99945,100,100070,200,99937,100,100086,100,99930,100,100092,100,99927,100,100095,100,99922,100,100105,100,99912,100
2019-06-28 09:36:20.000000000,100003,174,99954,174,100015,174,99952,174,100048,174,99951,174,100055,274,99948,174,100068,174,99945,174,100070,200,99937,100,100086,100,99930,100,100092,100,99927,100,100095,100,99922,100,100105,100,99912,100
2019-06-28 09:36:30.000000000,100003,286,99954,286,100015,286,99952,286,100048,100,99951,100,100055,200,99948,100,100068,100,99945,100,100070,200,99937,100,100086,100,99930,100,100092,100,99927,100,100095,100,99922,100,100105,100,99912,100
2019-06-28 09:36:31.017096282,100003,286,99954,286,100015,286,99952,286,100048,100,99951,100,100055,200,99948,100,100068,100,99945,100,100070,200,99937,100,100086,100,99930,100,100092,100,99927,100,100095,100,99922,100,100105,100,99912,100
2019-06-28 09:36:33.335264713,100003,186,99954,286,100015,286,99952,286,100048,100,99951,100,100055,200,99948,100,100068,100,99945,100,100070,200,99937,100,100086,100,99930,100,100092,100,99927,100,100095,100,99922,100,100105,100,99912,100
2019-06-28 09:36:34.684390077,100003,86,99954,286,100015,286,99952,286,100048,100,99951,100,100055,200,99948,100,100068,100,99945,100,100070,200,99937,100,100092,100,99930,100,100095,100,99927,100,100105,100,99922,100,100106,100,99912,100
2019-06-28 09:36:40.000000000,100015,226,99954,226,100048,223,99952,223,100055,323,99951,223,100068,100,99948,100,100070,200,99945,100,100092,100,99937,100,100095,100,99930,100,100105,100,99927,100,100106,100,99922,100,100108,100,99912,100
2019-06-28 09:36:50.000000000,100015,193,99954,193,100048,193,99952,193,100055,293,99951,193,100068,193,99948,193,100070,200,99945,100,100092,100,99937,100,100095,100,99930,100,100105,100,99927,100,100106,100,99922,100,100108,100,99912,100
2019-06-28 09:36:58.332746951,100002,100,99954,193,100015,193,99952,193,100048,193,99951,193,100055,293,99948,193,100068,193,99945,100,100070,200,99937,100,100092,100,99930,100,100095,100,99927,100,100105,100,99922,100,100106,100,99912,100
2019-06-28 09:36:58.858940183,100002,100,99954,193,100015,193,99952,193,100048,193,99951,193,100055,293,99948,193,100068,193,99945,100,100070,200,99937,100,100092,100,99930,100,100095,100,99927,100,100105,100,99922,100,100106,100,99912,100
2019-06-28 09:37:00.000000000,100002,472,99954,472,100015,100,99952,100,100048,100,99951,100,100055,200,99948,100,100068,100,99945,100,100070,200,99937,100,100092,100,99930,100,100095,100,99927,100,100105,100,99922,100,100106,100,99912,100
2019-06-28 09:37:10.000000000,100002,286,99954,286,100015,286,99952,286,100048,100,99951,100,100055,200,99948,100,100068,100,99945,100,100070,200,99937,100,100092,100,99930,100,100095,100,99927,100,100105,100,99922,100,100106,100,99912,100
2019-06-28 09:37:12.410191574,100002,386,99954,286,100015,286,99952,286,100048,100,99951,100,100055,200,99948,100,100068,100,99945,100,100070,200,99937,100,100092,100,99930,100,100095,100,99927,100,100106,100,99922,100,100108,100,99912,100
2019-06-28 09:37:12.570256965,100002,486,99954,286,100015,286,99952,286,100048,100,99951,100,100055,200,99948,100,100068,100,99945,100,100070,200,99937,100,100092,100,99930,100,100095,100,99927,100,100106,100,99922,100,100108,100,99912,100
2019-06-28 09:37:20.000000000,100002,486,99954,286,100015,286,99952,286,100048,100,99951,100,100055,200,99948,100,100068,100,99945,100,100070,200,99937,100,100092,100,99930,100,100095,100,99927,100,100106,100,99922,100,100108,100,99912,100
2019-06-28 09:37:30.000000000,100002,374,99954,174,100015,174,99952,174,100048,174,99951,174,100055,274,99948,174,100068,174,99945,174,100070,200,99937,100,100092,100,99930,100,100095,100,99927,100,100106,100,99922,100,100108,100,99912,100
2019-06-28 09:37:40.000000000,100002,486,99954,286,100015,286,99952,286,100048,100,99951,100,100055,200,99948,100,100068,100,99945,100,100070,200,99937,100,100092,100,99930,100,100095,100,99927,100,100106,100,99922,100,100108,100,99912,100
2019-06-28 09:37:49.179079173,100002,486,99954,286,100015,286,99952,286,100048,100,99951,100,100055,200,99948,100,100068,100,99937,100,100070,200,99930,100,100092,100,99927,100,100095,100,99922,100,100106,100,99912,100,100108,100,99909,100
2019-06-28 09:37:50.000000000,100002,393,99954,193,100015,193,99952,193,100048,193,99951,193,100055,293,99948,193,100068,100,99937,100,100070,200,99930,100,100092,100,99927,100,100095,100,99922,100,100106,100,99912,100,100108,100,99909,100
2019-06-28 09:38:00.000000000,100002,672,99954,472,100015,100,99952,100,100048,100,99951,100,100055,200,99948,100,100068,100,99937,100,100070,200,99930,100,100092,100,99927,100,100095,100,99922,100,100106,100,99912,100,100108,100,99909,100
2019-06-28 09:38:10.000000000,100002,426,99954,226,100015,223,99952,223,100048,223,99951,223,100055,200,99948,100,100068,100,99937,100,100070,200,99930,100,100092,100,99927,100,100095,100,99922,100,100106,100,99912,100,100108,100,99909,100
2019-06-28 09:38:20.000000000,100002,426,99954,226,100015,223,99952,223,100048,223,99951,223,100055,200,99948,100,100068,100,99937,100,100070,200,99930,100,100092,100,99927,100,100095,100,99922,100,100106,100,99912,100,100108,100,99909,100
2019-06-28 09:38:30.000000000,100002,426,99954,226,100015,223,99952,223,100048,223,99951,223,100055,200,99948,100,100068,100,99937,100,100070,200,99930,100,100092,100,99927,100,100095,100,99922,100,100106,100,99912,100,100108,100,99909,100
2019-06-28 09:38:33.984789418,100002,426,99954,226,100015,223,99952,123,100048,323,99951,223,100055,200,99948,100,100068,100,99937,100,100070,200,99930,100,100092,100,99927,100,100095,100,99922,100,100106,100,99912,100,100108,100,99909,100
2019-06-28 09:38:35.264181315,100002,426,99954,226,100015,223,99952,123,100048,323,99951,223,100055,200,99948,100,100068,100,99937,100,100070,200,99930,100,100092,100,99927,100,100095,100,99922,100,100106,100,99912,100,100108,100,99909,100
2019-06-28 09:38:40.000000000,100002,486,99954,286,100015,286,99951,286,100048,200,99948,100,100055,200,99937,100,100068,100,99930,100,100070,200,99927,100,100092,100,99922,100,100095,100,99912,100,100106,100,99909,100,100108,100,99879,100
2019-06-28 09:38:41.269557750,100002,486,99954,186,100015,286,99951,286,100048,200,99948,100,100055,200,99937,100,100068,100,99930,100,100070,200,99927,100,100092,100,99912,100,100095,100,99909,100,100106,100,99879,100,100108,100,99847,300
2019-06-28 09:38:49.356640806,100001,100,99954,186,100002,486,99951,286,100015,286,99948,100,100048,200,99937,100,100055,200,99930,100,100068,100,99927,100,100070,200,99912,100,100092,100,99909,100,100095,100,99879,100,100106,100,99847,300
2019-06-28 09:38:50.000000000,100001,174,99951,174,100002,374,99948,174,100015,174,99937,174,100048,274,99930,174,100055,274,99927,174,100068,100,99912,100,100070,200,99909,100,100092,100,99879,100,100095,100,99847,300,100106,100,99729,100
2019-06-28 09:38:50.126201903,100001,274,99951,174,100002,374,99948,174,100015,174,99937,174,100048,274,99930,174,100055,274,99927,174,100068,100,99912,100,100070,200,99909,100,100092,100,99879,100,100095,100,99847,300,100106,100,99729,100
2019-06-28 09:39:00.000000000,100001,274,99951,174,100002,374,99948,174,100015,174,99937,174,100048,274,99930,174,100055,274,99927,174,100068,100,99912,100,100070,200,99909,100,100092,100,99879,100,100095,100,99847,300,100106,100,99729,100
2019-06-28 09:39:10.000000000,100001,293,99951,193,100002,393,99948,193,100015,193,99937,193,100048,293,99930,193,100055,200,99927,100,100068,100,99912,100,100070,200,99909,100,100092,100,99879,100,100095,100,99847,300,100106,100,99729,100
2019-06-28 09:39:13.675347701,100001,293,99951,93,100002,393,99948,193,100015,193,99937,93,100048,293,99930,193,100055,200,99927,100,100068,100,99912,100,100070,200,99909,100,100092,100,99879,100,100095,100,99847,300,100106,100,99729,100
2019-06-28 09:39:16.357316294,99951,7,99948,193,100001,293,99937,93,100002,393,99930,193,100015,193,99927,100,100048,293,99912,100,100055,200,99909,100,100068,100,99879,100,100070,200,99847,300,100092,100,99729,100,100095,100,99604,100
2019-06-28 09:39:19.286477147,99951,7,99948,193,100001,293,99937,93,100002,393,99930,193,100015,193,99927,100,100048,293,99912,100,100055,200,99909,100,100068,100,99879,100,100070,200,99847,300,100092,100,99729,100,100095,100,99604,100
2019-06-28 09:39:20.000000000,99951,100,99948,193,100001,293,99930,193,100002,393,99927,193,100015,193,99912,193,100048,200,99909,100,100055,200,99879,100,100068,100,99847,300,100070,200,99729,100,100092,100,99604,100,100095,100,99588,100
2019-06-28 09:39:24.139288545,99951,100,99948,93,100001,293,99930,193,100002,393,99927,193,100015,193,99912,93,100048,200,99909,100,100055,200,99879,100,100068,100,99847,300,100070,200,99729,100,100092,100,99604,100,100095,100,99588,100
2019-06-28 09:39:30.000000000,99951,133,99930,226,100001,323,99927,223,100002,423,99909,223,100015,100,99879,100,100048,200,99847,300,100055,200,99729,100,100068,100,99604,100,100070,200,99588,100,100092,100,99556,100,100095,100,99517,100
2019-06-28 09:39:36.494152358,99951,133,99930,226,100001,323,99927,223,100002,423,99909,223,100015,100,99879,100,100048,100,99847,300,100055,200,99729,100,100068,100,99657,100,100070,200,99604,100,100092,100,99588,100,100095,100,99556,100
2019-06-28 09:39:40.000000000,99951,193,99930,286,100001,386,99927,286,100002,300,99909,100,100015,100,99879,100,100048,100,99847,300,100055,200,99729,100,100068,100,99657,100,100070,200,99604,100,100092,100,99588,100,100095,100,99556,100
2019-06-28 09:39:50.000000000,99951,100,99930,193,100001,293,99927,193,100002,393,99909,193,100015,193,99879,193,100048,100,99847,300,100055,200,99729,100,100068,100,99657,100,100070,200,99604,100,100092,100,99588,100,100095,100,99556,100
2019-06-28 09:40:00.000000000,99951,100,99930,193,100001,293,99927,193,100002,393,99909,193,100015,193,99879,193,100048,100,99847,300,100055,200,99729,100,100068,100,99657,100,100070,200,99604,100,100092,100,99588,100,100095,100,99556,100
2019-06-28 09:40:10.000000000,99951,100,99930,193,100001,293,99927,193,100002,393,99909,193,100015,193,99879,193,100048,100,99847,300,100055,200,99729,100,100068,100,99657,100,100070,200,99604,100,100092,100,99588,100,100095,100,99556,100
2019-06-28 09:40:13.261628080,99951,100,99930,93,100001,293,99927,193,100002,393,99909,193,100015,193,99879,193,100048,100,99847,300,100055,200,99729,100,100068,100,99657,100,100070,200,99604,100,100092,100,99588,100,100095,100,99556,100
2019-06-28 09:40:20.000000000,99951,81,99927,174,100001,274,99909,174,100002,374,99879,174,100015,174,99847,374,100048,174,99729,174,100055,200,99657,100,100068,100,99604,100,100070,200,99588,100,100092,100,99556,100,100095,100,99517,100
2019-06-28 09:40:23.053578620,99951,81,99927,174,100001,274,99909,174,100002,374,99879,174,100015,174,99847,374,100048,174,99729,174,100055,200,99657,100,100068,100,99588,100,100070,200,99556,100,100092,100,99517,100,100095,100,99211,100
2019-06-28 09:40:30.000000000,99951,133,99927,226,100001,323,99909,223,100002,423,99879,223,100015,100,99847,300,100048,100,99729,100,100055,200,99657,100,100068,100,99588,100,100070,200,99556,100,100092,100,99517,100,100095,100,99211,100
2019-06-28 09:40:36.433957092,99951,133,99927,226,100001,323,99909,223,100002,423,99879,223,100015,100,99847,300,100048,100,99729,100,100055,200,99657,100,100068,100,99588,100,100070,200,99556,100,100092,100,99211,100,100095,100,99177,100
2019-06-28 09:40:38.038356861,99951,133,99927,226,100001,323,99909,223,100002,423,99879,223,100015,100,99847,300,100048,100,99729,100,100055,200,99657,100,100068,100,99588,100,100070,200,99556,100,100092,100,99211,100,100095,100,99198,100
2019-06-28 09:40:40.000000000,99951,81,99927,174,100001,274,99909,174,100002,374,99879,174,100015,174,99847,374,100048,174,99729,174,100055,200,99657,100,100068,100,99588,100,100070,200,99556,100,100092,100,99211,100,100095,100,99198,100
2019-06-28 09:40:50.000000000,99951,133,99927,226,100001,323,99909,223,100002,423,99879,223,100015,100,99847,300,100048,100,99729,100,100055,200,99657,100,100068,100,99588,100,100070,200,99556,100,100092,100,99211,100,100095,100,99198,100
2019-06-28 09:41:00.000000000,99951,379,99927,472,100001,200,99909,100,100002,300,99879,100,100015,100,99847,300,100048,100,99729,100,100055,200,99657,100,100068,100,99588,100,100070,200,99556,100,100092,100,99211,100,100095,100,99198,100
2019-06-28 09:41:10.000000000,99951,100,99927,193,100001,293,99909,193,100002,393,99879,193,100015,193,99847,393,100048,100,99729,100,100055,200,99657,100,100068,100,99588,100,100070,200,99556,100,100092,100,99211,100,100095,100,99198,100
2019-06-28 09:41:20.000000000,99951,193,99927,286,100001,386,99909,286,100002,300,99879,100,100015,100,99847,300,100048,100,99729,100,100055,200,99657,100,100068,100,99588,100,100070,200,99556,100,100092,100,99211,100,100095,100,99198,100
2019-06-28 09:41:23.896151399,99951,193,99927,286,100001,386,99909,286,100002,300,99879,100,100015,100,99847,300,100048,100,99729,100,100055,200,99657,100,100070,200,99588,100,100092,100,99556,100,100095,100,99211,100,100106,100,99198,100
2019-06-28 09:41:26.564192139,99951,193,99927,186,100001,386,99909,286,100002,300,99879,100,100015,100,99847,300,100048,100,99729,100,100055,200,99657,100,100070,200,99588,100,100092,100,99556,100,100095,100,99211,100,100106,100,99198,100
2019-06-28 09:41:30.000000000,99951,193,99909,286,100001,386,99879,286,100002,300,99847,300,100015,100,99729,100,100048,100,99657,100,100055,200,99588,100,100070,200,99556,100,100092,100,99211,100,100095,100,99198,100,100106,100,99177,100
2019-06-28 09:41:33.128766752,99951,193,99909,186,100001,386,99879,286,100002,300,99847,300,100015,100,99729,100,100048,100,99657,100,100055,200,99588,100,100070,200,99556,100,100092,100,99211,100,100095,100,99198,100,100106,100,99177,100
2019-06-28 09:41:40.000000000,99951,379,99879,472,100001,200,99847,300,100002,300,99729,100,100015,100,99657,100,100048,100,99588,100,100055,200,99556,100,100070,200,99211,100,100092,100,99198,100,100095,100,99177,100,100106,100,98933,100
2019-06-28 09:41:42.594384378,99927,100,99879,472,99951,379,99847,300,100001,200,99729,100,100002,300,99657,100,100015,100,99588,100,100048,100,99556,100,100055,200,99211,100,100070,200,99198,100,100092,100,99177,100,100095,100,98933,100
2019-06-28 09:41:50.000000000,99927,472,99879,472,99951,7,99847,300,100001,200,99729,100,100002,300,99657,100,100015,100,99588,100,100048,100,99556,100,100055,200,99211,100,100070,200,99198,100,100092,100,99177,100,100095,100,98933,100
2019-06-28 09:42:00.000000000,99927,193,99879,193,99951,100,99847,393,100001,293,99729,193,100002,393,99657,193,100015,100,99588,100,100048,100,99556,100,100055,200,99211,100,100070,200,99198,100,100092,100,99177,100,100095,100,98933,100
2019-06-28 09:42:10.000000000,99927,193,99879,193,99951,100,99847,393,100001,293,99729,193,100002,393,99657,193,100015,100,99588,100,100048,100,99556,100,100055,200,99211,100,100070,200,99198,100,100092,100,99177,100,100095,100,98933,100
2019-06-28 09:42:20.000000000,99927,286,99879,286,99951,193,99847,486,100001,200,99729,100,100002,300,99657,100,100015,100,99588,100,100048,100,99556,100,100055,200,99211,100,100070,200,99198,100,100092,100,99177,100,100095,100,98933,100
2019-06-28 09:42:28.492982924,99927,386,99879,286,99951,193,99847,486,100001,100,99729,100,100002,300,99657,100,100015,100,99588,100,100048,100,99556,100,100055,200,99211,100,100070,200,99198,100,100092,100,99177,100,100095,100,98933,100
2019-06-28 09:42:30.000000000,99927,293,99879,193,99951,100,99847,393,100001,193,99729,193,100002,393,99657,193,100015,100,99588,100,100048,100,99556,100,100055,200,99211,100,100070,200,99198,100,100092,100,99177,100,100095,100,98933,100
2019-06-28 09:42:39.931398231,99927,293,99879,193,99951,100,99847,393,100001,193,99729,193,100002,393,99657,193,100015,100,99588,100,100048,100,99556,100,100055,200,99461,100,100070,200,99211,100,100092,100,99198,100,100095,100,99177,100
2019-06-28 09:42:40.000000000,99927,293,99879,193,99951,100,99847,393,100001,193,99729,193,100002,393,99657,193,100015,100,99588,100,100048,100,99556,100,100055,200,99461,100,100070,200,99211,100,100092,100,99198,100,100095,100,99177,100
2019-06-28 09:42:50.000000000,99927,326,99879,226,99951,130,99847,423,100001,223,99729,223,100002,300,99657,100,100015,100,99588,100,100048,100,99556,100,100055,200,99461,100,100070,200,99211,100,100092,100,99198,100,100095,100,99177,100
2019-06-28 09:43:00.000000000,99927,572,99879,472,99951,7,99847,300,100001,100,99729,100,100002,300,99657,100,100015,100,99588,100,100048,100,99556,100,100055,200,99461,100,100070,200,99211,100,100092,100,99198,100,100095,100,99177,100
2019-06-28 09:43:02.386290848,99927,572,99879,372,99951,7,99847,300,100001,100,99729,100,100002,300,99657,100,100015,100,99588,100,100048,100,99556,100,100055,200,99461,100,100070,200,99211,100,100092,100,99198,100,100095,100,99177,100
2019-06-28 09:43:07.564109045,99927,572,99879,272,99951,7,99847,300,100001,100,99729,100,100002,300,99588,100,100015,100,99556,100,100048,100,99461,100,100055,200,99211,100,100070,200,99198,100,100092,100,99177,100,100095,100,98933,100
2019-06-28 09:43:10.000000000,99927,572,99847,672,99951,7,99729,100,100001,100,99588,100,100002,300,99556,100,100015,100,99461,100,100048,100,99211,100,100055,200,99198,100,100070,200,99177,100,100092,100,98933,100,100095,100,98780,100
2019-06-28 09:43:20.000000000,99927,326,99847,426,99951,130,99729,223,100001,223,99588,223,100002,300,99556,100,100015,100,99461,100,100048,100,99211,100,100055,200,99198,100,100070,200,99177,100,100092,100,98933,100,100095,100,98780,100
2019-06-28 09:43:30.000000000,99927,386,99847,486,99951,193,99729,286,100001,100,99588,100,100002,300,99556,100,100015,100,99461,100,100048,100,99211,100,100055,200,99198,100,100070,200,99177,100,100092,100,98933,100,100095,100,98780,100
2019-06-28 09:43:33.618418173,99879,100,99847,486,99927,386,99729,286,99951,193,99588,100,100001,100,99556,100,100002,300,99461,100,100015,100,99211,100,100048,100,99198,100,100055,200,99177,100,100070,200,98933,100,100092,100,98780,100
2019-06-28 09:43:33.743523612,99879,100,99847,486,99927,386,99729,286,99951,193,99588,100,100001,100,99556,100,100002,300,99461,100,100015,100,99211,100,100048,100,99198,100,100055,200,99177,100,100070,200,99070,100,100092,100,98933,100
2019-06-28 09:43:34.918397471,99879,200,99847,386,99927,386,99729,286,99951,193,99588,100,100001,100,99556,100,100002,300,99461,100,100015,100,99211,100,100048,100,99198,100,100055,200,99177,100,100070,200,99070,100,100092,100,98933,100
2019-06-28 09:43:40.000000000,99879,386,99847,386,99927,386,99729,286,99951,7,99588,100,100001,100,99556,100,100002,300,99461,100,100015,100,99211,100,100048,100,99198,100,100055,200,99177,100,100070,200,99070,100,100092,100,98933,100
2019-06-28 09:43:50.000000000,99879,386,99847,386,99927,386,99729,286,99951,7,99588,100,100001,100,99556,100,100002,300,99461,100,100015,100,99211,100,100048,100,99198,100,100055,200,99177,100,100070,200,99070,100,100092,100,98933,100
2019-06-28 09:44:00.000000000,99879,572,99847,572,99927,200,99729,100,99951,7,99588,100,100001,100,99556,100,100002,300,99461,100,100015,100,99211,100,100048,100,99198,100,100055,200,99177,100,100070,200,99070,100,100092,100,98933,100
2019-06-28 09:44:04.007291331,99879,672,99847,572,99927,200,99729,100,99951,7,99588,100,100001,100,99556,100,100002,300,99461,100,100015,100,99211,100,100048,100,99198,100,100055,200,99177,100,100070,200,99070,100,100092,100,98933,100
2019-06-28 09:44:09.583147810,99879,672,99847,472,99927,200,99729,100,99951,7,99588,100,100001,100,99556,100,100002,300,99461,100,100015,100,99211,100,100048,100,99198,100,100055,100,99177,100,100070,200,99070,100,100092,100,98933,100
2019-06-28 09:44:10.000000000,99879,374,99847,174,99927,274,99729,174,99951,81,99588,174,100001,174,99556,174,100002,374,99461,174,100015,100,99211,100,100048,100,99198,100,100055,100,99177,100,100070,200,99070,100,100092,100,98933,100
2019-06-28 09:44:12.579147895,99879,374,99847,174,99927,274,99729,174,99951,81,99588,174,100001,174,99556,174,100002,374,99461,174,100015,100,99211,100,100048,100,99198,100,100055,100,99177,100,100070,200,99070,100,100092,100,98933,100
2019-06-28 09:44:20.000000000,99879,374,99847,174,99927,274,99729,174,99951,81,99588,174,100001,174,99556,174,100002,374,99461,174,100015,100,99211,100,100048,100,99198,100,100055,100,99177,100,100070,200,99070,100,100092,100,98933,100
2019-06-28 09:44:30.000000000,99879,374,99847,174,99927,274,99729,174,99951,81,99588,174,100001,174,99556,174,100002,374,99461,174,100015,100,99211,100,100048,100,99198,100,100055,100,99177,100,100070,200,99070,100,100092,100,98933,100
2019-06-28 09:44:40.000000000,99879,672,99847,472,99927,200,99729,100,99951,7,99588,100,100001,100,99556,100,100002,300,99461,100,100015,100,99211,100,100048,100,99198,100,100055,100,99177,100,100070,200,99070,100,100092,100,98933,100
2019-06-28 09:44:42.526963351,99879,672,99847,472,99927,200,99729,100,99951,7,99588,100,100001,100,99556,100,100002,300,99461,100,100015,100,99211,100,100048,100,99198,100,100055,100,99177,100,100070,200,99070,100,100092,100,98933,100
2019-06-28 09:44:50.000000000,99879,426,99847,226,99927,323,99729,223,99951,130,99588,223,100001,100,99556,100,100002,300,99461,100,100015,100,99211,100,100048,100,99198,100,100055,100,99177,100,100070,200,99070,100,100092,100,98933,100
2019-06-28 09:44:50.987236471,99879,426,99847,226,99927,323,99729,223,99951,130,99588,223,100001,100,99556,100,100002,300,99461,100,100015,100,99211,100,100048,100,99198,100,100055,100,99177,100,100070,200,99070,100,100092,100,98933,100
2019-06-28 09:44:56.558578148,99879,426,99847,226,99927,323,99729,223,99951,130,99588,223,100001,100,99556,100,100002,300,99461,100,100015,100,99211,100,100048,100,99198,100,100055,100,99177,100,100070,200,99070,100,100092,100,98933,100
2019-06-28 09:44:58.391813861,99879,426,99847,126,99927,323,99729,223,99951,130,99588,223,100001,100,99556,100,100002,300,99461,100,100015,100,99211,100,100048,100,99198,100,100055,100,99177,100,100070,200,99070,100,100092,100,98933,100
2019-06-28 09:45:00.000000000,99879,374,99729,174,99927,274,99588,174,99951,81,99556,174,100001,174,99461,174,100002,374,99211,174,100015,100,99198,100,100048,100,99177,100,100055,100,99070,100,100070,200,98933,100,100092,100,98820,100
2019-06-28 09:45:03.068890738,99879,374,99729,174,99927,274,99588,174,99951,81,99556,174,100001,174,99461,174,100002,374,99211,174,100015,100,99198,100,100048,100,99177,100,100055,100,99070,100,100070,200,98933,100,100092,100,98820,100
2019-06-28 09:45:10.000000000,99879,486,99729,286,99927,386,99588,286,99951,7,99556,100,100001,100,99461,100,100002,300,99211,100,100015,100,99198,100,100048,100,99177,100,100055,100,99070,100,100070,200,98933,100,100092,100,98820,100
2019-06-28 09:45:20.000000000,99879,672,99729,472,99927,200,99588,100,99951,7,99556,100,100001,100,99461,100,100002,300,99211,100,100015,100,99198,100,100048,100,99177,100,100055,100,99070,100,100070,200,98933,100,100092,100,98820,100
2019-06-28 09:45:24.332290752,99879,672,99729,372,99927,200,99588,100,99951,7,99556,100,100001,100,99461,100,100002,300,99211,100,100015,100,99198,100,100048,100,99177,100,100055,100,99070,100,100070,200,98933,100,100092,100,98820,100
2019-06-28 09:45:30.000000000,99879,374,99588,174,99927,274,99556,174,99951,81,99461,174,100001,174,99211,174,100002,374,99198,174,100015,100,99177,100,100048,100,99070,100,100055,100,98933,100,100070,200,98820,100,100092,100,98290,100
2019-06-28 09:45:40.000000000,99879,426,99588,226,99927,323,99556,223,99951,130,99461,223,100001,100,99211,100,100002,300,99198,100,100015,100,99177,100,100048,100,99070,100,100055,100,98933,100,100070,200,98820,100,100092,100,98290,100
2019-06-28 09:45:44.496980690,99879,426,99588,126,99927,323,99556,223,99951,130,99461,223,100001,100,99211,100,100002,300,99198,100,100015,100,99177,100,100048,100,99070,100,100055,100,98933,100,100070,200,98820,100,100092,100,98290,100
2019-06-28 09:45:50.000000000,99879,374,99556,174,99927,274,99461,174,99951,81,99211,174,100001,174,99198,174,100002,374,99177,174,100015,100,99070,100,100048,100,98933,100,100055,100,98820,100,100070,200,98290,100,100092,100,98275,100
2019-06-28 09:45:55.680410643,99879,374,99556,74,99927,274,99461,174,99951,81,99211,174,100001,174,99198,174,100002,374,99177,174,100015,100,99070,100,100048,100,98933,100,100055,100,98820,100,100070,200,98290,100,100092,100,98275,100
2019-06-28 09:46:00.000000000,99879,672,99461,472,99927,200,99211,100,99951,7,99198,100,100001,100,99177,100,100002,300,99070,100,100015,100,98933,100,100048,100,98820,100,100055,100,98290,100,100070,200,98275,100,100092,100,98178,100
2019-06-28 09:46:06.015541001,99879,672,99461,472,99927,200,99211,100,99951,7,99198,100,100001,100,99177,100,100002,300,99070,100,100015,100,98933,100,100048,100,98820,100,100055,100,98290,100,100070,100,98275,100,100092,100,98178,100
2019-06-28 09:46:10.000000000,99879,486,99461,286,99927,386,99211,286,99951,7,99198,100,100001,100,99177,100,100002,300,99070,100,100015,100,98933,100,100048,100,98820,100,100055,100,98290,100,100070,100,98275,100,100092,100,98178,100
2019-06-28 09:46:20.000000000,99879,374,99461,174,99927,274,99211,174,99951,81,99198,174,100001,174,99177,174,100002,374,99070,174,100015,100,98933,100,100048,100,98820,100,100055,100,98290,100,100070,100,98275,100,100092,100,98178,100
2019-06-28 09:46:30.000000000,99879,486,99461,286,99927,386,99211,286,99951,7,99198,100,100001,100,99177,100,100002,300,99070,100,100015,100,98933,100,100048,100,98820,100,100055,100,98290,100,100070,100,98275,100,100092,100,98178,100
2019-06-28 09:46:40.000000000,99879,486,99461,286,99927,386,99211,286,99951,7,99198,100,100001,100,99177,100,100002,300,99070,100,100015,100,98933,100,100048,100,98820,100,100055,100,98290,100,100070,100,98275,100,100092,100,98178,100
2019-06-28 09:46:50.000000000,99879,374,99461,174,99927,274,99211,174,99951,81,99198,174,100001,174,99177,174,100002,374,99070,174,100015,100,98933,100,100048,100,98820,100,100055,100,98290,100,100070,100,98275,100,100092,100,98178,100
2019-06-28 09:46:57.821685764,99879,374,99461,74,99927,274,99211,174,99951,81,99198,174,100001,174,99177,174,100002,374,99070,174,100015,100,98933,100,100048,100,98820,100,100055,100,98290,100,100070,100,98275,100,100092,100,98178,100
2019-06-28 09:46:58.998547885,99879,374,99461,74,99927,274,99211,174,99951,81,99198,74,100001,174,99177,174,100002,374,99070,174,100015,100,98933,100,100048,100,98820,100,100055,100,98348,100,100070,100,98290,100,100092,100,98275,100
2019-06-28 09:47:00.000000000,99879,426,99211,226,99927,323,99177,223,99951,130,99070,223,100001,100,98933,100,100002,300,98820,100,100015,100,98348,100,100048,100,98290,100,100055,100,98275,100,100070,100,98178,100,100092,100,98127,100
2019-06-28 09:47:03.910892937,99879,426,99211,226,99927,323,99177,223,99951,130,99070,223,100001,100,98933,100,100002,300,98820,100,100015,100,98348,100,100048,100,98341,100,100055,100,98290,100,100070,100,98275,100,100092,100,98178,100
2019-06-28 09:47:10.000000000,99879,393,99211,193,99927,293,99177,193,99951,100,99070,193,100001,193,98933,193,100002,300,98820,100,100015,100,98348,100,100048,100,98341,100,100055,100,98290,100,100070,100,98275,100,100092,100,98178,100
2019-06-28 09:47:20.000000000,99879,426,99211,226,99927,323,99177,223,99951,130,99070,223,100001,100,98933,100,100002,300,98820,100,100015,100,98348,100,100048,100,98341,100,100055,100,98290,100,100070,100,98275,100,100092,100,98178,100
2019-06-28 09:47:30.000000000,99879,374,99211,174,99927,274,99177,174,99951,81,99070,174,100001,174,98933,174,100002,374,98820,174,100015,100,98348,100,100048,100,98341,100,100055,100,98290,100,100070,100,98275,100,100092,100,98178,100
2019-06-28 09:47:40.000000000,99879,374,99211,174,99927,274,99177,174,99951,81,99070,174,100001,174,98933,174,100002,374,98820,174,100015,100,98348,100,100048,100,98341,100,100055,100,98290,100,100070,100,98275,100,100092,100,98178,100
2019-06-28 09:47:49.443549921,99879,374,99211,174,99927,274,99177,174,99951,81,99070,174,100001,174,98933,174,100002,374,98820,174,100015,100,98348,100,100048,100,98341,100,100055,100,98290,100,100070,100,98275,100,100092,100,98204,100
2019-06-28 09:47:50.000000000,99879,486,99211,286,99927,386,99177,286,99951,7,99070,100,100001,100,98933,100,100002,300,98820,100,100015,100,98348,100,100048,100,98341,100,100055,100,98290,100,100070,100,98275,100,100092,100,98204,100
2019-06-28 09:47:57.078298180,99879,486,99211,286,99927,386,99177,286,99951,7,99070,100,100001,100,98933,100,100002,300,98591,100,100015,100,98348,100,100048,100,98341,100,100055,100,98290,100,100070,100,98275,100,100092,100,98204,100
2019-06-28 09:48:00.000000000,99879,672,99211,472,99927,200,99177,100,99951,7,99070,100,100001,100,98933,100,100002,300,98591,100,100015,100,98348,100,100048,100,98341,100,100055,100,98290,100,100070,100,98275,100,100092,100,98204,100
2019-06-28 09:48:08.206575305,99556,100,99211,472,99879,672,99177,100,99927,200,99070,100,99951,7,98933,100,100002,300,98591,100,100015,100,98348,100,100048,100,98341,100,100055,100,98290,100,100070,100,98275,100,100092,100,98204,100
2019-06-28 09:48:10.000000000,99556,174,99211,174,99879,374,99177,174,99927,274,99070,174,99951,81,98933,174,100002,374,98591,174,100015,100,98348,100,100048,100,98341,100,100055,100,98290,100,100070,100,98275,100,100092,100,98204,100
2019-06-28 09:48:12.041049525,99556,274,99211,174,99879,374,99177,174,99927,274,99070,174,99951,81,98933,174,100002,374,98591,174,100015,100,98348,100,100048,100,98341,100,100055,100,98290,100,100070,100,98275,100,100092,100,98204,100
2019-06-28 09:48:19.413418542,99556,274,99211,174,99879,374,99177,174,99927,274,99070,174,99951,74,98933,174,100002,374,98732,100,100015,100,98591,174,100048,100,98348,100,100055,100,98341,100,100070,100,98290,100,100092,100,98275,100
2019-06-28 09:48:20.000000000,99556,326,99211,226,99879,423,99177,223,99927,323,99070,223,100002,300,98933,100,100015,100,98732,100,100048,100,98591,100,100055,100,98348,100,100070,100,98341,100,100092,100,98290,100,100095,100,98275,100
2019-06-28 09:48:24.007801508,99556,426,99211,226,99879,423,99177,223,99927,323,99070,223,100002,300,98933,100,100015,100,98732,100,100048,100,98591,100,100055,100,98348,100,100070,100,98341,100,100092,100,98290,100,100095,100,98275,100
2019-06-28 09:48:30.000000000,99556,374,99211,174,99879,374,99177,174,99927,274,99070,174,100002,374,98933,174,100015,174,98732,174,100048,100,98591,100,100055,100,98348,100,100070,100,98341,100,100092,100,98290,100,100095,100,98275,100
2019-06-28 09:48:40.000000000,99556,672,99211,472,99879,300,99177,100,99927,200,99070,100,100002,300,98933,100,100015,100,98732,100,100048,100,98591,100,100055,100,98348,100,100070,100,98341,100,100092,100,98290,100,100095,100,98275,100
2019-06-28 09:48:50.000000000,99556,426,99211,226,99879,423,99177,223,99927,323,99070,223,100002,300,98933,100,100015,100,98732,100,100048,100,98591,100,100055,100,98348,100,100070,100,98341,100,100092,100,98290,100,100095,100,98275,100
2019-06-28 09:49:00.000000000,99556,486,99211,286,99879,486,99177,286,99927,200,99070,100,100002,300,98933,100,100015,100,98732,100,100048,100,98591,100,100055,100,98348,100,100070,100,98341,100,100092,100,98290,100,100095,100,98275,100
2019-06-28 09:49:05.369380249,99556,486,99211,186,99879,486,99177,286,99927,200,99070,100,100002,300,98933,100,100015,100,98732,100,100048,100,98591,100,100055,100,98348,100,100070,100,98341,100,100092,100,98275,100,100095,100,98204,100
2019-06-28 09:49:10.000000000,99556,393,99177,193,99879,393,99070,193,99927,293,98933,193,100002,393,98732,193,100015,100,98591,100,100048,100,98348,100,100055,100,98341,100,100070,100,98275,100,100092,100,98204,100,100095,100,98178,100
2019-06-28 09:49:20.000000000,99556,393,99177,193,99879,393,99070,193,99927,293,98933,193,100002,393,98732,193,100015,100,98591,100,100048,100,98348,100,100055,100,98341,100,100070,100,98275,100,100092,100,98204,100,100095,100,98178,100
2019-06-28 09:49:30.000000000,99556,426,99177,226,99879,423,99070,223,99927,323,98933,223,100002,300,98732,100,100015,100,98591,100,100048,100,98348,100,100055,100,98341,100,100070,100,98275,100,100092,100,98204,100,100095,100,98178,100
2019-06-28 09:49:35.008364800,99556,426,99177,226,99879,423,99070,223,99927,323,98933,223,100002,300,98732,100,100015,100,98591,100,100048,100,98348,100,100055,100,98344,100,100070,100,98341,100,100092,100,98275,100,100095,100,98204,100
2019-06-28 09:49:36.630543220,99556,426,99177,226,99879,423,99070,223,99927,323,98933,223,100002,300,98591,100,100015,100,98471,100,100048,100,98348,100,100055,100,98344,100,100070,100,98341,100,100092,100,98275,100,100095,100,98204,100
2019-06-28 09:49:40.000000000,99556,374,99177,174,99879,374,99070,174,99927,274,98933,174,100002,374,98591,174,100015,174,98471,174,100048,100,98348,100,100055,100,98344,100,100070,100,98341,100,100092,100,98275,100,100095,100,98204,100
2019-06-28 09:49:50.000000000,99556,486,99177,286,99879,486,99070,286,99927,200,98933,100,100002,300,98591,100,100015,100,98471,100,100048,100,98348,100,100055,100,98344,100,100070,100,98341,100,100092,100,98275,100,100095,100,98204,100
2019-06-28 09:49:52.900246330,99556,486,99177,186,99879,486,99070,286,99927,200,98933,100,100002,300,98591,100,100015,100,98471,100,100048,100,98348,100,100055,100,98344,100,100070,100,98341,100,100092,100,98275,100,100095,100,98204,100
2019-06-28 09:49:54.873796194,99556,486,99177,186,99879,486,99070,286,99927,200,98933,100,100002,300,98593,100,100015,100,98591,100,100048,100,98471,100,100055,100,98348,100,100070,100,98344,100,100092,100,98341,100,100095,100,98275,100
2019-06-28 09:49:55.744332426,99211,100,99177,186,99556,486,99070,286,99879,486,98933,100,99927,100,98593,100,100002,300,98591,100,100015,100,98471,100,100048,100,98348,100,100055,100,98344,100,100070,100,98341,100,100092,100,98275,100
2019-06-28 09:50:00.000000000,99211,174,99070,174,99556,374,98933,174,99879,374,98593,174,99927,174,98591,174,100002,374,98471,174,100015,100,98348,100,100048,100,98344,100,100055,100,98341,100,100070,100,98275,100,100092,100,98204,100
2019-06-28 09:50:10.000000000,99211,226,99070,226,99556,423,98933,223,99879,423,98593,223,99927,100,98591,100,100002,300,98471,100,100015,100,98348,100,100048,100,98344,100,100055,100,98341,100,100070,100,98275,100,100092,100,98204,100
2019-06-28 09:50:20.000000000,99211,286,99070,286,99556,486,98933,286,99879,300,98593,100,99927,100,98591,100,100002,300,98471,100,100015,100,98348,100,100048,100,98344,100,100055,100,98341,100,100070,100,98275,100,100092,100,98204,100
2019-06-28 09:50:24.429960346,99211,286,99070,286,99556,486,98933,286,99879,300,98593,100,99927,100,98591,100,100002,300,98471,100,100015,100,98348,100,100048,100,98344,100,100055,100,98341,100,100070,100,98204,100,100092,100,98178,100
2019-06-28 09:50:30.000000000,99211,193,99070,193,99556,393,98933,193,99879,393,98593,193,99927,193,98591,193,100002,300,98471,100,100015,100,98348,100,100048,100,98344,100,100055,100,98341,100,100070,100,98204,100,100092,100,98178,100
2019-06-28 09:50:40.000000000,99211,472,99070,472,99556,300,98933,100,99879,300,98593,100,99927,100,98591,100,100002,300,98471,100,100015,100,98348,100,100048,100,98344,100,100055,100,98341,100,100070,100,98204,100,100092,100,98178,100
2019-06-28 09:50:41.832982565,99211,472,99070,372,99556,300,98933,100,99879,300,98593,100,99927,100,98591,100,100002,300,98471,100,100015,100,98348,100,100048,100,98344,100,100055,100,98341,100,100070,100,98204,100,100092,100,98178,100
2019-06-28 09:50:50.000000000,99211,226,98933,226,99556,423,98593,223,99879,423,98591,223,99927,100,98471,100,100002,300,98348,100,100015,100,98344,100,100048,100,98341,100,100055,100,98204,100,100070,100,98178,100,100092,100,98127,100
2019-06-28 09:51:00.000000000,99211,193,98933,193,99556,393,98593,193,99879,393,98591,193,99927,193,98471,193,100002,300,98348,100,100015,100,98344,100,100048,100,98341,100,100055,100,98204,100,100070,100,98178,100,100092,100,98127,100
2019-06-28 09:51:02.822058690,99211,193,98933,93,99556,393,98593,193,99879,393,98591,193,99927,193,98471,193,100002,300,98348,100,100015,100,98344,100,100048,100,98341,100,100070,100,98204,100,100092,100,98178,100,100095,100,98127,100
2019-06-28 09:51:10.000000000,99211,286,98593,286,99556,486,98591,286,99879,300,98471,100,99927,100,98348,100,100002,300,98344,100,100015,100,98341,100,100048,100,98204,100,100070,100,98178,100,100092,100,98127,100,100095,100,98100,100
2019-06-28 09:51:20.000000000,99211,193,98593,193,99556,393,98591,193,99879,393,98471,193,99927,193,98348,193,100002,300,98344,100,100015,100,98341,100,100048,100,98204,100,100070,100,98178,100,100092,100,98127,100,100095,100,98100,100
2019-06-28 09:51:22.354779450,99211,193,98593,93,99556,393,98591,193,99879,393,98471,193,99927,193,98348,193,100002,300,98344,100,100015,100,98341,100,100048,100,98204,100,100070,100,98178,100,100092,100,98127,100,100095,100,98100,100
2019-06-28 09:51:30.000000000,99211,226,98591,226,99556,423,98471,223,99879,423,98348,223,99927,100,98344,100,100002,300,98341,100,100015,100,98204,100,100048,100,98178,100,100070,100,98127,100,100092,100,98100,100,100095,100,,
2019-06-28 09:51:40.000000000,99211,286,98591,286,99556,486,98471,286,99879,300,98348,100,99927,100,98344,100,100002,300,98341,100,100015,100,98204,100,100048,100,98178,100,100070,100,98127,100,100092,100,98100,100,100095,100,,
2019-06-28 09:51:43.633198194,99211,286,98591,286,99556,486,98570,100,99879,300,98471,286,99927,100,98348,100,100002,300,98344,100,100015,100,98341,100,100048,100,98204,100,100070,100,98178,100,100092,100,98127,100,100095,100,98100,100
2019-06-28 09:51:50.000000000,99211,226,98591,226,99556,423,98570,223,99879,423,98471,223,99927,100,98348,100,100002,300,98344,100,100015,100,98341,100,100048,100,98204,100,100070,100,98178,100,100092,100,98127,100,100095,100,98100,100
2019-06-28 09:51:58.791241301,99211,226,98867,100,99556,423,98591,226,99879,423,98570,223,99927,100,98471,223,100002,300,98348,100,100015,100,98344,100,100048,100,98341,100,100070,100,98204,100,100092,100,98178,100,100095,100,98127,100
2019-06-28 09:52:00.000000000,99211,174,98867,174,99556,374,98591,174,99879,374,98570,174,99927,174,98471,174,100002,374,98348,174,100015,100,98344,100,100048,100,98341,100,100070,100,98204,100,100092,100,98178,100,100095,100,98127,100
2019-06-28 09:52:02.761477876,99211,174,98867,74,99556,374,98591,174,99879,374,98570,174,99927,174,98471,74,100002,374,98348,174,100015,100,98344,100,100048,100,98341,100,100070,100,98204,100,100092,100,98178,100,100095,100,98127,100
2019-06-28 09:52:02.812466794,98873,100,98867,74,99211,174,98591,174,99556,374,98570,174,99879,374,98471,74,99927,174,98348,174,100002,374,98344,100,100015,100,98341,100,100048,100,98204,100,100070,100,98178,100,100092,100,98127,100
2019-06-28 09:52:04.156408297,98873,100,98867,74,99211,174,98594,100,99556,374,98591,174,99879,374,98570,174,99927,174,98471,74,100002,374,98348,174,100015,100,98344,100,100048,100,98341,100,100070,100,98204,100,100092,100,98178,100
2019-06-28 09:52:09.442143682,98873,100,98867,74,99211,174,98735,100,99556,374,98594,100,99879,374,98591,174,99927,174,98570,174,100002,374,98471,74,100015,100,98348,174,100048,100,98344,100,100070,100,98341,100,100092,100,98204,100
2019-06-28 09:52:10.000000000,98873,193,98735,193,99211,193,98594,193,99556,393,98591,193,99879,393,98570,193,99927,100,98348,100,100002,300,98344,100,100015,100,98341,100,100048,100,98204,100,100070,100,98178,100,100092,100,98127,100
2019-06-28 09:52:14.284725418,98873,93,98735,193,99211,193,98594,193,99556,393,98591,193,99879,393,98570,193,99927,100,98348,100,100002,300,98344,100,100015,100,98341,100,100048,100,98204,100,100070,100,98178,100,100092,100,98127,100
2019-06-28 09:52:20.000000000,99211,472,98735,472,99556,300,98594,100,99879,300,98591,100,99927,100,98570,100,100002,300,98348,100,100015,100,98344,100,100048,100,98341,100,100070,100,98204,100,100092,100,98178,100,100095,100,98127,100
2019-06-28 09:52:30.000000000,99211,193,98735,193,99556,393,98594,193,99879,393,98591,193,99927,193,98570,193,100002,300,98348,100,100015,100,98344,100,100048,100,98341,100,100070,100,98204,100,100092,100,98178,100,100095,100,98127,100
2019-06-28 09:52:33.132124469,99211,193,98735,193,99556,393,98594,193,99879,393,98591,93,99927,193,98570,193,100002,300,98459,100,100015,100,98348,100,100048,100,98344,100,100070,100,98341,100,100092,100,98204,100,100095,100,98178,100
2019-06-28 09:52:40.000000000,99211,226,98735,226,99556,423,98594,223,99879,423,98570,223,99927,100,98459,100,100002,300,98348,100,100015,100,98344,100,100048,100,98341,100,100070,100,98204,100,100092,100,98178,100,100095,100,98127,100
2019-06-28 09:52:50.000000000,99211,286,98735,286,99556,486,98594,286,99879,300,98570,100,99927,100,98459,100,100002,300,98348,100,100015,100,98344,100,100048,100,98341,100,100070,100,98204,100,100092,100,98178,100,100095,100,98127,100
2019-06-28 09:52:52.847434524,99211,286,98735,286,99556,486,98594,386,99879,300,98570,100,99927,100,98459,100,100002,300,98348,100,100015,100,98344,100,100048,100,98341,100,100070,100,98204,100,100092,100,98178,100,100095,100,98127,100
2019-06-28 09:52:59.639693728,98833,100,98735,286,99211,286,98594,386,99556,486,98570,100,99879,300,98459,100,99927,100,98348,100,100002,300,98344,100,100015,100,98341,100,100048,100,98204,100,100070,100,98178,100,100092,100,98127,100
2019-06-28 09:53:00.000000000,98833,174,98735,174,99211,174,98594,274,99556,374,98570,174,99879,374,98459,174,99927,174,98348,174,100002,300,98344,100,100015,100,98341,100,100048,100,98204,100,100070,100,98178,100,100092,100,98127,100
2019-06-28 09:53:10.000000000,98833,472,98735,472,99211,100,98594,200,99556,300,98570,100,99879,300,98459,100,99927,100,98348,100,100002,300,98344,100,100015,100,98341,100,100048,100,98204,100,100070,100,98178,100,100092,100,98127,100
2019-06-28 09:53:12.335405875,98833,472,98735,472,99211,100,98594,200,99556,300,98590,100,99879,300,98570,100,99927,100,98459,100,100002,300,98348,100,100015,100,98344,100,100048,100,98341,100,100070,100,98204,100,100092,100,98178,100
2019-06-28 09:53:20.000000000,98833,226,98735,226,99211,223,98594,323,99556,423,98590,223,99879,300,98570,100,99927,100,98459,100,100002,300,98348,100,100015,100,98344,100,100048,100,98341,100,100070,100,98204,100,100092,100,98178,100
2019-06-28 09:53:30.000000000,98833,174,98735,174,99211,174,98594,274,99556,374,98590,174,99879,374,98570,174,99927,174,98459,174,100002,300,98348,100,100015,100,98344,100,100048,100,98341,100,100070,100,98204,100,100092,100,98178,100
2019-06-28 09:53:35.810580747,98833,174,98802,100,99211,174,98735,174,99556,374,98594,274,99879,374,98590,174,99927,174,98570,174,100002,300,98459,174,100015,100,98348,100,100048,100,98344,100,100070,100,98341,100,100092,100,98204,100
2019-06-28 09:53:40.000000000,98833,174,98802,174,99211,174,98735,174,99556,374,98594,274,99879,374,98590,174,99927,174,98570,174,100002,300,98459,100,100015,100,98348,100,100048,100,98344,100,100070,100,98341,100,100092,100,98204,100
2019-06-28 09:53:43.372304763,98833,174,98802,174,99211,174,98735,174,99556,274,98594,274,99879,374,98590,174,99927,174,98570,174,100002,300,98459,100,100015,100,98348,100,100048,100,98344,100,100070,100,98341,100,100092,100,98204,100
2019-06-28 09:53:50.000000000,98833,472,98802,472,99211,100,98735,100,99556,200,98594,200,99879,300,98590,100,99927,100,98570,100,100002,300,98459,100,100015,100,98348,100,100048,100,98344,100,100070,100,98341,100,100092,100,98204,100
2019-06-28 09:53:51.788217744,98833,472,98802,472,98872,100,98735,100,99211,100,98594,200,99556,200,98590,100,99879,300,98570,100,99927,100,98459,100,100002,300,98348,100,100015,100,98344,100,100048,100,98341,100,100070,100,98204,100
2019-06-28 09:54:00.000000000,98833,286,98802,286,98872,286,98735,286,99211,100,98594,200,99556,200,98590,100,99879,300,98570,100,99927,100,98459,100,100002,300,98348,100,100015,100,98344,100,100048,100,98341,100,100070,100,98204,100
2019-06-28 09:54:00.359033735,98833,286,98802,286,98872,386,98735,286,99211,100,98594,200,99556,200,98590,100,99879,300,98570,100,99927,100,98459,100,100002,200,98348,100,100015,100,98344,100,100048,100,98341,100,100070,100,98204,100
2019-06-28 09:54:07.646195869,98833,186,98802,286,98872,386,98735,286,99211,100,98594,200,99556,200,98590,100,99879,200,98570,100,99927,100,98459,100,100002,200,98348,100,100015,100,98344,100,100048,100,98341,100,100070,100,98204,100
2019-06-28 09:54:10.000000000,98872,326,98802,226,99211,223,98735,223,99556,323,98594,323,99879,200,98590,100,99927,100,98570,100,100002,200,98459,100,100015,100,98348,100,100048,100,98344,100,100070,100,98341,100,100092,100,98204,100
2019-06-28 09:54:11.828285619,98872,226,98802,226,99211,223,98735,223,99556,323,98594,323,99879,200,98590,100,99927,100,98570,100,100002,200,98459,100,100015,100,98348,100,100048,100,98344,100,100070,100,98341,100,100092,100,98204,100
2019-06-28 09:54:20.000000000,98872,193,98802,193,99211,193,98735,193,99556,293,98594,293,99879,293,98590,193,99927,100,98570,100,100002,200,98459,100,100015,100,98348,100,100048,100,98344,100,100070,100,98341,100,100092,100,98204,100
2019-06-28 09:54:22.096306704,98872,193,98802,193,99211,193,98735,193,99308,100,98594,293,99556,293,98590,193,99879,293,98570,100,99927,100,98459,100,100002,200,98348,100,100015,100,98344,100,100048,100,98341,100,100070,100,98204,100
2019-06-28 09:54:30.000000000,98872,174,98802,174,99211,174,98735,174,99308,174,98594,274,99556,274,98590,174,99879,274,98570,174,99927,100,98459,100,100002,200,98348,100,100015,100,98344,100,100048,100,98341,100,100070,100,98204,100
2019-06-28 09:54:34.046955724,98872,174,98802,174,99211,174,98735,174,99308,174,98594,274,99556,274,98590,174,99703,100,98570,174,99879,274,98459,100,99927,100,98348,100,100002,200,98344,100,100015,100,98341,100,100048,100,98204,100
2019-06-28 09:54:40.000000000,98872,286,98802,286,99211,286,98735,286,99308,100,98594,200,99556,200,98590,100,99703,100,98570,100,99879,200,98459,100,99927,100,98348,100,100002,200,98344,100,100015,100,98341,100,100048,100,98204,100
2019-06-28 09:54:44.302171954,98872,286,98802,286,99211,286,98735,286,99308,100,98594,200,99400,100,98590,100,99556,200,98570,100,99703,100,98459,100,99879,200,98348,100,99927,100,98344,100,100002,200,98341,100,100015,100,98204,100
2019-06-28 09:54:50.000000000,98872,472,98802,472,99211,100,98735,100,99308,100,98594,200,99400,100,98590,100,99556,200,98570,100,99703,100,98459,100,99879,200,98348,100,99927,100,98344,100,100002,200,98341,100,100015,100,98204,100
2019-06-28 09:55:00.000000000,98872,174,98802,174,99211,174,98735,174,99308,174,98594,274,99400,174,98590,174,99556,274,98570,174,99703,100,98459,100,99879,200,98348,100,99927,100,98344,100,100002,200,98341,100,100015,100,98204,100
2019-06-28 09:55:10.000000000,98872,286,98802,286,99211,286,98735,286,99308,100,98594,200,99400,100,98590,100,99556,200,98570,100,99703,100,98459,100,99879,200,98348,100,99927,100,98344,100,100002,200,98341,100,100015,100,98204,100
2019-06-28 09:55:13.432714690,98872,286,98802,286,99211,286,98735,286,99308,100,98594,200,99400,100,98590,100,99556,200,98570,100,99703,100,98459,100,99730,100,98344,100,99879,200,98341,100,99927,100,98204,100,100002,200,98178,100
2019-06-28 09:55:20.000000000,98872,286,98802,286,99211,286,98735,286,99308,100,98594,200,99400,100,98590,100,99556,200,98570,100,99703,100,98459,100,99730,100,98344,100,99879,200,98341,100,99927,100,98204,100,100002,200,98178,100
2019-06-28 09:55:23.584227111,98872,286,98802,286,99211,286,98735,286,99308,100,98594,200,99400,100,98590,100,99556,200,98570,100,99703,100,98459,100,99730,100,98344,100,99865,100,98341,100,99879,200,98204,100,99927,100,98178,100
2019-06-28 09:55:30.000000000,98872,286,98802,286,99211,286,98735,286,99308,100,98594,200,99400,100,98590,100,99556,200,98570,100,99703,100,98459,100,99730,100,98344,100,99865,100,98341,100,99879,200,98204,100,99927,100,98178,100
2019-06-28 09:55:40.000000000,98872,193,98802,193,99211,193,98735,193,99308,193,98594,293,99400,193,98590,193,99556,200,98570,100,99703,100,98459,100,99730,100,98344,100,99865,100,98341,100,99879,200,98204,100,99927,100,98178,100
2019-06-28 09:55:40.734500232,98872,193,98802,193,99211,193,98735,193,99308,193,98594,293,99400,193,98590,93,99556,200,98570,100,99703,100,98459,100,99730,100,98344,100,99835,100,98341,100,99865,100,98204,100,99879,200,98178,100
2019-06-28 09:55:48.622124506,98872,193,98833,100,99211,193,98802,193,99308,193,98735,193,99400,193,98594,293,99556,200,98590,93,99703,100,98570,100,99730,100,98459,100,99835,100,98344,100,99865,100,98341,100,99879,200,98204,100
2019-06-28 09:55:50.000000000,98872,193,98833,193,99211,193,98802,193,99308,193,98735,193,99400,193,98594,293,99556,200,98570,100,99703,100,98459,100,99730,100,98344,100,99835,100,98341,100,99865,100,98204,100,99879,200,98178,100
2019-06-28 09:55:58.145785665,98872,193,98833,293,99211,93,98802,193,99308,193,98735,193,99400,193,98594,293,99556,200,98570,100,99703,100,98459,100,99730,100,98344,100,99835,100,98341,100,99865,100,98204,100,99879,200,98178,100
2019-06-28 09:56:00.000000000,98872,472,98833,572,99308,100,98802,100,99400,100,98735,100,99556,200,98594,200,99703,100,98570,100,99730,100,98459,100,99835,100,98344,100,99865,100,98341,100,99879,200,98204,100,99927,100,98178,100
2019-06-28 09:56:10.000000000,98872,472,98833,572,99308,100,98802,100,99400,100,98735,100,99556,200,98594,200,99703,100,98570,100,99730,100,98459,100,99835,100,98344,100,99865,100,98341,100,99879,200,98204,100,99927,100,98178,100
2019-06-28 09:56:20.000000000,98872,193,98833,293,99308,193,98802,193,99400,193,98735,193,99556,293,98594,293,99703,100,98570,100,99730,100,98459,100,99835,100,98344,100,99865,100,98341,100,99879,200,98204,100,99927,100,98178,100
2019-06-28 09:56:24.330537327,98872,193,98833,293,99308,193,98802,193,99400,193,98735,193,99556,193,98594,293,99703,100,98570,100,99730,100,98459,100,99835,100,98344,100,99865,100,98341,100,99879,200,98204,100,99927,100,98178,100
2019-06-28 09:56:30.000000000,98872,286,98833,386,99308,286,98802,286,99400,100,98735,100,99556,100,98594,200,99703,100,98570,100,99730,100,98459,100,99835,100,98344,100,99865,100,98341,100,99879,200,98204,100,99927,100,98178,100
2019-06-28 09:56:31.831490777,98872,286,98833,386,99308,186,98802,286,99400,100,98735,100,99556,100,98594,200,99703,100,98570,100,99730,100,98459,100,99835,100,98344,100,99865,100,98341,100,99879,200,98204,100,99927,100,98178,100
2019-06-28 09:56:37.392786284,98872,186,98833,386,99308,186,98802,286,99400,100,98735,100,99556,100,98594,200,99703,100,98570,100,99730,100,98459,100,99835,100,98344,100,99865,100,98341,100,99879,200,98204,100,99927,100,98178,100
2019-06-28 09:56:40.000000000,99400,226,98833,326,99556,223,98802,223,99703,223,98735,223,99730,100,98594,200,99835,100,98570,100,99865,100,98459,100,99879,200,98344,100,99927,100,98341,100,99938,100,98204,100,100002,200,98178,100
2019-06-28 09:56:50.000000000,99400,286,98833,386,99556,286,98802,286,99703,100,98735,100,99730,100,98594,200,99835,100,98570,100,99865,100,98459,100,99879,200,98344,100,99927,100,98341,100,99938,100,98204,100,100002,200,98178,100
2019-06-28 09:57:00.000000000,99400,286,98833,386,99556,286,98802,286,99703,100,98735,100,99730,100,98594,200,99835,100,98570,100,99865,100,98459,100,99879,200,98344,100,99927,100,98341,100,99938,100,98204,100,100002,200,98178,100
2019-06-28 09:57:07.876636884,99400,286,98833,286,99556,286,98802,286,99703,100,98735,100,99730,100,98594,200,99835,100,98570,100,99865,100,98459,100,99879,200,98344,100,99927,100,98341,100,99938,100,98204,100,100002,200,98178,100
2019-06-28 09:57:09.365855700,99400,286,98872,100,99556,286,98833,286,99703,100,98802,286,99730,100,98735,100,99835,100,98594,200,99865,100,98570,100,99879,200,98459,100,99927,100,98344,100,99938,100,98341,100,100002,200,98204,100
2019-06-28 09:57:10.000000000,99400,226,98872,226,99556,223,98833,223,99703,223,98802,223,99730,100,98735,100,99835,100,98594,200,99865,100,98570,100,99879,200,98459,100,99927,100,98344,100,99938,100,98341,100,100002,200,98204,100
2019-06-28 09:57:10.726284114,99400,226,98872,326,99556,223,98833,223,99703,223,98802,223,99730,100,98735,100,99835,100,98594,200,99865,100,98570,100,99879,200,98459,100,99927,100,98344,100,99938,100,98341,100,100002,100,98204,100
2019-06-28 09:57:20.000000000,99400,174,98872,274,99556,174,98833,174,99703,174,98802,174,99730,174,98735,174,99835,174,98594,274,99865,100,98570,100,99879,200,98459,100,99927,100,98344,100,99938,100,98341,100,100002,100,98204,100
2019-06-28 09:57:30.000000000,99400,472,98872,572,99556,100,98833,100,99703,100,98802,100,99730,100,98735,100,99835,100,98594,200,99865,100,98570,100,99879,200,98459,100,99927,100,98344,100,99938,100,98341,100,100002,100,98204,100
2019-06-28 09:57:40.000000000,99400,174,98872,274,99556,174,98833,174,99703,174,98802,174,99730,174,98735,174,99835,174,98594,274,99865,100,98570,100,99879,200,98459,100,99927,100,98344,100,99938,100,98341,100,100002,100,98204,100
2019-06-28 09:57:40.796451118,99400,74,98872,274,99556,174,98833,174,99703,174,98802,174,99730,174,98735,174,99835,174,98594,274,99865,100,98570,100,99879,200,98459,100,99927,100,98344,100,99938,100,98341,100,100002,100,98204,100
2019-06-28 09:57:41.253681777,99400,74,98872,274,99556,174,98833,174,99703,174,98802,174,99730,174,98735,174,99835,174,98594,274,99865,100,98570,100,99879,200,98459,100,99927,100,98344,100,99938,100,98341,100,100002,100,98204,100
2019-06-28 09:57:45.896945928,99400,74,98872,274,99556,174,98833,174,99703,174,98802,174,99730,174,98735,174,99835,174,98594,274,99865,100,98570,100,99879,200,98459,100,99927,100,98344,100,99938,100,98341,100,99965,100,98204,100
2019-06-28 09:57:50.000000000,99556,472,98872,572,99703,100,98833,100,99730,100,98802,100,99835,100,98735,100,99865,100,98594,200,99879,200,98570,100,99927,100,98459,100,99938,100,98344,100,99965,100,98341,100,100002,100,98204,100
2019-06-28 09:57:51.590024333,99556,372,98872,572,99703,100,98833,100,99730,100,98802,100,99835,100,98735,100,99865,100,98594,200,99879,200,98570,100,99927,100,98459,100,99938,100,98344,100,99965,100,98341,100,100002,100,98204,100
2019-06-28 09:58:00.000000000,99703,174,98872,274,99730,174,98833,174,99835,174,98802,174,99865,174,98735,174,99879,274,98594,274,99927,100,98570,100,99938,100,98459,100,99965,100,98344,100,100002,100,98341,100,100015,100,98204,100
2019-06-28 09:58:01.195834621,99703,174,98872,274,99730,174,98833,174,99835,174,98802,174,99865,174,98735,174,99879,274,98594,274,99927,100,98570,100,99965,100,98459,100,99978,100,98344,100,100002,100,98341,100,100015,100,98204,100
2019-06-28 09:58:04.212184111,99703,74,98872,274,99730,174,98833,174,99835,174,98802,174,99865,174,98735,174,99879,274,98594,274,99927,100,98570,100,99965,100,98459,100,99978,100,98341,100,100002,100,98204,100,100015,100,98178,100
2019-06-28 09:58:10.000000000,99730,174,98872,274,99835,174,98833,174,99865,174,98802,174,99879,274,98735,174,99927,174,98594,274,99965,100,98570,100,99978,100,98459,100,100002,100,98341,100,100015,100,98204,100,100045,100,98178,100
2019-06-28 09:58:20.000000000,99730,286,98872,386,99835,286,98833,286,99865,100,98802,100,99879,200,98735,100,99927,100,98594,200,99965,100,98570,100,99978,100,98459,100,100002,100,98341,100,100015,100,98204,100,100045,100,98178,100
2019-06-28 09:58:30.000000000,99730,286,98872,386,99835,286,98833,286,99865,100,98802,100,99879,200,98735,100,99927,100,98594,200,99965,100,98570,100,99978,100,98459,100,100002,100,98341,100,100015,100,98204,100,100045,100,98178,100
2019-06-28 09:58:40.000000000,99730,472,98872,572,99835,100,98833,100,99865,100,98802,100,99879,200,98735,100,99927,100,98594,200,99965,100,98570,100,99978,100,98459,100,100002,100,98341,100,100015,100,98204,100,100045,100,98178,100
2019-06-28 09:58:44.595550300,99730,372,98872,572,99835,100,98833,100,99865,100,98802,100,99879,200,98735,100,99927,100,98594,200,99965,100,98570,100,99978,100,98459,100,100002,100,98341,100,100015,100,98204,100,100045,100,98178,100
2019-06-28 09:58:50.000000000,99835,174,98872,274,99865,174,98833,174,99879,274,98802,174,99927,174,98735,174,99965,174,98594,274,99978,100,98570,100,100002,100,98459,100,100015,100,98341,100,100045,100,98204,100,100048,100,98178,100
2019-06-28 09:58:56.655707357,99835,174,98872,274,99843,100,98833,174,99865,174,98802,174,99879,274,98735,174,99927,174,98594,274,99965,174,98570,100,100002,100,98459,100,100015,100,98341,100,100045,100,98204,100,100048,100,98178,100
2019-06-28 09:58:58.149027321,99835,174,98872,274,99843,100,98833,174,99865,174,98802,174,99879,274,98735,174,99915,100,98594,274,99927,174,98570,100,99965,174,98459,100,100002,100,98341,100,100015,100,98204,100,100045,100,98178,100
2019-06-28 09:59:00.000000000,99835,193,98872,293,99843,193,98833,193,99865,193,98802,193,99879,293,98735,193,99915,100,98594,200,99927,100,98570,100,99965,100,98459,100,100002,100,98341,100,100015,100,98204,100,100045,100,98178,100
2019-06-28 09:59:10.000000000,99835,472,98872,572,99843,100,98833,100,99865,100,98802,100,99879,200,98735,100,99915,100,98594,200,99927,100,98570,100,99965,100,98459,100,100002,100,98341,100,100015,100,98204,100,100045,100,98178,100
2019-06-28 09:59:20.000000000,99835,193,98872,293,99843,193,98833,193,99865,193,98802,193,99879,293,98735,193,99915,100,98594,200,99927,100,98570,100,99965,100,98459,100,100002,100,98341,100,100015,100,98204,100,100045,100,98178,100
2019-06-28 09:59:30.000000000,99835,286,98872,386,99843,286,98833,286,99865,100,98802,100,99879,200,98735,100,99915,100,98594,200,99927,100,98570,100,99965,100,98459,100,100002,100,98341,100,100015,100,98204,100,100045,100,98178,100
2019-06-28 09:59:32.272156975,99835,286,99336,100,99843,186,98872,386,99865,100,98833,286,99879,200,98802,100,99915,100,98735,100,99927,100,98594,200,99965,100,98570,100,100002,100,98459,100,100015,100,98341,100,100045,100,98204,100
2019-06-28 09:59:37.011601470,99431,100,99336,100,99835,286,98872,386,99843,186,98833,286,99865,100,98802,100,99879,200,98735,100,99915,100,98594,200,99927,100,98570,100,99965,100,98459,100,100002,100,98341,100,100015,100,98204,100
2019-06-28 09:59:40.000000000,99431,193,99336,193,99835,193,98872,293,99865,193,98833,193,99879,293,98802,193,99915,100,98735,100,99927,100,98594,200,99965,100,98570,100,100002,100,98459,100,100015,100,98341,100,100045,100,98204,100
2019-06-28 09:59:50.000000000,99431,226,99336,226,99835,223,98872,323,99865,223,98833,223,99879,200,98802,100,99915,100,98735,100,99927,100,98594,200,99965,100,98570,100,100002,100,98459,100,100015,100,98341,100,100045,100,98204,100
2019-06-28 09:59:51.824554392,99431,226,99336,126,99835,223,98872,323,99865,223,98833,223,99879,200,98802,100,99915,100,98735,100,99927,100,98594,200,99965,100,98570,100,100002,100,98459,100,100015,100,98341,100,100045,100,98204,100
2019-06-28 10:00:00.000000000,99431,286,98872,386,99835,286,98833,286,99865,100,98802,100,99879,200,98735,100,99915,100,98594,200,99927,100,98570,100,99965,100,98459,100,100002,100,98341,100,100015,100,98204,100,100045,100,98178,100
2019-06-28 10:00:10.000000000,99431,226,98872,326,99835,223,98833,223,99865,223,98802,223,99879,200,98735,100,99915,100,98594,200,99927,100,98570,100,99965,100,98459,100,100002,100,98341,100,100015,100,98204,100,100045,100,98178,100
2019-06-28 10:00:12.756314854,99083,100,98872,326,99431,226,98833,223,99835,223,98802,223,99865,223,98735,100,99879,200,98594,200,99915,100,98570,100,99927,100,98459,100,99965,100,98341,100,100002,100,98204,100,100015,100,98178,100
2019-06-28 10:00:20.000000000,99083,472,98872,572,99431,100,98833,100,99835,100,98802,100,99865,100,98735,100,99879,200,98594,200,99915,100,98570,100,99927,100,98459,100,99965,100,98341,100,100002,100,98204,100,100015,100,98178,100
2019-06-28 10:00:30.000000000,99083,193,98872,293,99431,193,98833,193,99835,193,98802,193,99865,193,98735,193,99879,200,98594,200,99915,100,98570,100,99927,100,98459,100,99965,100,98341,100,100002,100,98204,100,100015,100,98178,100
2019-06-28 10:00:38.295481339,99083,193,98872,193,99431,193,98833,193,99835,193,98802,93,99865,193,98735,193,99879,200,98594,200,99915,100,98570,100,99927,100,98459,100,99965,100,98341,100,100002,100,98204,100,100015,100,98178,100
2019-06-28 10:00:40.000000000,99083,226,98872,226,99431,223,98833,223,99835,223,98735,223,99865,100,98594,200,99879,200,98570,100,99915,100,98459,100,99927,100,98341,100,99965,100,98204,100,100002,100,98178,100,100015,100,98100,100
2019-06-28 10:00:50.000000000,99083,174,98872,174,99431,174,98833,174,99835,174,98735,174,99865,174,98594,274,99879,274,98570,174,99915,100,98459,100,99927,100,98341,100,99965,100,98204,100,100002,100,98178,100,100015,100,98100,100
2019-06-28 10:00:57.402763948,99083,174,98872,174,99431,174,98833,174,99835,174,98735,174,99865,174,98594,274,99879,274,98570,174,99915,100,98544,100,99927,100,98459,100,99965,100,98341,100,100002,100,98204,100,100015,100,98178,100
2019-06-28 10:01:00.000000000,99083,286,98872,286,99431,286,98833,286,99835,100,98735,100,99865,100,98594,200,99879,200,98570,100,99915,100,98544,100,99927,100,98459,100,99965,100,98341,100,100002,100,98204,100,100015,100,98178,100
2019-06-28 10:01:10.000000000,99083,286,98872,286,99431,286,98833,286,99835,100,98735,100,99865,100,98594,200,99879,200,98570,100,99915,100,98544,100,99927,100,98459,100,99965,100,98341,100,100002,100,98204,100,100015,100,98178,100
2019-06-28 10:01:17.767433845,99083,286,98872,286,99431,286,98833,286,99835,100,98735,100,99865,100,98601,100,99879,200,98594,200,99915,100,98570,100,99927,100,98544,100,99965,100,98459,100,100002,100,98341,100,100015,100,98204,100
2019-06-28 10:01:20.000000000,99083,226,98872,226,99431,223,98833,223,99835,223,98735,223,99865,100,98601,100,99879,200,98594,200,99915,100,98570,100,99927,100,98544,100,99965,100,98459,100,100002,100,98341,100,100015,100,98204,100
2019-06-28 10:01:30.000000000,99083,226,98872,226,99431,223,98833,223,99835,223,98735,223,99865,100,98601,100,99879,200,98594,200,99915,100,98570,100,99927,100,98544,100,99965,100,98459,100,100002,100,98341,100,100015,100,98204,100
2019-06-28 10:01:40.000000000,99083,226,98872,226,99431,223,98833,223,99835,223,98735,223,99865,100,98601,100,99879,200,98594,200,99915,100,98570,100,99927,100,98544,100,99965,100,98459,100,100002,100,98341,100,100015,100,98204,100
2019-06-28 10:01:43.958251971,99083,226,98872,126,99431,223,98833,223,99835,223,98735,123,99865,100,98601,100,99879,200,98594,200,99915,100,98570,100,99927,100,98544,100,99965,100,98459,100,100002,100,98341,100,100015,100,98204,100
2019-06-28 10:01:50.000000000,99083,193,98833,193,99431,193,98601,193,99835,193,98594,293,99865,193,98570,193,99879,200,98544,100,99915,100,98459,100,99927,100,98341,100,99965,100,98204,100,100002,100,98178,100,100015,100,98100,100
2019-06-28 10:02:00.000000000,99083,286,98833,286,99431,286,98601,286,99835,100,98594,200,99865,100,98570,100,99879,200,98544,100,99915,100,98459,100,99927,100,98341,100,99965,100,98204,100,100002,100,98178,100,100015,100,98100,100
2019-06-28 10:02:05.478548445,99083,286,98833,286,99243,100,98601,286,99431,286,98594,200,99835,100,98570,100,99865,100,98544,100,99879,200,98459,100,99927,100,98341,100,99965,100,98204,100,100002,100,98178,100,100015,100,98100,100
2019-06-28 10:02:10.000000000,99083,193,98833,193,99243,193,98601,193,99431,193,98594,293,99835,193,98570,193,99865,100,98544,100,99879,200,98459,100,99927,100,98341,100,99965,100,98204,100,100002,100,98178,100,100015,100,98100,100
2019-06-28 10:02:13.274562194,99083,193,98873,100,99243,193,98833,193,99431,193,98601,193,99835,193,98594,293,99865,100,98570,193,99879,200,98544,100,99927,100,98459,100,99965,100,98341,100,100002,100,98204,100,100015,100,98178,100
2019-06-28 10:02:20.000000000,99083,174,98873,174,99243,174,98833,174,99431,174,98601,174,99835,174,98594,274,99865,174,98570,174,99879,200,98544,100,99927,100,98459,100,99965,100,98341,100,100002,100,98204,100,100015,100,98178,100
2019-06-28 10:02:27.908160665,99083,174,98873,174,99157,100,98833,174,99243,174,98601,174,99431,174,98594,274,99835,174,98570,174,99865,174,98544,100,99879,200,98459,100,99927,100,98341,100,99965,100,98204,100,100002,100,98178,100
2019-06-28 10:02:30.000000000,99083,286,98873,286,99157,286,98833,286,99243,100,98601,100,99431,100,98594,200,99835,100,98570,100,99865,100,98544,100,99879,200,98459,100,99927,100,98341,100,99965,100,98204,100,100002,100,98178,100
2019-06-28 10:02:40.000000000,99083,286,98873,286,99157,286,98833,286,99243,100,98601,100,99431,100,98594,200,99835,100,98570,100,99865,100,98544,100,99879,200,98459,100,99927,100,98341,100,99965,100,98204,100,100002,100,98178,100
2019-06-28 10:02:43.373666179,99083,286,98873,386,99157,286,98833,286,99243,100,98601,100,99431,100,98594,100,99835,100,98570,100,99865,100,98544,100,99879,200,98459,100,99927,100,98341,100,99965,100,98204,100,100002,100,98178,100
2019-06-28 10:02:50.000000000,99083,174,98873,274,99157,174,98833,174,99243,174,98601,174,99431,174,98594,174,99835,174,98570,174,99865,100,98544,100,99879,200,98459,100,99927,100,98341,100,99965,100,98204,100,100002,100,98178,100
2019-06-28 10:03:00.000000000,99083,193,98873,293,99157,193,98833,193,99243,193,98601,193,99431,193,98594,193,99835,100,98570,100,99865,100,98544,100,99879,200,98459,100,99927,100,98341,100,99965,100,98204,100,100002,100,98178,100
2019-06-28 10:03:10.000000000,99083,226,98873,326,99157,223,98833,223,99243,223,98601,223,99431,100,98594,100,99835,100,98570,100,99865,100,98544,100,99879,200,98459,100,99927,100,98341,100,99965,100,98204,100,100002,100,98178,100
2019-06-28 10:03:11.581467142,99083,226,98873,426,99157,223,98833,223,99243,223,98601,223,99431,100,98594,100,99835,100,98570,100,99865,100,98544,100,99879,200,98459,100,99927,100,98341,100,99965,100,98204,100,100002,100,98178,100
2019-06-28 10:03:11.584639128,99083,226,98873,326,99157,223,98833,223,99243,223,98601,223,99431,100,98594,100,99835,100,98570,100,99865,100,98544,100,99879,200,98459,100,99927,100,98341,100,99965,100,98204,100,100002,100,98178,100
2019-06-28 10:03:20.000000000,99083,174,98873,274,99157,174,98833,174,99243,174,98601,174,99431,174,98594,174,99835,174,98570,174,99865,100,98544,100,99879,200,98459,100,99927,100,98341,100,99965,100,98204,100,100002,100,98178,100
2019-06-28 10:03:30.000000000,99083,286,98873,386,99157,286,98833,286,99243,100,98601,100,99431,100,98594,100,99835,100,98570,100,99865,100,98544,100,99879,200,98459,100,99927,100,98341,100,99965,100,98204,100,100002,100,98178,100
2019-06-28 10:03:35.538902779,99083,286,98873,386,99157,286,98833,286,99243,100,98601,100,99431,100,98594,100,99835,100,98570,100,99865,100,98544,100,99879,200,98459,100,99965,100,98341,100,100002,100,98204,100,100015,100,98178,100
2019-06-28 10:03:40.000000000,99083,226,98873,326,99157,223,98833,223,99243,223,98601,223,99431,100,98594,100,99835,100,98570,100,99865,100,98544,100,99879,200,98459,100,99965,100,98341,100,100002,100,98204,100,100015,100,98178,100
2019-06-28 10:03:50.000000000,99083,174,98873,274,99157,174,98833,174,99243,174,98601,174,99431,174,98594,174,99835,174,98570,174,99865,100,98544,100,99879,200,98459,100,99965,100,98341,100,100002,100,98204,100,100015,100,98178,100
2019-06-28 10:03:51.369541379,99083,74,98873,274,99157,174,98833,174,99243,174,98601,174,99431,174,98594,174,99835,174,98570,174,99879,200,98544,100,99965,100,98459,100,100002,100,98341,100,100015,100,98204,100,100045,100,98178,100
2019-06-28 10:03:59.387444761,99157,174,99083,26,99243,174,98873,274,99431,74,98833,174,99835,174,98601,174,99879,200,98594,174,99965,100,98570,174,100002,100,98544,100,100015,100,98459,100,100045,100,98341,100,100048,100,98204,100
2019-06-28 10:04:00.000000000,99157,174,99083,100,99243,174,98873,274,99835,174,98833,174,99879,274,98601,174,99965,174,98594,174,100002,100,98570,100,100015,100,98544,100,100045,100,98459,100,100048,100,98341,100,100070,100,98204,100
2019-06-28 10:04:01.293749988,99157,174,99083,200,99243,174,98873,274,99835,174,98833,174,99879,274,98601,174,99965,174,98594,174,100002,100,98570,100,100015,100,98544,100,100045,100,98459,100,100048,100,98341,100,100070,100,98204,100
2019-06-28 10:04:10.000000000,99157,193,99083,219,99243,193,98873,293,99835,193,98833,193,99879,293,98601,193,99965,100,98594,100,100002,100,98570,100,100015,100,98544,100,100045,100,98459,100,100048,100,98341,100,100070,100,98204,100
2019-06-28 10:04:11.924382093,99157,93,99083,219,99243,193,98873,293,99835,193,98833,193,99879,293,98601,193,99965,100,98594,100,100002,100,98570,100,100015,100,98544,100,100045,100,98459,100,100048,100,98341,100,100070,100,98204,100
2019-06-28 10:04:20.000000000,99243,472,99083,498,99835,100,98873,200,99879,200,98833,100,99965,100,98601,100,100002,100,98594,100,100015,100,98570,100,100045,100,98544,100,100048,100,98459,100,100070,100,98341,100,100092,100,98204,100
2019-06-28 10:04:30.000000000,99243,193,99083,219,99835,193,98873,293,99879,293,98833,193,99965,193,98601,193,100002,100,98594,100,100015,100,98570,100,100045,100,98544,100,100048,100,98459,100,100070,100,98341,100,100092,100,98204,100
2019-06-28 10:04:32.027961649,99243,193,99084,100,99835,193,99083,219,99879,293,98873,293,99965,193,98833,193,100002,100,98601,193,100015,100,98594,100,100045,100,98570,100,100048,100,98544,100,100070,100,98459,100,100092,100,98341,100
2019-06-28 10:04:40.000000000,99243,286,99084,286,99835,286,99083,312,99879,200,98873,200,99965,100,98833,100,100002,100,98601,100,100015,100,98594,100,100045,100,98570,100,100048,100,98544,100,100070,100,98459,100,100092,100,98341,100
2019-06-28 10:04:50.000000000,99243,174,99084,174,99835,174,99083,200,99879,274,98873,274,99965,174,98833,174,100002,174,98601,174,100015,100,98594,100,100045,100,98570,100,100048,100,98544,100,100070,100,98459,100,100092,100,98341,100
2019-06-28 10:04:50.711226324,99243,174,99084,74,99835,174,99083,200,99879,274,98873,274,99965,174,98833,174,100002,174,98601,174,100015,100,98594,100,100045,100,98570,100,100048,100,98544,100,100070,100,98459,100,100092,100,98204,100
2019-06-28 10:05:00.000000000,99243,226,99083,252,99835,223,98873,323,99879,323,98833,223,99965,100,98601,100,100002,100,98594,100,100015,100,98570,100,100045,100,98544,100,100048,100,98459,100,100070,100,98204,100,100092,100,98178,100
2019-06-28 10:05:09.396478870,99243,226,99083,152,99835,223,98873,323,99879,323,98833,223,99965,100,98601,100,100002,100,98594,100,100015,100,98570,100,100045,100,98544,100,100048,100,98459,100,100070,100,98204,100,100092,100,98178,100
2019-06-28 10:05:10.000000000,99243,226,99083,152,99835,223,98873,323,99879,323,98833,223,99965,100,98601,100,100002,100,98594,100,100015,100,98570,100,100045,100,98544,100,100048,100,98459,100,100070,100,98204,100,100092,100,98178,100
2019-06-28 10:05:20.000000000,99243,193,99083,119,99835,193,98873,293,99879,293,98833,193,99965,193,98601,193,100002,100,98594,100,100015,100,98570,100,100045,100,98544,100,100048,100,98459,100,100070,100,98204,100,100092,100,98178,100
2019-06-28 10:05:20.077278690,99243,193,99083,19,99835,193,98873,293,99879,293,98833,193,99965,193,98601,193,100002,100,98594,100,100015,100,98570,100,100048,100,98544,100,100070,100,98459,100,100092,100,98204,100,100095,100,98178,100
2019-06-28 10:05:30.000000000,99243,226,98873,326,99835,223,98833,223,99879,323,98601,223,99965,100,98594,100,100002,100,98570,100,100015,100,98544,100,100048,100,98459,100,100070,100,98204,100,100092,100,98178,100,100095,100,98100,100
2019-06-28 10:05:34.983747224,99243,226,99089,100,99835,223,98873,326,99879,323,98833,223,99965,100,98601,223,100002,100,98594,100,100015,100,98570,100,100048,100,98544,100,100070,100,98459,100,100092,100,98204,100,100095,100,98178,100
2019-06-28 10:05:40.000000000,99243,286,99089,286,99835,286,98873,386,99879,200,98833,100,99965,100,98601,100,100002,100,98594,100,100015,100,98570,100,100048,100,98544,100,100070,100,98459,100,100092,100,98204,100,100095,100,98178,100
2019-06-28 10:05:49.277919482,99243,286,99089,286,99835,286,98873,386,99879,200,98833,100,99965,100,98782,100,100002,100,98601,100,100015,100,98594,100,100048,100,98570,100,100070,100,98544,100,100092,100,98459,100,100095,100,98204,100
2019-06-28 10:05:50.000000000,99243,286,99089,286,99835,286,98873,386,99879,200,98833,100,99965,100,98782,100,100002,100,98601,100,100015,100,98594,100,100048,100,98570,100,100070,100,98544,100,100092,100,98459,100,100095,100,98204,100
2019-06-28 10:05:55.280095483,99243,286,99089,286,99835,286,98969,100,99879,200,98873,386,99965,100,98833,100,100002,100,98782,100,100015,100,98601,100,100048,100,98594,100,100070,100,98570,100,100092,100,98544,100,100095,100,98459,100
2019-06-28 10:05:58.816604751,99152,100,99089,286,99243,286,98969,100,99835,286,98873,386,99879,200,98833,100,99965,100,98782,100,100002,100,98601,100,100015,100,98594,100,100048,100,98570,100,100070,100,98544,100,100092,100,98459,100
2019-06-28 10:06:00.000000000,99152,472,99089,472,99243,100,98969,100,99835,100,98873,200,99879,200,98833,100,99965,100,98782,100,100002,100,98601,100,100015,100,98594,100,100048,100,98570,100,100070,100,98544,100,100092,100,98459,100
2019-06-28 10:06:01.445052207,99152,472,99129,100,99243,100,99089,472,99835,100,98969,100,99879,200,98873,200,99965,100,98833,100,100002,100,98782,100,100015,100,98601,100,100048,100,98594,100,100070,100,98570,100,100092,100,98544,100
2019-06-28 10:06:05.985890669,99152,472,99129,100,99243,100,99089,472,99249,100,98969,100,99835,100,98873,200,99879,200,98833,100,99965,100,98782,100,100002,100,98601,100,100015,100,98594,100,100048,100,98570,100,100070,100,98544,100
2019-06-28 10:06:10.000000000,99152,472,99129,472,99243,100,99089,100,99249,100,98969,100,99835,100,98873,200,99879,200,98833,100,99965,100,98782,100,100002,100,98601,100,100015,100,98594,100,100048,100,98570,100,100070,100,98544,100
2019-06-28 10:06:20.000000000,99152,174,99129,174,99243,174,99089,174,99249,174,98969,174,99835,174,98873,274,99879,274,98833,174,99965,100,98782,100,100002,100,98601,100,100015,100,98594,100,100048,100,98570,100,100070,100,98544,100
