,ask_price_1,ask_size_1,bid_price_1,bid_size_1,ask_price_2,ask_size_2,bid_price_2,bid_size_2,ask_price_3,ask_size_3,bid_price_3,bid_size_3,ask_price_4,ask_size_4,bid_price_4,bid_size_4,ask_price_5,ask_size_5,bid_price_5,bid_size_5,ask_price_6,ask_size_6,bid_price_6,bid_size_6,ask_price_7,ask_size_7,bid_price_7,bid_size_7,ask_price_8,ask_size_8,bid_price_8,bid_size_8,ask_price_9,ask_size_9,bid_price_9,bid_size_9,ask_price_10,ask_size_10,bid_price_10,bid_size_10
2019-06-28 09:30:00.000000002,100113,100,100019,100,100121,100,,,,,,,,,,,,,,,,,,,,,,,,,,,,,,,,,,
2019-06-28 09:30:00.000000005,100043,100,100019,100,100113,100,,,100121,100,,,,,,,,,,,,,,,,,,,,,,,,,,,,,,
2019-06-28 09:30:00.000000006,100043,100,,,100113,100,,,100121,100,,,,,,,,,,,,,,,,,,,,,,,,,,,,,,
2019-06-28 09:30:00.000000008,100043,100,,,100113,100,,,100121,100,,,,,,,,,,,,,,,,,,,,,,,,,,,,,,
2019-06-28 09:30:00.000000010,100043,100,,,100059,100,,,100113,100,,,100121,100,,,,,,,,,,,,,,,,,,,,,,,,,,
2019-06-28 09:30:00.000000011,100032,100,,,100043,100,,,100059,100,,,100113,100,,,100121,100,,,,,,,,,,,,,,,,,,,,,,
2019-06-28 09:30:00.000000012,100032,100,,,100043,100,,,100059,100,,,100113,100,,,100121,100,,,100130,100,,,100134,100,,,,,,,,,,,,,,
2019-06-28 09:30:00.000000013,100032,100,,,100043,100,,,100045,100,,,100059,100,,,100113,100,,,100121,100,,,100130,100,,,100134,100,,,,,,,,,,
2019-06-28 09:30:00.000000015,100019,100,99887,100,100032,100,,,100043,100,,,100045,100,,,100059,100,,,100113,100,,,100121,100,,,100130,100,,,100134,100,,,,,,
2019-06-28 09:30:00.000000020,100019,100,99900,100,100032,100,99887,100,100043,100,99847,100,100045,100,,,100059,100,,,100113,100,,,100121,100,,,100130,100,,,100134,100,,,,,,
2019-06-28 09:30:00.000000021,100019,100,99900,100,100032,100,99891,100,100043,100,99887,100,100045,100,99847,100,100059,100,,,100113,100,,,100121,100,,,100130,100,,,100134,100,,,,,,
2019-06-28 09:30:00.000000022,100019,200,99900,100,100032,100,99891,100,100043,100,99887,100,100045,100,99847,100,100059,100,,,100113,100,,,100121,100,,,100130,100,,,100134,100,,,,,,
2019-06-28 09:30:00.000000023,100019,200,99900,100,100032,100,99891,100,100043,100,99887,100,100045,100,99847,100,100059,100,99819,100,100113,100,,,100121,100,,,100130,100,,,100134,100,,,,,,
2019-06-28 09:30:00.000000025,100019,400,99900,100,100032,100,99891,100,100043,100,99887,100,100045,100,99847,100,100059,100,99819,100,100113,100,,,100115,100,,,100121,100,,,100130,100,,,100134,100,,
2019-06-28 09:30:00.000000027,99950,100,99900,100,100019,400,99891,100,100032,100,99887,100,100043,100,99847,100,100045,100,99819,100,100059,100,,,100113,100,,,100115,100,,,100121,100,,,100130,100,,
2019-06-28 09:30:00.000000028,99950,100,99900,100,100019,400,99891,100,100031,100,99887,100,100032,100,99847,100,100042,100,99819,100,100043,100,,,100045,100,,,100059,100,,,100113,100,,,100115,200,,
2019-06-28 09:30:00.000000030,99950,100,99949,100,100019,400,99900,100,100031,100,99891,100,100032,100,99887,100,100042,100,99847,100,100043,100,99819,100,100045,100,,,100059,100,,,100113,100,,,100115,200,,
2019-06-28 09:30:00.000000032,99950,100,99949,100,100019,400,99921,100,100031,100,99900,100,100032,100,99891,100,100042,100,99887,100,100043,100,99847,100,100045,100,99819,100,100059,100,,,100106,100,,,100113,100,,
2019-06-28 09:30:00.000000034,100019,400,99949,100,100031,100,99945,100,100032,100,99921,100,100042,100,99900,100,100043,100,99891,100,100045,100,99887,100,100059,100,99847,100,100106,100,99819,100,100113,100,,,100115,200,,
2019-06-28 09:30:00.000000035,100019,400,99950,100,100031,100,99949,100,100032,100,99945,100,100042,100,99921,100,100043,100,99900,100,100045,100,99891,100,100059,100,99887,100,100106,100,99847,100,100113,100,99819,100,100115,200,,
2019-06-28 09:30:00.000000039,100019,400,99950,200,100031,100,99949,100,100032,100,99945,100,100042,100,99921,100,100043,100,99900,100,100045,100,99891,100,100059,100,99887,100,100106,100,99847,100,100113,100,99819,100,100115,200,,
2019-06-28 09:30:00.000000040,100019,400,99950,200,100031,100,99949,100,100032,100,99945,100,100042,100,99921,100,100043,100,99900,100,100045,100,99891,100,100059,100,99887,100,100106,100,99847,100,100109,100,99819,100,100113,100,,
2019-06-28 09:30:00.000000043,100019,400,99996,100,100031,100,99950,200,100032,100,99949,100,100042,100,99945,100,100043,100,99921,100,100045,100,99900,100,100059,100,99891,100,100106,100,99887,100,100109,100,99847,100,100113,100,99819,100
2019-06-28 09:30:00.000000044,100019,400,99996,100,100031,100,99950,200,100032,100,99949,100,100042,100,99945,100,100043,100,99921,100,100045,100,99900,100,100059,100,99891,100,100077,100,99887,100,100106,100,99847,100,100109,100,99819,100
2019-06-28 09:30:00.000000050,100019,400,99996,100,100031,100,99950,200,100032,100,99949,100,100042,100,99945,100,100043,100,99921,100,100045,100,99900,100,100049,100,99891,200,100059,100,99887,100,100074,100,99847,100,100077,100,99819,100
2019-06-28 09:30:00.000000053,100019,400,99950,200,100031,100,99949,100,100032,100,99945,100,100042,100,99921,100,100043,100,99900,100,100045,100,99891,200,100049,100,99887,100,100059,100,99847,100,100074,100,99819,100,100077,100,,
2019-06-28 09:30:00.000000054,100019,400,99950,200,100031,100,99949,100,100032,100,99945,100,100042,100,99921,100,100043,100,99900,100,100045,100,99891,200,100049,100,99887,100,100059,100,99847,100,100074,100,99819,100,100077,100,,
2019-06-28 09:30:00.000000057,100019,400,99950,200,100031,100,99949,100,100032,100,99945,100,100042,100,99921,100,100043,100,99900,100,100045,100,99891,200,100049,100,99887,100,100052,100,99847,100,100059,100,99819,100,100074,100,,
2019-06-28 09:30:00.000000062,100019,400,99986,100,100031,100,99950,200,100032,100,99949,100,100042,100,99945,100,100043,100,99921,100,100045,100,99900,100,100049,100,99891,200,100052,100,99887,100,100059,100,99847,100,100074,100,99819,100
2019-06-28 09:30:00.000000066,100019,400,99986,100,100031,100,99950,200,100032,100,99949,100,100042,100,99945,100,100043,100,99921,100,100045,100,99900,100,100049,100,99891,200,100052,100,99887,100,100059,100,99876,100,100074,100,99847,100
2019-06-28 09:30:00.000000069,100019,400,99986,100,100031,100,99962,100,100032,100,99950,200,100042,100,99949,100,100043,100,99945,100,100045,100,99921,100,100049,100,99900,100,100052,100,99891,200,100059,100,99887,100,100074,100,99876,100
2019-06-28 09:30:00.000000070,100019,400,99986,100,100031,100,99962,100,100032,100,99950,200,100042,100,99949,100,100043,100,99945,100,100045,100,99921,100,100049,100,99900,100,100052,100,99891,200,100059,100,99887,100,100074,100,99876,100
2019-06-28 09:30:00.000000071,100019,300,99986,100,100031,100,99962,100,100032,100,99950,200,100042,100,99949,100,100043,100,99945,100,100045,100,99921,100,100049,100,99900,100,100052,100,99891,200,100059,100,99887,100,100074,100,99876,100
2019-06-28 09:30:00.000000072,100019,300,99986,100,100031,100,99966,100,100032,100,99962,100,100042,100,99950,200,100043,100,99949,100,100045,100,99945,100,100049,100,99921,100,100052,100,99900,100,100059,100,99891,200,100074,100,99887,100
2019-06-28 09:30:00.000000076,100019,300,99986,100,100031,100,99966,100,100032,100,99962,100,100042,100,99950,200,100043,100,99949,100,100045,100,99945,100,100049,100,99921,100,100052,100,99919,100,100059,100,99900,100,100062,100,99891,200
2019-06-28 09:30:00.000000077,100019,300,99986,100,100031,100,99966,100,100032,100,99962,100,100042,100,99950,200,100043,100,99949,100,100045,100,99945,100,100049,100,99921,100,100052,100,99919,100,100059,100,99915,100,100062,100,99900,100
2019-06-28 09:30:00.000000078,100001,100,99986,100,100019,300,99966,100,100031,100,99962,100,100032,100,99950,200,100042,100,99949,100,100043,100,99945,100,100045,100,99921,100,100049,100,99919,100,100052,100,99915,100,100059,100,99900,100
2019-06-28 09:30:00.000000080,100001,100,99996,200,100019,300,99986,100,100031,100,99966,100,100032,100,99962,100,100042,100,99950,200,100043,100,99949,100,100045,100,99945,100,100049,100,99921,100,100052,100,99919,100,100059,100,99915,100
2019-06-28 09:30:00.000000082,100001,100,99996,200,100019,300,99986,100,100031,100,99966,100,100032,100,99962,100,100042,100,99950,200,100043,100,99949,100,100045,100,99945,100,100049,100,99941,100,100052,100,99921,100,100059,100,99919,100
2019-06-28 09:30:00.000000085,100001,100,99996,200,100019,300,99986,100,100031,100,99966,100,100032,100,99962,100,100042,100,99950,200,100043,100,99949,100,100045,100,99945,100,100049,100,99941,100,100052,100,99921,100,100059,100,99919,100
2019-06-28 09:30:00.000000086,100001,100,99996,200,100019,300,99986,100,100031,100,99966,100,100032,100,99962,100,100042,100,99950,200,100043,100,99949,100,100045,100,99945,100,100049,100,99941,100,100052,100,99921,100,100059,100,99919,100
2019-06-28 09:30:00.000000087,100001,100,99996,200,100019,400,99986,100,100031,100,99966,100,100032,100,99962,100,100042,100,99950,200,100043,100,99949,100,100045,100,99945,100,100049,100,99941,100,100052,100,99921,100,100059,100,99919,100
2019-06-28 09:30:00.000000088,100001,100,99996,200,100019,400,99986,100,100031,100,99966,100,100032,100,99962,100,100042,100,99950,200,100043,100,99949,100,100045,100,99945,100,100049,100,99941,100,100052,100,99921,100,100059,100,99919,100
2019-06-28 09:30:00.000000093,100001,100,99996,200,100019,400,99986,100,100031,100,99966,100,100032,100,99962,100,100042,100,99950,200,100043,100,99949,100,100045,100,99945,100,100049,100,99941,100,100052,100,99921,100,100059,100,99919,100
2019-06-28 09:30:00.000000095,100001,100,99996,200,100019,400,99986,100,100025,100,99966,100,100031,100,99962,100,100032,100,99950,200,100042,100,99949,100,100043,100,99945,100,100045,100,99941,100,100049,100,99921,100,100052,100,99919,100
2019-06-28 09:30:00.000000096,100001,100,99996,200,100016,100,99986,100,100019,400,99966,100,100025,100,99962,100,100031,100,99950,200,100032,100,99949,100,100042,100,99945,100,100043,100,99941,100,100045,100,99921,100,100049,100,99919,100
2019-06-28 09:30:00.000000097,100001,100,99996,200,100016,100,99986,100,100019,400,99966,100,100025,100,99962,100,100031,100,99952,100,100032,100,99950,200,100042,100,99949,100,100043,100,99945,100,100045,100,99941,100,100049,100,99921,100
2019-06-28 09:30:04.013636528,100001,100,99996,300,100016,100,99986,100,100019,400,99966,100,100025,100,99962,100,100031,100,99952,100,100032,100,99950,200,100042,100,99949,100,100043,100,99945,100,100045,100,99941,100,100049,100,99921,100
2019-06-28 09:30:06.896099410,100001,100,99996,400,100016,100,99986,100,100019,400,99966,100,100025,100,99962,100,100031,100,99952,100,100032,100,99950,200,100042,100,99949,100,100043,100,99945,100,100045,100,99941,100,100049,100,99921,100
2019-06-28 09:30:10.000000000,100001,234,99996,534,100016,230,99986,230,100019,530,99966,230,100025,100,99962,100,100031,100,99952,100,100032,100,99950,200,100042,100,99949,100,100043,100,99945,100,100045,100,99941,100,100049,100,99921,100
2019-06-28 09:30:19.962909916,100001,234,99996,534,100016,230,99986,230,100019,530,99966,230,100025,100,99962,100,100031,100,99952,100,100032,100,99950,200,100042,100,99949,100,100043,100,99945,100,100045,100,99941,100,100049,100,99921,100
2019-06-28 09:30:20.000000000,100001,493,99996,793,100016,100,99986,100,100019,400,99966,100,100025,100,99962,100,100031,100,99952,100,100032,100,99950,200,100042,100,99949,100,100043,100,99945,100,100045,100,99941,100,100049,100,99921,100
2019-06-28 09:30:22.768108603,100001,393,99996,793,100016,100,99986,100,100019,400,99966,100,100025,100,99962,100,100031,100,99950,200,100032,100,99949,100,100042,100,99945,100,100043,100,99941,100,100045,100,99921,100,100049,100,99919,100
2019-06-28 09:30:25.568096153,100001,393,99996,793,100016,100,99986,100,100019,300,99966,100,100025,100,99962,100,100031,100,99950,200,100032,100,99949,100,100042,100,99945,100,100043,100,99941,100,100045,100,99921,100,100049,100,99919,100
2019-06-28 09:30:30.000000000,100016,234,99996,534,100019,430,99986,230,100025,230,99966,230,100031,100,99962,100,100032,100,99950,200,100042,100,99949,100,100043,100,99945,100,100045,100,99941,100,100049,100,99921,100,100052,100,99919,100
2019-06-28 09:30:32.997374995,100016,234,99996,534,100019,430,99986,230,100025,230,99966,230,100031,100,99962,100,100032,100,99950,200,100042,100,99949,100,100043,100,99945,100,100045,100,99921,100,100049,100,99919,100,100052,100,99915,100
2019-06-28 09:30:40.000000000,100016,296,99996,596,100019,496,99986,296,100025,100,99966,100,100031,100,99962,100,100032,100,99950,200,100042,100,99949,100,100043,100,99945,100,100045,100,99921,100,100049,100,99919,100,100052,100,99915,100
2019-06-28 09:30:46.259286160,100016,296,99996,496,100019,496,99986,296,100025,100,99966,100,100031,100,99962,100,100032,100,99950,200,100042,100,99949,100,100043,100,99945,100,100045,100,99921,100,100049,100,99919,100,100052,100,99915,100
2019-06-28 09:30:50.000000000,100016,234,99996,434,100019,430,99986,230,100025,230,99966,230,100031,100,99962,100,100032,100,99950,200,100042,100,99949,100,100043,100,99945,100,100045,100,99921,100,100049,100,99919,100,100052,100,99915,100
2019-06-28 09:31:00.000000000,100016,179,99996,379,100019,379,99986,179,100025,179,99966,179,100031,179,99962,179,100032,179,99950,279,100042,100,99949,100,100043,100,99945,100,100045,100,99921,100,100049,100,99919,100,100052,100,99915,100
2019-06-28 09:31:01.743698185,100016,179,99997,100,100019,379,99996,379,100025,179,99986,179,100031,179,99966,179,100032,179,99962,179,100042,100,99950,179,100043,100,99949,100,100045,100,99945,100,100049,100,99921,100,100052,100,99919,100
2019-06-28 09:31:10.000000000,100016,234,99997,234,100019,430,99996,430,100025,230,99986,230,100031,100,99966,100,100032,100,99962,100,100042,100,99950,100,100043,100,99949,100,100045,100,99945,100,100049,100,99921,100,100052,100,99919,100
2019-06-28 09:31:17.432452213,100016,134,99997,234,100019,430,99996,430,100025,230,99986,230,100031,100,99966,100,100032,100,99962,100,100042,100,99950,100,100043,100,99949,100,100045,100,99945,100,100049,100,99921,100,100052,100,99915,100
2019-06-28 09:31:20.000000000,100019,496,99997,296,100025,296,99996,496,100031,100,99986,100,100032,100,99966,100,100042,100,99962,100,100043,100,99950,100,100045,100,99949,100,100049,100,99945,100,100052,100,99921,100,100059,100,99915,100
2019-06-28 09:31:23.970036805,100019,396,99997,296,100025,296,99996,496,100031,100,99986,100,100032,100,99966,100,100042,100,99962,100,100043,100,99950,100,100045,100,99949,100,100049,100,99945,100,100052,100,99921,100,100059,100,99915,100
2019-06-28 09:31:30.000000000,100019,298,99997,198,100025,198,99996,398,100031,198,99986,198,100032,198,99966,198,100042,100,99962,100,100043,100,99950,100,100045,100,99949,100,100049,100,99945,100,100052,100,99921,100,100059,100,99915,100
2019-06-28 09:31:35.271091606,100019,298,99997,198,100025,198,99996,398,100031,198,99986,198,100032,198,99966,198,100042,100,99962,100,100043,100,99950,100,100045,100,99949,100,100049,100,99945,100,100052,100,99921,100,100059,100,99915,100
2019-06-28 09:31:40.000000000,100019,298,99997,198,100025,198,99996,398,100031,198,99986,198,100032,198,99966,198,100042,100,99962,100,100043,100,99950,100,100045,100,99949,100,100049,100,99945,100,100052,100,99921,100,100059,100,99915,100
2019-06-28 09:31:50.000000000,100019,334,99997,234,100025,230,99996,430,100031,230,99986,230,100032,100,99966,100,100042,100,99962,100,100043,100,99950,100,100045,100,99949,100,100049,100,99945,100,100052,100,99921,100,100059,100,99915,100
2019-06-28 09:32:00.000000000,100019,279,99997,179,100025,179,99996,379,100031,179,99986,179,100032,179,99966,179,100042,179,99962,179,100043,100,99950,100,100045,100,99949,100,100049,100,99945,100,100052,100,99921,100,100059,100,99915,100
2019-06-28 09:32:01.005061044,100019,179,99997,179,100025,179,99996,379,100031,179,99986,179,100032,79,99966,179,100042,179,99962,179,100043,100,99950,100,100045,100,99949,100,100049,100,99945,100,100052,100,99921,100,100059,100,99915,100
2019-06-28 09:32:10.000000000,100019,234,99997,234,100025,230,99996,430,100031,230,99986,230,100042,100,99966,100,100043,100,99962,100,100045,100,99950,100,100049,100,99949,100,100052,100,99945,100,100059,100,99921,100,100062,100,99915,100
2019-06-28 09:32:20.000000000,100019,179,99997,179,100025,179,99996,379,100031,179,99986,179,100042,179,99966,179,100043,179,99962,179,100045,100,99950,100,100049,100,99949,100,100052,100,99945,100,100059,100,99921,100,100062,100,99915,100
2019-06-28 09:32:20.788984402,100019,79,99997,179,100025,179,99996,379,100031,179,99986,179,100042,179,99966,179,100043,179,99962,179,100045,100,99950,100,100049,100,99949,100,100052,100,99945,100,100059,100,99921,100,100062,100,99915,100
2019-06-28 09:32:30.000000000,100025,179,99997,179,100031,179,99996,379,100042,179,99986,179,100043,179,99966,179,100045,179,99962,179,100049,100,99950,100,100052,100,99949,100,100059,100,99945,100,100062,100,99921,100,100074,100,99915,100
2019-06-28 09:32:40.000000000,100025,198,99997,198,100031,198,99996,398,100042,198,99986,198,100043,198,99966,198,100045,100,99962,100,100049,100,99950,100,100052,100,99949,100,100059,100,99945,100,100062,100,99921,100,100074,100,99915,100
2019-06-28 09:32:50.000000000,100025,234,99997,234,100031,230,99996,430,100042,230,99986,230,100043,100,99966,100,100045,100,99962,100,100049,100,99950,100,100052,100,99949,100,100059,100,99945,100,100062,100,99921,100,100074,100,99915,100
2019-06-28 09:33:00.000000000,100025,234,99997,234,100031,230,99996,430,100042,230,99986,230,100043,100,99966,100,100045,100,99962,100,100049,100,99950,100,100052,100,99949,100,100059,100,99945,100,100062,100,99921,100,100074,100,99915,100
2019-06-28 09:33:10.000000000,100025,179,99997,179,100031,179,99996,379,100042,179,99986,179,100043,179,99966,179,100045,179,99962,179,100049,100,99950,100,100052,100,99949,100,100059,100,99945,100,100062,100,99921,100,100074,100,99915,100
2019-06-28 09:33:20.000000000,100025,198,99997,198,100031,198,99996,398,100042,198,99986,198,100043,198,99966,198,100045,100,99962,100,100049,100,99950,100,100052,100,99949,100,100059,100,99945,100,100062,100,99921,100,100074,100,99915,100
2019-06-28 09:33:21.940386373,100025,198,99997,98,100031,198,99996,398,100042,198,99986,198,100043,198,99966,198,100045,100,99962,100,100049,100,99950,100,100052,100,99949,100,100059,100,99945,100,100062,100,99921,100,100074,100,99915,100
2019-06-28 09:33:27.396778234,100025,198,99997,98,100031,198,99996,298,100042,198,99986,198,100043,198,99966,198,100045,100,99962,100,100049,100,99950,100,100052,100,99949,100,100059,100,99945,100,100062,100,99921,100,100074,100,99915,100
2019-06-28 09:33:30.000000000,100025,234,99996,334,100031,230,99986,230,100042,230,99966,230,100043,100,99962,100,100045,100,99950,100,100049,100,99949,100,100052,100,99945,100,100059,100,99921,100,100062,100,99915,100,100074,100,99901,100
2019-06-28 09:33:40.000000000,100025,296,99996,396,100031,296,99986,296,100042,100,99966,100,100043,100,99962,100,100045,100,99950,100,100049,100,99949,100,100052,100,99945,100,100059,100,99921,100,100062,100,99915,100,100074,100,99901,100
2019-06-28 09:33:50.000000000,100025,296,99996,396,100031,296,99986,296,100042,100,99966,100,100043,100,99962,100,100045,100,99950,100,100049,100,99949,100,100052,100,99945,100,100059,100,99921,100,100062,100,99915,100,100074,100,99901,100
2019-06-28 09:34:00.000000000,100025,296,99996,396,100031,296,99986,296,100042,100,99966,100,100043,100,99962,100,100045,100,99950,100,100049,100,99949,100,100052,100,99945,100,100059,100,99921,100,100062,100,99915,100,100074,100,99901,100
2019-06-28 09:34:10.000000000,100025,234,99996,334,100031,230,99986,230,100042,230,99966,230,100043,100,99962,100,100045,100,99950,100,100049,100,99949,100,100052,100,99945,100,100059,100,99921,100,100062,100,99915,100,100074,100,99901,100
2019-06-28 09:34:11.654486692,100025,234,99996,334,100031,230,99986,230,100042,230,99966,230,100043,100,99962,100,100045,100,99950,100,100049,100,99949,100,100052,100,99945,100,100059,100,99921,100,100062,100,99915,100,100074,100,99901,100
2019-06-28 09:34:20.000000000,100025,296,99996,396,100031,296,99986,296,100042,100,99966,100,100043,100,99962,100,100045,100,99950,100,100049,100,99949,100,100052,100,99945,100,100059,100,99921,100,100062,100,99915,100,100074,100,99901,100
2019-06-28 09:34:30.000000000,100025,234,99996,334,100031,230,99986,230,100042,230,99966,230,100043,100,99962,100,100045,100,99950,100,100049,100,99949,100,100052,100,99945,100,100059,100,99921,100,100062,100,99915,100,100074,100,99901,100
2019-06-28 09:34:32.987894925,100025,234,99996,234,100031,230,99986,230,100042,230,99966,230,100043,100,99962,100,100045,100,99950,100,100049,100,99949,100,100052,100,99945,100,100059,100,99921,100,100062,100,99915,100,100074,100,99901,100
2019-06-28 09:34:36.184703284,100025,234,99996,234,100031,230,99986,230,100042,230,99966,230,100043,100,99962,100,100045,100,99950,100,100049,100,99949,100,100052,100,99945,100,100059,100,99921,100,100062,100,99901,100,100074,100,99900,100
2019-06-28 09:34:40.000000000,100025,198,99996,198,100031,198,99986,198,100042,198,99966,198,100043,198,99962,198,100045,100,99950,100,100049,100,99949,100,100052,100,99945,100,100059,100,99921,100,100062,100,99901,100,100074,100,99900,100
2019-06-28 09:34:42.714065366,100025,198,99996,98,100031,198,99986,198,100042,198,99966,198,100043,198,99962,198,100045,100,99950,100,100049,100,99949,100,100052,100,99945,100,100059,100,99921,100,100062,100,99901,100,100074,100,99900,100
2019-06-28 09:34:50.000000000,100025,234,99986,234,100031,230,99966,230,100042,230,99962,230,100043,100,99950,100,100045,100,99949,100,100049,100,99945,100,100052,100,99921,100,100059,100,99901,100,100062,100,99900,100,100074,100,99891,200
2019-06-28 09:34:58.142605849,99996,100,99986,234,100025,234,99966,230,100031,230,99962,230,100042,230,99950,100,100043,100,99949,100,100045,100,99945,100,100049,100,99921,100,100052,100,99901,100,100059,100,99900,100,100062,100,99891,200
2019-06-28 09:35:00.000000000,99996,493,99986,493,100025,100,99966,100,100031,100,99962,100,100042,100,99950,100,100043,100,99949,100,100045,100,99945,100,100049,100,99921,100,100052,100,99901,100,100059,100,99900,100,100062,100,99891,200
2019-06-28 09:35:10.000000000,99996,234,99986,234,100025,230,99966,230,100031,230,99962,230,100042,100,99950,100,100043,100,99949,100,100045,100,99945,100,100049,100,99921,100,100052,100,99901,100,100059,100,99900,100,100062,100,99891,200
2019-06-28 09:35:12.785015403,99996,234,99986,234,100025,230,99966,230,100031,230,99962,230,100042,100,99950,100,100045,100,99949,100,100049,100,99945,100,100052,100,99921,100,100059,100,99901,100,100062,100,99900,100,100074,100,99891,200
2019-06-28 09:35:18.920324176,99996,334,99986,234,100025,230,99966,230,100031,230,99962,230,100042,100,99950,100,100045,100,99949,100,100049,100,99945,100,100052,100,99921,100,100059,100,99901,100,100062,100,99900,100,100074,100,99891,200
2019-06-28 09:35:20.000000000,99996,396,99986,296,100025,296,99966,296,100031,100,99962,100,100042,100,99950,100,100045,100,99949,100,100049,100,99945,100,100052,100,99921,100,100059,100,99901,100,100062,100,99900,100,100074,100,99891,200
2019-06-28 09:35:30.000000000,99996,593,99986,493,100025,100,99966,100,100031,100,99962,100,100042,100,99950,100,100045,100,99949,100,100049,100,99945,100,100052,100,99921,100,100059,100,99901,100,100062,100,99900,100,100074,100,99891,200
2019-06-28 09:35:40.000000000,99996,334,99986,234,100025,230,99966,230,100031,230,99962,230,100042,100,99950,100,100045,100,99949,100,100049,100,99945,100,100052,100,99921,100,100059,100,99901,100,100062,100,99900,100,100074,100,99891,200
2019-06-28 09:35:46.914613610,99996,334,99986,234,100025,230,99966,230,100031,230,99962,230,100045,100,99950,100,100049,100,99949,100,100052,100,99945,100,100059,100,99921,100,100062,100,99901,100,100074,100,99900,100,100077,100,99891,200
2019-06-28 09:35:50.000000000,99996,334,99986,234,100025,230,99966,230,100031,230,99962,230,100045,100,99950,100,100049,100,99949,100,100052,100,99945,100,100059,100,99921,100,100062,100,99901,100,100074,100,99900,100,100077,100,99891,200
2019-06-28 09:36:00.000000000,99996,279,99986,179,100025,179,99966,179,100031,179,99962,179,100045,179,99950,179,100049,179,99949,179,100052,100,99945,100,100059,100,99921,100,100062,100,99901,100,100074,100,99900,100,100077,100,99891,200
2019-06-28 09:36:00.272762769,99996,379,99986,179,100025,179,99966,179,100031,179,99962,179,100045,179,99950,79,100049,179,99949,179,100052,100,99945,100,100059,100,99921,100,100062,100,99901,100,100074,100,99900,100,100077,100,99891,200
2019-06-28 09:36:10.000000000,99996,496,99986,296,100025,296,99966,296,100031,100,99962,100,100045,100,99949,100,100049,100,99945,100,100052,100,99921,100,100059,100,99901,100,100062,100,99900,100,100074,100,99891,200,100077,100,99887,100
2019-06-28 09:36:20.000000000,99996,693,99986,493,100025,100,99966,100,100031,100,99962,100,100045,100,99949,100,100049,100,99945,100,100052,100,99921,100,100059,100,99901,100,100062,100,99900,100,100074,100,99891,200,100077,100,99887,100
2019-06-28 09:36:23.975266645,99996,693,99986,393,100025,100,99966,100,100031,100,99962,100,100045,100,99949,100,100049,100,99945,100,100052,100,99921,100,100059,100,99901,100,100062,100,99900,100,100074,100,99891,200,100093,100,99887,100
2019-06-28 09:36:30.000000000,99996,434,99966,234,100025,230,99962,230,100031,230,99949,230,100045,100,99945,100,100049,100,99921,100,100052,100,99901,100,100059,100,99900,100,100062,100,99891,200,100074,100,99887,100,100093,100,99876,100
2019-06-28 09:36:40.000000000,99996,398,99966,198,100025,198,99962,198,100031,198,99949,198,100045,198,99945,198,100049,100,99921,100,100052,100,99901,100,100059,100,99900,100,100062,100,99891,200,100074,100,99887,100,100093,100,99876,100
2019-06-28 09:36:50.000000000,99996,693,99966,493,100025,100,99962,100,100031,100,99949,100,100045,100,99945,100,100049,100,99921,100,100052,100,99901,100,100059,100,99900,100,100062,100,99891,200,100074,100,99887,100,100093,100,99876,100
2019-06-28 09:36:51.439346637,99996,693,99966,493,100025,100,99962,100,100031,100,99949,100,100045,100,99945,100,100049,100,99921,100,100052,100,99901,100,100059,100,99900,100,100062,100,99891,200,100074,100,99887,100,100097,100,99876,100
2019-06-28 09:37:00.000000000,99996,496,99966,296,100025,296,99962,296,100031,100,99949,100,100045,100,99945,100,100049,100,99921,100,100052,100,99901,100,100059,100,99900,100,100062,100,99891,200,100074,100,99887,100,100097,100,99876,100
2019-06-28 09:37:10.000000000,99996,434,99966,234,100025,230,99962,230,100031,230,99949,230,100045,100,99945,100,100049,100,99921,100,100052,100,99901,100,100059,100,99900,100,100062,100,99891,200,100074,100,99887,100,100097,100,99876,100
2019-06-28 09:37:16.011972601,99996,434,99966,234,100025,230,99962,230,100031,230,99949,230,100049,100,99945,100,100052,100,99921,100,100059,100,99901,100,100062,100,99900,100,100074,100,99891,200,100097,100,99887,100,100106,100,99876,100
2019-06-28 09:37:16.856166243,99995,100,99966,234,99996,434,99962,230,100025,230,99949,230,100031,230,99945,100,100049,100,99921,100,100052,100,99901,100,100059,100,99900,100,100062,100,99891,200,100074,100,99887,100,100097,100,99876,100
2019-06-28 09:37:20.000000000,99995,493,99966,493,99996,300,99962,100,100025,100,99949,100,100031,100,99945,100,100049,100,99921,100,100052,100,99901,100,100059,100,99900,100,100062,100,99891,200,100074,100,99887,100,100097,100,99876,100
2019-06-28 09:37:30.000000000,99995,198,99966,198,99996,398,99962,198,100025,198,99949,198,100031,198,99945,198,100049,100,99921,100,100052,100,99901,100,100059,100,99900,100,100062,100,99891,200,100074,100,99887,100,100097,100,99876,100
2019-06-28 09:37:32.982181048,99995,298,99966,198,99996,398,99962,198,100025,198,99949,198,100031,198,99945,198,100049,100,99921,100,100052,100,99901,100,100059,100,99900,100,100062,100,99891,200,100074,100,99887,100,100097,100,99876,100
2019-06-28 09:37:38.034719506,99995,298,99966,198,99996,398,99962,198,100025,198,99949,198,100031,198,99945,198,100049,100,99921,100,100052,100,99901,100,100059,100,99891,200,100062,100,99887,100,100074,100,99876,100,100097,100,99872,100
2019-06-28 09:37:38.879579470,99995,298,99966,98,99996,398,99962,198,100025,198,99949,198,100031,198,99945,198,100049,100,99921,100,100052,100,99901,100,100059,100,99891,200,100062,100,99887,100,100074,100,99876,100,100097,100,99872,100
2019-06-28 09:37:40.000000000,99995,396,99962,296,99996,496,99949,296,100025,100,99945,100,100031,100,99921,100,100049,100,99901,100,100052,100,99891,200,100059,100,99887,100,100062,100,99876,100,100074,100,99872,100,100097,100,99867,100
2019-06-28 09:37:50.000000000,99995,396,99962,296,99996,496,99949,296,100025,100,99945,100,100031,100,99921,100,100049,100,99901,100,100052,100,99891,200,100059,100,99887,100,100062,100,99876,100,100074,100,99872,100,100097,100,99867,100
2019-06-28 09:37:57.813924503,99995,396,99962,196,99996,496,99949,296,100025,100,99945,100,100031,100,99921,100,100049,100,99901,100,100052,100,99891,200,100059,100,99887,100,100062,100,99876,100,100074,100,99872,100,100097,100,99867,100
2019-06-28 09:38:00.000000000,99995,593,99949,493,99996,300,99945,100,100025,100,99921,100,100031,100,99901,100,100049,100,99891,200,100052,100,99887,100,100059,100,99876,100,100062,100,99872,100,100074,100,99867,100,100097,100,99125,100
2019-06-28 09:38:00.795648346,99995,593,99949,493,99996,300,99945,100,100025,100,99921,100,100031,100,99901,100,100049,100,99891,200,100052,100,99887,100,100059,100,99876,100,100062,100,99872,100,100074,100,99867,100,100097,100,99301,100
2019-06-28 09:38:04.494163388,99995,593,99949,493,99996,300,99945,100,100025,100,99921,100,100031,100,99901,100,100049,100,99891,200,100052,100,99876,100,100059,100,99872,100,100062,100,99867,100,100074,100,99301,100,100097,100,99157,100
2019-06-28 09:38:10.000000000,99995,334,99949,234,99996,430,99945,230,100025,230,99921,230,100031,100,99901,100,100049,100,99891,200,100052,100,99876,100,100059,100,99872,100,100062,100,99867,100,100074,100,99301,100,100097,100,99157,100
2019-06-28 09:38:10.572623631,99966,100,99949,234,99995,334,99945,230,99996,330,99921,230,100025,230,99901,100,100031,100,99891,200,100049,100,99876,100,100052,100,99872,100,100059,100,99867,100,100062,100,99301,100,100074,100,99157,100
2019-06-28 09:38:20.000000000,99966,234,99949,234,99995,330,99945,230,99996,330,99921,230,100025,100,99901,100,100031,100,99891,200,100049,100,99876,100,100052,100,99872,100,100059,100,99867,100,100062,100,99301,100,100074,100,99157,100
2019-06-28 09:38:30.000000000,99966,493,99949,493,99995,200,99945,100,99996,200,99921,100,100025,100,99901,100,100031,100,99891,200,100049,100,99876,100,100052,100,99872,100,100059,100,99867,100,100062,100,99301,100,100074,100,99157,100
2019-06-28 09:38:35.279619262,99966,493,99949,493,99995,200,99945,100,99996,200,99921,100,100025,100,99901,100,100031,100,99891,200,100049,100,99876,100,100052,100,99872,100,100059,100,99867,100,100062,100,99301,100,100074,100,99176,100
2019-06-28 09:38:35.741728338,99966,493,99949,493,99995,200,99945,100,99996,200,99921,100,100025,100,99901,100,100031,100,99891,200,100049,100,99876,100,100052,100,99872,100,100059,100,99867,100,100062,100,99301,100,100074,100,99176,100
2019-06-28 09:38:40.000000000,99966,296,99949,296,99995,396,99945,296,99996,200,99921,100,100025,100,99901,100,100031,100,99891,200,100049,100,99876,100,100052,100,99872,100,100059,100,99867,100,100062,100,99301,100,100074,100,99176,100
2019-06-28 09:38:42.552928432,99966,296,99949,196,99995,396,99945,296,99996,200,99921,100,100025,100,99901,100,100031,100,99891,200,100049,100,99876,100,100052,100,99872,100,100059,100,99867,100,100062,100,99301,100,100074,100,99176,100
2019-06-28 09:38:50.000000000,99966,493,99945,493,99995,200,99921,100,99996,200,99901,100,100025,100,99891,200,100031,100,99876,100,100049,100,99872,100,100052,100,99867,100,100059,100,99301,100,100062,100,99176,100,100074,100,99125,100
2019-06-28 09:39:00.000000000,99966,493,99945,493,99995,200,99921,100,99996,200,99901,100,100025,100,99891,200,100031,100,99876,100,100049,100,99872,100,100052,100,99867,100,100059,100,99301,100,100062,100,99176,100,100074,100,99125,100
2019-06-28 09:39:10.000000000,99966,234,99945,234,99995,330,99921,230,99996,330,99901,230,100025,100,99891,200,100031,100,99876,100,100049,100,99872,100,100052,100,99867,100,100059,100,99301,100,100062,100,99176,100,100074,100,99125,100
2019-06-28 09:39:20.000000000,99966,198,99945,198,99995,298,99921,198,99996,298,99901,198,100025,198,99891,298,100031,100,99876,100,100049,100,99872,100,100052,100,99867,100,100059,100,99301,100,100062,100,99176,100,100074,100,99125,100
2019-06-28 09:39:30.000000000,99966,179,99945,179,99995,279,99921,179,99996,279,99901,179,100025,179,99891,279,100031,179,99876,179,100049,100,99872,100,100052,100,99867,100,100059,100,99301,100,100062,100,99176,100,100074,100,99125,100
2019-06-28 09:39:31.173166847,99966,179,99945,79,99995,279,99921,179,99996,279,99901,179,100025,179,99891,279,100031,79,99876,179,100049,100,99872,100,100052,100,99867,100,100059,100,99301,100,100062,100,99176,100,100074,100,99125,100
2019-06-28 09:39:40.000000000,99966,179,99921,179,99995,279,99901,179,99996,279,99891,279,100025,179,99876,179,100049,179,99872,179,100052,100,99867,100,100059,100,99301,100,100062,100,99176,100,100074,100,99125,100,100097,100,98890,100
2019-06-28 09:39:50.000000000,99966,198,99921,198,99995,298,99901,198,99996,298,99891,298,100025,198,99876,198,100049,100,99872,100,100052,100,99867,100,100059,100,99301,100,100062,100,99176,100,100074,100,99125,100,100097,100,98890,100
2019-06-28 09:39:57.919780647,99966,198,99921,198,99995,298,99901,198,99996,298,99891,298,100025,198,99876,198,100049,100,99872,100,100052,100,99500,100,100059,100,99301,100,100062,100,99176,100,100074,100,99125,100,100097,100,98890,100
2019-06-28 09:39:59.018379302,99966,198,99921,198,99995,298,99901,98,99996,298,99891,298,100025,198,99876,198,100049,100,99872,100,100052,100,99610,100,100059,100,99500,100,100062,100,99301,100,100074,100,99176,100,100097,100,99125,100
2019-06-28 09:40:00.000000000,99966,493,99921,493,99995,200,99891,200,99996,200,99876,100,100025,100,99872,100,100049,100,99610,100,100052,100,99500,100,100059,100,99301,100,100062,100,99176,100,100074,100,99125,100,100097,100,98890,100
2019-06-28 09:40:10.000000000,99966,234,99921,234,99995,330,99891,330,99996,330,99876,230,100025,100,99872,100,100049,100,99610,100,100052,100,99500,100,100059,100,99301,100,100062,100,99176,100,100074,100,99125,100,100097,100,98890,100
2019-06-28 09:40:20.000000000,99966,493,99921,493,99995,200,99891,200,99996,200,99876,100,100025,100,99872,100,100049,100,99610,100,100052,100,99500,100,100059,100,99301,100,100062,100,99176,100,100074,100,99125,100,100097,100,98890,100
2019-06-28 09:40:29.578593123,99966,493,99921,493,99995,200,99891,200,99996,200,99876,100,100025,100,99872,100,100049,100,99610,100,100052,100,99500,100,100059,100,99301,100,100062,100,99176,100,100074,100,99125,100,100097,100,98890,100
2019-06-28 09:40:30.000000000,99966,234,99921,234,99995,330,99891,330,99996,330,99876,230,100025,100,99872,100,100049,100,99610,100,100052,100,99500,100,100059,100,99301,100,100062,100,99176,100,100074,100,99125,100,100097,100,98890,100
2019-06-28 09:40:40.000000000,99966,179,99921,179,99995,279,99891,279,99996,279,99876,179,100025,179,99872,179,100049,179,99610,179,100052,100,99500,100,100059,100,99301,100,100062,100,99176,100,100074,100,99125,100,100097,100,98890,100
2019-06-28 09:40:40.203547116,99966,179,99921,179,99995,279,99891,279,99996,279,99876,179,100025,179,99872,179,100049,179,99800,100,100052,100,99610,179,100059,100,99500,100,100062,100,99301,100,100074,100,99176,100,100097,100,99125,100
2019-06-28 09:40:47.119697335,99966,79,99921,179,99995,279,99891,279,99996,279,99876,179,100025,179,99872,179,100049,179,99800,100,100052,100,99610,179,100059,100,99500,100,100062,100,99301,100,100074,100,99176,100,100097,100,99125,100
2019-06-28 09:40:50.000000000,99995,279,99921,179,99996,279,99891,279,100025,179,99876,179,100049,179,99872,179,100052,179,99800,179,100059,100,99610,100,100062,100,99500,100,100074,100,99301,100,100097,100,99176,100,100106,100,99125,100
2019-06-28 09:41:00.000000000,99995,298,99921,198,99996,298,99891,298,100025,198,99876,198,100049,198,99872,198,100052,100,99800,100,100059,100,99610,100,100062,100,99500,100,100074,100,99301,100,100097,100,99176,100,100106,100,99125,100
2019-06-28 09:41:03.672013597,99995,198,99921,198,99996,298,99891,298,100025,198,99876,98,100049,198,99872,198,100052,100,99800,100,100059,100,99610,100,100062,100,99500,100,100074,100,99301,100,100097,100,99176,100,100106,100,99125,100
2019-06-28 09:41:10.000000000,99995,234,99921,234,99996,330,99891,330,100025,230,99872,230,100049,100,99800,100,100052,100,99610,100,100059,100,99500,100,100062,100,99301,100,100074,100,99176,100,100097,100,99125,100,100106,100,98890,100
2019-06-28 09:41:11.131045503,99995,134,99921,234,99996,330,99891,330,100025,230,99872,230,100049,100,99800,100,100052,100,99610,100,100059,100,99301,100,100062,100,99176,100,100074,100,99125,100,100097,100,98890,100,100106,100,98763,100
2019-06-28 09:41:20.000000000,99996,396,99921,296,100025,296,99891,396,100049,100,99872,100,100052,100,99800,100,100059,100,99610,100,100062,100,99301,100,100074,100,99176,100,100097,100,99125,100,100106,100,98890,100,100109,100,98763,100
2019-06-28 09:41:27.266872266,99996,396,99921,296,100025,296,99891,396,100049,100,99872,100,100052,100,99800,100,100059,100,99610,100,100062,100,99301,100,100074,100,99176,100,100097,100,99125,100,100106,100,98890,100,100109,100,98763,100
2019-06-28 09:41:30.000000000,99996,279,99921,179,100025,179,99891,279,100049,179,99872,179,100052,179,99800,179,100059,179,99610,179,100062,100,99301,100,100074,100,99176,100,100097,100,99125,100,100106,100,98890,100,100109,100,98763,100
2019-06-28 09:41:30.332964199,99996,279,99995,100,100025,179,99921,179,100049,179,99891,279,100052,179,99872,179,100059,179,99800,179,100062,100,99610,179,100074,100,99301,100,100097,100,99176,100,100106,100,99125,100,100109,100,98890,100
2019-06-28 09:41:34.686118921,99996,279,99921,179,100025,179,99891,279,100049,179,99872,179,100052,179,99800,179,100059,179,99610,179,100062,100,99301,100,100074,100,99176,100,100097,100,99125,100,100106,100,98890,100,100109,100,98763,100
2019-06-28 09:41:40.000000000,99996,593,99921,493,100025,100,99891,200,100049,100,99872,100,100052,100,99800,100,100059,100,99610,100,100062,100,99301,100,100074,100,99176,100,100097,100,99125,100,100106,100,98890,100,100109,100,98763,100
2019-06-28 09:41:50.000000000,99996,396,99921,296,100025,296,99891,396,100049,100,99872,100,100052,100,99800,100,100059,100,99610,100,100062,100,99301,100,100074,100,99176,100,100097,100,99125,100,100106,100,98890,100,100109,100,98763,100
2019-06-28 09:41:56.803489218,99996,396,99921,196,100025,296,99891,296,100049,100,99872,100,100052,100,99800,100,100059,100,99610,100,100062,100,99301,100,100074,100,99176,100,100097,100,99125,100,100106,100,98890,100,100109,100,98763,100
2019-06-28 09:42:00.000000000,99996,298,99891,198,100025,198,99872,198,100049,198,99800,198,100052,198,99610,198,100059,100,99301,100,100062,100,99176,100,100074,100,99125,100,100097,100,98890,100,100106,100,98763,100,100109,100,98730,100
2019-06-28 09:42:10.000000000,99996,593,99891,493,100025,100,99872,100,100049,100,99800,100,100052,100,99610,100,100059,100,99301,100,100062,100,99176,100,100074,100,99125,100,100097,100,98890,100,100106,100,98763,100,100109,100,98730,100
2019-06-28 09:42:11.282258238,99996,593,99891,493,100025,100,99872,100,100049,100,99800,100,100052,100,99787,100,100059,100,99610,100,100062,100,99301,100,100074,100,99176,100,100097,100,99125,100,100106,100,98890,100,100109,100,98763,100
2019-06-28 09:42:20.000000000,99996,279,99891,179,100025,179,99872,179,100049,179,99800,179,100052,179,99787,179,100059,179,99610,179,100062,100,99301,100,100074,100,99176,100,100097,100,99125,100,100106,100,98890,100,100109,100,98763,100
2019-06-28 09:42:30.000000000,99996,298,99891,198,100025,198,99872,198,100049,198,99800,198,100052,198,99787,198,100059,100,99610,100,100062,100,99301,100,100074,100,99176,100,100097,100,99125,100,100106,100,98890,100,100109,100,98763,100
2019-06-28 09:42:40.000000000,99996,298,99891,198,100025,198,99872,198,100049,198,99800,198,100052,198,99787,198,100059,100,99610,100,100062,100,99301,100,100074,100,99176,100,100097,100,99125,100,100106,100,98890,100,100109,100,98763,100
2019-06-28 09:42:43.913397739,99996,298,99922,100,100025,198,99891,198,100049,198,99872,198,100052,198,99800,198,100059,100,99787,198,100062,100,99610,100,100074,100,99301,100,100097,100,99176,100,100106,100,99125,100,100109,100,98890,100
2019-06-28 09:42:49.990001804,99996,298,99922,200,100025,198,99891,198,100049,198,99872,198,100052,198,99800,198,100059,100,99787,198,100062,100,99610,100,100074,100,99301,100,100097,100,99176,100,100106,100,99125,100,100109,100,98890,100
2019-06-28 09:42:50.000000000,99996,279,99922,279,100025,179,99891,179,100049,179,99872,179,100052,179,99800,179,100059,179,99787,179,100062,100,99610,100,100074,100,99301,100,100097,100,99176,100,100106,100,99125,100,100109,100,98890,100
2019-06-28 09:42:57.437103313,99996,179,99922,279,100025,179,99891,179,100049,179,99872,179,100052,179,99800,179,100059,179,99787,179,100062,100,99610,100,100074,100,99301,100,100097,100,99176,100,100106,100,99125,100,100109,100,98890,100
2019-06-28 09:43:00.000000000,99996,234,99922,334,100025,230,99891,230,100049,230,99872,230,100052,100,99800,100,100059,100,99787,100,100062,100,99610,100,100074,100,99301,100,100097,100,99176,100,100106,100,99125,100,100109,100,98890,100
2019-06-28 09:43:10.000000000,99996,234,99922,334,100025,230,99891,230,100049,230,99872,230,100052,100,99800,100,100059,100,99787,100,100062,100,99610,100,100074,100,99301,100,100097,100,99176,100,100106,100,99125,100,100109,100,98890,100
2019-06-28 09:43:10.419704724,99996,234,99922,334,100025,230,99891,230,100049,230,99872,230,100052,100,99800,100,100059,100,99787,100,100062,100,99610,100,100074,100,99301,100,100097,100,99176,100,100106,100,99125,100,100109,100,98890,100
2019-06-28 09:43:12.205453636,99996,234,99922,334,100025,230,99891,230,100049,230,99872,230,100052,100,99800,100,100059,100,99787,100,100062,100,99610,100,100074,100,99301,100,100097,100,99176,100,100106,100,99125,100,100109,100,98890,100
2019-06-28 09:43:18.336055304,99996,234,99923,100,100025,230,99922,334,100049,230,99891,230,100052,100,99872,230,100059,100,99800,100,100062,100,99787,100,100074,100,99610,100,100097,100,99301,100,100106,100,99176,100,100109,100,99125,100
2019-06-28 09:43:20.000000000,99996,296,99923,296,100025,296,99922,396,100049,100,99891,100,100052,100,99872,100,100059,100,99800,100,100062,100,99787,100,100074,100,99610,100,100097,100,99301,100,100106,100,99176,100,100109,100,99125,100
2019-06-28 09:43:30.000000000,99996,493,99923,493,100025,100,99922,200,100049,100,99891,100,100052,100,99872,100,100059,100,99800,100,100062,100,99787,100,100074,100,99610,100,100097,100,99301,100,100106,100,99176,100,100109,100,99125,100
2019-06-28 09:43:40.000000000,99996,493,99923,493,100025,100,99922,200,100049,100,99891,100,100052,100,99872,100,100059,100,99800,100,100062,100,99787,100,100074,100,99610,100,100097,100,99301,100,100106,100,99176,100,100109,100,99125,100
2019-06-28 09:43:40.246547911,99996,493,99923,493,100025,100,99922,200,100049,100,99891,100,100052,100,99872,100,100059,100,99800,100,100062,100,99787,100,100074,100,99610,100,100097,100,99301,100,100106,100,99176,100,100109,100,99125,100
2019-06-28 09:43:50.000000000,99996,179,99923,179,100025,179,99922,279,100049,179,99891,179,100052,179,99872,179,100059,179,99800,179,100062,100,99787,100,100074,100,99610,100,100097,100,99301,100,100106,100,99176,100,100109,100,99125,100
2019-06-28 09:44:00.000000000,99996,296,99923,296,100025,296,99922,396,100049,100,99891,100,100052,100,99872,100,100059,100,99800,100,100062,100,99787,100,100074,100,99610,100,100097,100,99301,100,100106,100,99176,100,100109,100,99125,100
2019-06-28 09:44:10.000000000,99996,296,99923,296,100025,296,99922,396,100049,100,99891,100,100052,100,99872,100,100059,100,99800,100,100062,100,99787,100,100074,100,99610,100,100097,100,99301,100,100106,100,99176,100,100109,100,99125,100
2019-06-28 09:44:12.819415804,99996,296,99923,396,100025,296,99922,396,100049,100,99891,100,100052,100,99872,100,100059,100,99800,100,100062,100,99787,100,100074,100,99610,100,100097,100,99301,100,100106,100,99176,100,100109,100,99125,100
2019-06-28 09:44:20.000000000,99996,234,99923,334,100025,230,99922,330,100049,230,99891,230,100052,100,99872,100,100059,100,99800,100,100062,100,99787,100,100074,100,99610,100,100097,100,99301,100,100106,100,99176,100,100109,100,99125,100
2019-06-28 09:44:27.347764105,99996,134,99923,334,100025,230,99922,330,100049,230,99891,230,100052,100,99800,100,100059,100,99787,100,100062,100,99610,100,100074,100,99301,100,100097,100,99176,100,100106,100,99125,100,100109,100,98890,100
2019-06-28 09:44:30.000000000,100025,493,99923,593,100049,100,99922,200,100052,100,99891,100,100059,100,99800,100,100062,100,99787,100,100074,100,99610,100,100097,100,99301,100,100106,100,99176,100,100109,100,99125,100,100113,100,98890,100
2019-06-28 09:44:31.503344119,100025,393,99923,593,100049,100,99922,200,100052,100,99891,100,100059,100,99800,100,100062,100,99787,100,100074,100,99610,100,100097,100,99301,100,100106,100,99176,100,100109,100,99125,100,100113,100,98890,100
2019-06-28 09:44:40.000000000,100049,234,99923,334,100052,230,99922,330,100059,230,99891,230,100062,100,99800,100,100074,100,99787,100,100097,100,99610,100,100106,100,99301,100,100109,100,99176,100,100113,100,99125,100,100115,200,98890,100
2019-06-28 09:44:48.194757683,100049,234,99923,334,100052,230,99922,330,100059,230,99891,230,100062,100,99800,100,100074,100,99787,100,100097,100,99610,100,100106,100,99301,100,100109,100,99176,100,100113,100,99125,100,100115,200,98890,100
2019-06-28 09:44:50.000000000,100049,493,99923,593,100052,100,99922,200,100059,100,99891,100,100062,100,99800,100,100074,100,99787,100,100097,100,99610,100,100106,100,99301,100,100109,100,99176,100,100113,100,99125,100,100115,200,98890,100
2019-06-28 09:45:00.000000000,100049,179,99923,279,100052,179,99922,279,100059,179,99891,179,100062,179,99800,179,100074,179,99787,179,100097,100,99610,100,100106,100,99301,100,100109,100,99176,100,100113,100,99125,100,100115,200,98890,100
2019-06-28 09:45:10.000000000,100049,493,99923,593,100052,100,99922,200,100059,100,99891,100,100062,100,99800,100,100074,100,99787,100,100097,100,99610,100,100106,100,99301,100,100109,100,99176,100,100113,100,99125,100,100115,200,98890,100
2019-06-28 09:45:13.231031170,100049,493,99996,100,100052,100,99923,593,100059,100,99922,100,100062,100,99891,100,100074,100,99800,100,100097,100,99787,100,100106,100,99610,100,100109,100,99301,100,100113,100,99176,100,100115,200,99125,100
2019-06-28 09:45:20.000000000,100049,234,99996,234,100052,230,99923,330,100059,230,99922,230,100062,100,99891,100,100074,100,99800,100,100097,100,99787,100,100106,100,99610,100,100109,100,99301,100,100113,100,99176,100,100115,200,99125,100
2019-06-28 09:45:22.304023767,100049,134,99996,234,100052,230,99923,330,100059,230,99922,230,100062,100,99891,100,100074,100,99800,100,100097,100,99787,100,100106,100,99610,100,100109,100,99301,100,100113,100,99176,100,100115,200,99125,100
2019-06-28 09:45:30.000000000,100052,234,99996,234,100059,230,99923,330,100062,230,99922,230,100074,100,99891,100,100097,100,99800,100,100106,100,99787,100,100109,100,99610,100,100113,100,99301,100,100115,200,99176,100,100130,100,99125,100
2019-06-28 09:45:40.000000000,100052,493,99996,493,100059,100,99923,200,100062,100,99922,100,100074,100,99891,100,100097,100,99800,100,100106,100,99787,100,100109,100,99610,100,100113,100,99301,100,100115,200,99176,100,100130,100,99125,100
2019-06-28 09:45:48.633404639,100052,493,99996,493,100059,100,99923,200,100062,100,99922,100,100074,100,99891,100,100097,100,99800,100,100106,100,99787,100,100109,100,99610,100,100113,100,99301,100,100115,200,99176,100,100161,100,99125,100
2019-06-28 09:45:50.000000000,100052,198,99996,198,100059,198,99923,298,100062,198,99922,198,100074,198,99891,198,100097,100,99800,100,100106,100,99787,100,100109,100,99610,100,100113,100,99301,100,100115,200,99176,100,100161,100,99125,100
2019-06-28 09:46:00.000000000,100052,198,99996,198,100059,198,99923,298,100062,198,99922,198,100074,198,99891,198,100097,100,99800,100,100106,100,99787,100,100109,100,99610,100,100113,100,99301,100,100115,200,99176,100,100161,100,99125,100
2019-06-28 09:46:05.732780340,100052,198,100025,100,100059,198,99996,198,100062,198,99923,298,100074,198,99922,198,100097,100,99891,198,100106,100,99800,100,100109,100,99787,100,100113,100,99610,100,100115,200,99301,100,100161,100,99176,100
2019-06-28 09:46:10.000000000,100052,179,100025,179,100059,179,99996,179,100062,179,99923,279,100074,179,99922,179,100097,179,99891,179,100106,100,99800,100,100109,100,99787,100,100113,100,99610,100,100115,200,99301,100,100161,100,99176,100
2019-06-28 09:46:20.000000000,100052,493,100025,493,100059,100,99996,100,100062,100,99923,200,100074,100,99922,100,100097,100,99891,100,100106,100,99800,100,100109,100,99787,100,100113,100,99610,100,100115,200,99301,100,100161,100,99176,100
2019-06-28 09:46:24.042695834,100052,493,100025,493,100059,100,99996,100,100062,100,99923,200,100074,100,99922,100,100097,100,99891,100,100106,100,99800,100,100109,100,99787,100,100113,100,99610,100,100115,200,99301,100,100161,100,99176,100
2019-06-28 09:46:30.000000000,100052,198,100025,198,100059,198,99996,198,100062,198,99923,298,100074,198,99922,198,100097,100,99891,100,100106,100,99800,100,100109,100,99787,100,100113,100,99610,100,100115,200,99301,100,100161,100,99176,100
2019-06-28 09:46:40.000000000,100052,198,100025,198,100059,198,99996,198,100062,198,99923,298,100074,198,99922,198,100097,100,99891,100,100106,100,99800,100,100109,100,99787,100,100113,100,99610,100,100115,200,99301,100,100161,100,99176,100
2019-06-28 09:46:48.119884885,100052,98,100025,198,100059,198,99996,198,100062,198,99923,298,100074,198,99922,198,100097,100,99891,100,100106,100,99800,100,100109,100,99787,100,100113,100,99610,100,100115,100,99301,100,100161,100,99176,100
2019-06-28 09:46:50.000000000,100059,179,100025,179,100062,179,99996,179,100074,179,99923,279,100097,179,99922,179,100106,179,99891,179,100109,100,99800,100,100113,100,99787,100,100115,100,99610,100,100161,100,99301,100,100200,100,99176,100
2019-06-28 09:46:59.200449783,100059,79,100025,179,100062,179,99996,179,100074,179,99923,279,100097,179,99922,179,100106,179,99891,179,100109,100,99800,100,100113,100,99787,100,100115,100,99610,100,100161,100,99301,100,100200,100,99176,100
2019-06-28 09:47:00.000000000,100062,296,100025,296,100074,296,99996,296,100097,100,99923,200,100106,100,99922,100,100109,100,99891,100,100113,100,99800,100,100115,100,99787,100,100161,100,99610,100,100200,100,99301,100,100246,100,99176,100
2019-06-28 09:47:04.213093940,100062,296,100025,296,100074,296,99996,296,100097,100,99923,200,100106,100,99922,100,100109,100,99891,100,100113,100,99800,100,100115,100,99787,100,100161,100,99610,100,100200,100,99301,100,100246,100,99176,100
2019-06-28 09:47:04.848727352,100062,196,100025,296,100074,296,99996,296,100097,100,99923,200,100109,100,99922,100,100113,100,99891,100,100115,100,99800,100,100161,100,99787,100,100200,100,99610,100,100246,100,99301,100,100341,100,99176,100
2019-06-28 09:47:09.378747163,100062,196,100059,100,100074,296,100025,296,100097,100,99996,296,100109,100,99923,200,100113,100,99922,100,100115,100,99891,100,100161,100,99800,100,100200,100,99787,100,100246,100,99610,100,100341,100,99301,100
2019-06-28 09:47:10.000000000,100074,234,100059,234,100097,230,100025,230,100109,230,99996,230,100113,100,99923,200,100115,100,99922,100,100161,100,99891,100,100200,100,99800,100,100246,100,99787,100,100341,100,99610,100,100406,100,99301,100
2019-06-28 09:47:15.639131609,100074,134,100059,234,100097,230,100025,230,100109,230,99996,230,100113,100,99923,200,100115,100,99922,100,100161,100,99891,100,100200,100,99800,100,100246,100,99787,100,100341,100,99610,100,100406,100,99301,100
2019-06-28 09:47:20.000000000,100097,234,100059,234,100109,230,100025,230,100113,230,99996,230,100115,100,99923,200,100161,100,99922,100,100200,100,99891,100,100246,100,99800,100,100341,100,99787,100,100406,100,99610,100,100457,100,99301,100
2019-06-28 09:47:23.400449672,100097,234,100059,234,100109,230,100025,230,100113,230,99996,230,100115,100,99923,200,100161,100,99922,100,100200,100,99891,100,100246,100,99800,100,100341,100,99787,100,100406,100,99610,100,100457,100,99301,100
2019-06-28 09:47:30.000000000,100097,234,100059,234,100109,230,100025,230,100113,230,99996,230,100115,100,99923,200,100161,100,99922,100,100200,100,99891,100,100246,100,99800,100,100341,100,99787,100,100406,100,99610,100,100457,100,99301,100
2019-06-28 09:47:40.000000000,100097,198,100059,198,100109,198,100025,198,100113,198,99996,198,100115,198,99923,298,100161,100,99922,100,100200,100,99891,100,100246,100,99800,100,100341,100,99787,100,100406,100,99610,100,100457,100,99301,100
2019-06-28 09:47:48.583678740,100097,98,100059,198,100109,198,100025,198,100113,198,99996,198,100115,198,99923,298,100161,100,99922,100,100200,100,99891,100,100246,100,99800,100,100341,100,99787,100,100406,100,99610,100,100457,100,99301,100
2019-06-28 09:47:50.000000000,100109,493,100059,493,100113,100,100025,100,100115,100,99996,100,100161,100,99923,200,100200,100,99922,100,100246,100,99891,100,100341,100,99800,100,100406,100,99787,100,100457,100,99610,100,100917,100,99301,100
2019-06-28 09:47:53.751177161,100109,393,100059,493,100113,100,100025,100,100115,100,99996,100,100161,100,99923,200,100200,100,99922,100,100246,100,99891,100,100341,100,99800,100,100406,100,99787,100,100457,100,99610,100,100917,100,99301,100
2019-06-28 09:47:59.564626879,100109,393,100059,493,100113,100,100025,100,100115,100,99996,100,100161,100,99923,200,100200,100,99891,100,100246,100,99800,100,100341,100,99787,100,100406,100,99610,100,100457,100,99301,100,100917,100,99176,100
2019-06-28 09:48:00.000000000,100113,179,100059,179,100115,179,100025,179,100161,179,99996,179,100200,179,99923,279,100246,179,99891,179,100341,100,99800,100,100406,100,99787,100,100457,100,99610,100,100917,100,99301,100,101030,100,99176,100
2019-06-28 09:48:04.314343160,100113,79,100059,179,100115,179,100025,179,100161,179,99996,179,100200,179,99923,279,100246,179,99891,179,100341,100,99800,100,100406,100,99787,100,100457,100,99610,100,100917,100,99176,100,101030,100,99125,100
2019-06-28 09:48:10.000000000,100115,296,100059,296,100161,296,100025,296,100200,100,99996,100,100246,100,99923,200,100341,100,99891,100,100406,100,99800,100,100457,100,99787,100,100917,100,99610,100,101030,100,99176,100,101152,100,99125,100
2019-06-28 09:48:18.546832781,100115,296,100109,100,100161,296,100059,296,100200,100,100025,296,100246,100,99996,100,100341,100,99923,200,100406,100,99891,100,100457,100,99800,100,100917,100,99787,100,101030,100,99610,100,101152,100,99176,100
2019-06-28 09:48:19.668244617,100115,296,100109,200,100161,296,100059,296,100200,100,100025,196,100246,100,99996,100,100341,100,99923,200,100406,100,99891,100,100457,100,99800,100,100917,100,99787,100,101030,100,99610,100,101152,100,99176,100
2019-06-28 09:48:20.000000000,100115,179,100109,279,100161,179,100059,179,100200,179,99996,179,100246,179,99923,279,100341,179,99891,179,100406,100,99800,100,100457,100,99787,100,100917,100,99610,100,101030,100,99176,100,101152,100,99125,100
2019-06-28 09:48:21.998611378,100115,179,100109,279,100161,179,100059,179,100200,179,99996,179,100246,179,99923,279,100300,100,99891,179,100341,179,99800,100,100406,100,99787,100,100457,100,99610,100,100917,100,99176,100,101030,100,99125,100
2019-06-28 09:48:26.526252013,100115,79,100109,279,100161,179,100059,179,100200,179,99996,179,100246,179,99923,279,100300,100,99891,179,100341,179,99800,100,100406,100,99787,100,100457,100,99610,100,100917,100,99176,100,101030,100,99125,100
2019-06-28 09:48:27.290748371,100161,179,100115,21,100200,179,100109,279,100246,179,100059,179,100300,100,99996,179,100341,179,99923,279,100406,100,99891,179,100457,100,99800,100,100917,100,99787,100,101030,100,99610,100,101152,100,99176,100
2019-06-28 09:48:30.000000000,100161,296,100115,217,100200,296,100109,396,100246,100,100059,100,100300,100,99996,100,100341,100,99923,200,100406,100,99891,100,100457,100,99800,100,100917,100,99787,100,101030,100,99610,100,101152,100,99176,100
2019-06-28 09:48:40.000000000,100161,198,100115,119,100200,198,100109,298,100246,198,100059,198,100300,198,99996,198,100341,100,99923,200,100406,100,99891,100,100457,100,99800,100,100917,100,99787,100,101030,100,99610,100,101152,100,99176,100
2019-06-28 09:48:50.000000000,100161,179,100115,100,100200,179,100109,279,100246,179,100059,179,100300,179,99996,179,100341,179,99923,279,100406,100,99891,100,100457,100,99800,100,100917,100,99787,100,101030,100,99610,100,101152,100,99176,100
2019-06-28 09:48:55.596218972,100161,179,100115,100,100200,179,100109,279,100246,179,100059,179,100300,179,99996,179,100341,179,99923,279,100406,100,99891,100,100457,100,99800,100,100695,100,99787,100,100917,100,99610,100,101030,100,99176,100
2019-06-28 09:49:00.000000000,100161,198,100115,119,100200,198,100109,298,100246,198,100059,198,100300,198,99996,198,100341,100,99923,200,100406,100,99891,100,100457,100,99800,100,100695,100,99787,100,100917,100,99610,100,101030,100,99176,100
2019-06-28 09:49:02.691600776,100161,198,100115,219,100200,198,100109,298,100246,198,100059,198,100300,198,99996,198,100341,100,99923,200,100406,100,99891,100,100457,100,99800,100,100695,100,99787,100,100917,100,99610,100,101030,100,99176,100
2019-06-28 09:49:05.887690899,100161,198,100115,319,100200,198,100109,298,100246,198,100059,198,100300,198,99996,198,100341,100,99923,200,100406,100,99891,100,100457,100,99800,100,100695,100,99787,100,100917,100,99610,100,101030,100,99176,100
2019-06-28 09:49:10.000000000,100161,296,100115,417,100200,296,100109,396,100246,100,100059,100,100300,100,99996,100,100341,100,99923,200,100406,100,99891,100,100457,100,99800,100,100695,100,99787,100,100917,100,99610,100,101030,100,99176,100
2019-06-28 09:49:12.161121383,100161,296,100115,396,100200,296,100109,396,100246,100,100059,100,100300,100,99996,100,100341,100,99923,200,100359,100,99891,100,100406,100,99800,100,100457,100,99787,100,100695,100,99610,100,100917,100,99176,100
2019-06-28 09:49:16.896114068,100161,296,100115,496,100200,296,100109,396,100246,100,100059,100,100300,100,99996,100,100341,100,99923,200,100359,100,99891,100,100406,100,99800,100,100457,100,99787,100,100695,100,99610,100,100917,100,99176,100
2019-06-28 09:49:20.000000000,100161,179,100115,379,100200,179,100109,279,100246,179,100059,179,100300,179,99996,179,100341,179,99923,279,100359,100,99891,100,100406,100,99800,100,100457,100,99787,100,100695,100,99610,100,100917,100,99176,100
2019-06-28 09:49:30.000000000,100161,296,100115,496,100200,296,100109,396,100246,100,100059,100,100300,100,99996,100,100341,100,99923,200,100359,100,99891,100,100406,100,99800,100,100457,100,99787,100,100695,100,99610,100,100917,100,99176,100
2019-06-28 09:49:32.568345063,100161,196,100115,496,100200,296,100109,396,100246,100,100059,100,100300,100,99996,100,100341,100,99923,200,100359,100,99891,100,100406,100,99800,100,100457,100,99787,100,100695,100,99610,100,100917,100,99176,100
2019-06-28 09:49:40.000000000,100200,296,100115,496,100246,296,100109,396,100300,100,100059,100,100341,100,99996,100,100359,100,99923,200,100406,100,99891,100,100457,100,99800,100,100695,100,99787,100,100917,100,99610,100,101030,100,99176,100
2019-06-28 09:49:49.497333317,100200,196,100115,496,100246,296,100109,396,100300,100,100059,100,100341,100,99996,100,100359,100,99923,200,100406,100,99891,100,100457,100,99787,100,100695,100,99610,100,100917,100,99176,100,101030,100,99125,100
2019-06-28 09:49:50.000000000,100246,234,100115,434,100300,230,100109,330,100341,230,100059,230,100359,100,99996,100,100406,100,99923,200,100457,100,99891,100,100695,100,99787,100,100917,100,99610,100,101030,100,99176,100,101152,100,99125,100
2019-06-28 09:49:59.010158232,100188,100,100115,434,100246,234,100109,330,100300,230,100059,230,100341,230,99996,100,100359,100,99923,200,100406,100,99891,100,100457,100,99787,100,100695,100,99610,100,100917,100,99176,100,101030,100,99125,100
2019-06-28 09:50:00.000000000,100188,493,100115,693,100246,100,100109,200,100300,100,100059,100,100341,100,99996,100,100359,100,99923,200,100406,100,99891,100,100457,100,99787,100,100695,100,99610,100,100917,100,99176,100,101030,100,99125,100
2019-06-28 09:50:07.805282696,100188,493,100115,693,100246,100,100109,200,100300,100,100059,100,100341,100,99996,100,100359,100,99923,100,100406,100,99891,100,100457,100,99787,100,100695,100,99610,100,100917,100,99176,100,101030,100,99125,100
2019-06-28 09:50:10.000000000,100188,493,100115,693,100246,100,100109,200,100300,100,100059,100,100341,100,99996,100,100359,100,99923,100,100406,100,99891,100,100457,100,99787,100,100695,100,99610,100,100917,100,99176,100,101030,100,99125,100
2019-06-28 09:50:16.473526156,100188,493,100115,693,100246,100,100109,200,100300,100,100059,100,100316,100,99996,100,100341,100,99923,100,100359,100,99891,100,100406,100,99787,100,100457,100,99610,100,100695,100,99176,100,100917,100,99125,100
2019-06-28 09:50:20.000000000,100188,296,100115,496,100246,296,100109,396,100300,100,100059,100,100316,100,99996,100,100341,100,99923,100,100359,100,99891,100,100406,100,99787,100,100457,100,99610,100,100695,100,99176,100,100917,100,99125,100
2019-06-28 09:50:20.342441711,100188,296,100115,496,100246,296,100109,396,100300,100,100059,100,100316,100,99996,100,100341,100,99923,100,100359,100,99891,100,100361,100,99787,100,100406,100,99610,100,100457,100,99176,100,100695,100,99125,100
2019-06-28 09:50:30.000000000,100188,179,100115,379,100246,179,100109,279,100300,179,100059,179,100316,179,99996,179,100341,179,99923,179,100359,100,99891,100,100361,100,99787,100,100406,100,99610,100,100457,100,99176,100,100695,100,99125,100
2019-06-28 09:50:32.911449601,100188,179,100161,100,100246,179,100115,379,100300,179,100109,279,100316,179,100059,179,100341,179,99996,179,100359,100,99923,179,100361,100,99891,100,100406,100,99787,100,100457,100,99610,100,100695,100,99176,100
2019-06-28 09:50:40.000000000,100188,198,100161,198,100246,198,100115,398,100300,198,100109,298,100316,198,100059,198,100341,100,99996,100,100359,100,99923,100,100361,100,99891,100,100406,100,99787,100,100457,100,99610,100,100695,100,99176,100
2019-06-28 09:50:49.488859541,100188,198,100161,198,100246,198,100145,100,100300,198,100115,398,100316,198,100109,298,100341,100,100059,198,100359,100,99996,100,100361,100,99923,100,100406,100,99891,100,100457,100,99787,100,100695,100,99610,100
2019-06-28 09:50:50.000000000,100188,179,100161,179,100246,179,100145,179,100300,179,100115,379,100316,179,100109,279,100341,179,100059,179,100359,100,99996,100,100361,100,99923,100,100406,100,99891,100,100457,100,99787,100,100695,100,99610,100
2019-06-28 09:50:55.446083422,100188,179,100161,179,100246,179,100145,179,100300,179,100115,379,100316,179,100109,279,100318,100,100059,179,100341,179,99996,100,100359,100,99923,100,100361,100,99891,100,100406,100,99787,100,100457,100,99610,100
2019-06-28 09:51:00.000000000,100188,198,100161,198,100246,198,100145,198,100300,198,100115,398,100316,198,100109,298,100318,100,100059,100,100341,100,99996,100,100359,100,99923,100,100361,100,99891,100,100406,100,99787,100,100457,100,99610,100
2019-06-28 09:51:01.345741853,100188,198,100161,198,100246,198,100145,198,100300,198,100115,398,100316,198,100109,298,100318,100,100059,100,100341,100,99996,100,100359,100,99923,100,100361,100,99891,100,100406,100,99787,100,100482,100,99610,100
2019-06-28 09:51:10.000000000,100188,179,100161,179,100246,179,100145,179,100300,179,100115,379,100316,179,100109,279,100318,179,100059,179,100341,100,99996,100,100359,100,99923,100,100361,100,99891,100,100406,100,99787,100,100482,100,99610,100
2019-06-28 09:51:20.000000000,100188,493,100161,493,100246,100,100145,100,100300,100,100115,300,100316,100,100109,200,100318,100,100059,100,100341,100,99996,100,100359,100,99923,100,100361,100,99891,100,100406,100,99787,100,100482,100,99610,100
2019-06-28 09:51:23.045869787,100188,493,100161,593,100246,100,100145,100,100300,100,100115,300,100316,100,100109,200,100318,100,100059,100,100341,100,99996,100,100359,100,99923,100,100361,100,99891,100,100406,100,99787,100,100482,100,99610,100
2019-06-28 09:51:26.614927193,100188,293,100161,593,100246,100,100145,100,100300,100,100115,300,100316,100,100109,200,100318,100,100059,100,100341,100,99996,100,100359,100,99923,100,100361,100,99891,100,100406,100,99787,100,100482,100,99610,100
2019-06-28 09:51:30.000000000,100246,198,100161,298,100300,198,100145,198,100316,198,100115,398,100318,198,100109,298,100341,100,100059,100,100359,100,99996,100,100361,100,99923,100,100406,100,99891,100,100482,100,99787,100,100695,100,99610,100
2019-06-28 09:51:36.918259629,100246,198,100161,298,100300,198,100145,198,100316,198,100115,398,100318,198,100109,298,100341,100,100059,100,100359,100,99996,100,100361,100,99923,100,100406,100,99891,100,100482,100,99787,100,100641,100,99610,100
2019-06-28 09:51:40.000000000,100246,296,100161,396,100300,296,100145,296,100316,100,100115,300,100318,100,100109,200,100341,100,100059,100,100359,100,99996,100,100361,100,99923,100,100406,100,99891,100,100482,100,99787,100,100641,100,99610,100
2019-06-28 09:51:50.000000000,100246,493,100161,593,100300,100,100145,100,100316,100,100115,300,100318,100,100109,200,100341,100,100059,100,100359,100,99996,100,100361,100,99923,100,100406,100,99891,100,100482,100,99787,100,100641,100,99610,100
2019-06-28 09:51:55.838977280,100246,393,100161,593,100300,100,100145,100,100316,100,100115,300,100318,100,100109,200,100341,100,100059,100,100359,100,99996,100,100361,100,99923,100,100406,100,99891,100,100482,100,99787,100,100641,100,99610,100
2019-06-28 09:52:00.000000000,100300,493,100161,593,100316,100,100145,100,100318,100,100115,300,100341,100,100109,200,100359,100,100059,100,100361,100,99996,100,100406,100,99923,100,100482,100,99891,100,100641,100,99787,100,100695,100,99610,100
2019-06-28 09:52:10.000000000,100300,179,100161,279,100316,179,100145,179,100318,179,100115,379,100341,179,100109,279,100359,179,100059,179,100361,100,99996,100,100406,100,99923,100,100482,100,99891,100,100641,100,99787,100,100695,100,99610,100
2019-06-28 09:52:12.062071841,100300,179,100161,279,100316,179,100145,179,100318,179,100115,379,100341,179,100109,279,100359,179,100059,179,100361,100,99996,100,100406,100,99923,100,100482,100,99891,100,100641,100,99787,100,100695,100,99610,100
2019-06-28 09:52:19.413480552,100300,179,100188,100,100316,179,100161,279,100318,179,100145,179,100341,179,100115,379,100359,179,100109,279,100361,100,100059,179,100406,100,99996,100,100482,100,99923,100,100641,100,99891,100,100695,100,99787,100
2019-06-28 09:52:20.000000000,100300,493,100188,493,100316,100,100161,200,100318,100,100145,100,100341,100,100115,300,100359,100,100109,200,100361,100,100059,100,100406,100,99996,100,100482,100,99923,100,100641,100,99891,100,100695,100,99787,100
2019-06-28 09:52:30.000000000,100300,234,100188,234,100316,230,100161,330,100318,230,100145,230,100341,100,100115,300,100359,100,100109,200,100361,100,100059,100,100406,100,99996,100,100482,100,99923,100,100641,100,99891,100,100695,100,99787,100
2019-06-28 09:52:40.000000000,100300,198,100188,198,100316,198,100161,298,100318,198,100145,198,100341,198,100115,398,100359,100,100109,200,100361,100,100059,100,100406,100,99996,100,100482,100,99923,100,100641,100,99891,100,100695,100,99787,100
2019-06-28 09:52:50.000000000,100300,493,100188,493,100316,100,100161,200,100318,100,100145,100,100341,100,100115,300,100359,100,100109,200,100361,100,100059,100,100406,100,99996,100,100482,100,99923,100,100641,100,99891,100,100695,100,99787,100
2019-06-28 09:52:51.533912440,100300,493,100188,593,100316,100,100161,200,100318,100,100145,100,100341,100,100115,300,100359,100,100109,100,100361,100,100059,100,100406,100,99996,100,100482,100,99923,100,100641,100,99891,100,100695,100,99787,100
2019-06-28 09:53:00.000000000,100300,234,100188,334,100316,230,100161,330,100318,230,100145,230,100341,100,100115,300,100359,100,100109,100,100361,100,100059,100,100406,100,99996,100,100482,100,99923,100,100641,100,99891,100,100695,100,99787,100
2019-06-28 09:53:03.956871651,100300,134,100188,334,100316,230,100161,330,100318,230,100145,230,100341,100,100115,300,100359,100,100109,100,100361,100,100059,100,100406,100,99996,100,100482,100,99923,100,100641,100,99891,100,100695,100,99787,100
2019-06-28 09:53:07.199715816,100300,134,100246,100,100316,230,100188,334,100318,230,100161,330,100341,100,100145,230,100359,100,100115,200,100361,100,100109,100,100406,100,100059,100,100482,100,99996,100,100641,100,99923,100,100695,100,99891,100
2019-06-28 09:53:10.000000000,100316,179,100246,179,100318,179,100188,279,100341,179,100161,279,100359,179,100145,179,100361,179,100115,279,100406,100,100109,100,100482,100,100059,100,100641,100,99996,100,100695,100,99923,100,100917,100,99891,100
2019-06-28 09:53:20.000000000,100316,234,100246,234,100318,230,100188,330,100341,230,100161,330,100359,100,100145,100,100361,100,100115,200,100406,100,100109,100,100482,100,100059,100,100641,100,99996,100,100695,100,99923,100,100917,100,99891,100
2019-06-28 09:53:21.314053695,100316,234,100246,234,100318,230,100188,330,100341,230,100161,330,100359,100,100145,100,100361,100,100115,200,100406,100,100109,100,100482,100,100059,100,100641,100,99996,100,100695,100,99923,100,100917,100,99891,100
2019-06-28 09:53:27.030925739,100316,234,100246,334,100318,230,100188,330,100341,230,100161,330,100359,100,100145,100,100361,100,100115,200,100406,100,100109,100,100482,100,100059,100,100641,100,99996,100,100695,100,99923,100,100917,100,99891,100
2019-06-28 09:53:30.000000000,100316,179,100246,279,100318,179,100188,279,100341,179,100161,279,100359,179,100145,179,100361,179,100115,279,100406,100,100109,100,100482,100,100059,100,100641,100,99996,100,100695,100,99923,100,100917,100,99891,100
2019-06-28 09:53:33.328759350,100316,79,100246,279,100318,179,100188,279,100341,179,100161,279,100359,179,100145,179,100361,179,100115,279,100406,100,100109,100,100482,100,100059,100,100641,100,99996,100,100695,100,99923,100,100917,100,99891,100
2019-06-28 09:53:33.478181910,100318,179,100316,21,100341,179,100246,279,100359,179,100188,279,100361,179,100161,279,100406,100,100145,179,100482,100,100115,279,100641,100,100109,100,100695,100,100059,100,100917,100,99996,100,100990,100,99923,100
2019-06-28 09:53:38.066324838,100318,179,100316,21,100341,179,100246,279,100359,179,100188,279,100361,179,100161,279,100406,100,100145,179,100482,100,100115,279,100641,100,100059,100,100695,100,99996,100,100917,100,99923,100,100990,100,99891,100
2019-06-28 09:53:40.000000000,100318,493,100316,414,100341,100,100246,200,100359,100,100188,200,100361,100,100161,200,100406,100,100145,100,100482,100,100115,200,100641,100,100059,100,100695,100,99996,100,100917,100,99923,100,100990,100,99891,100
2019-06-28 09:53:46.336970782,100318,393,100316,414,100341,100,100246,200,100359,100,100188,200,100361,100,100161,200,100406,100,100145,100,100641,100,100115,200,100695,100,100059,100,100917,100,99996,100,100990,100,99923,100,101078,100,99891,100
2019-06-28 09:53:50.000000000,100341,296,100316,217,100359,296,100246,396,100361,100,100188,200,100406,100,100161,200,100641,100,100145,100,100695,100,100115,200,100917,100,100059,100,100990,100,99996,100,101078,100,99923,100,101152,100,99891,100
2019-06-28 09:54:00.000000000,100341,198,100316,119,100359,198,100246,298,100361,198,100188,298,100406,198,100161,298,100641,100,100145,100,100695,100,100115,200,100917,100,100059,100,100990,100,99996,100,101078,100,99923,100,101152,100,99891,100
2019-06-28 09:54:10.000000000,100341,296,100316,217,100359,296,100246,396,100361,100,100188,200,100406,100,100161,200,100641,100,100145,100,100695,100,100115,200,100917,100,100059,100,100990,100,99996,100,101078,100,99923,100,101152,100,99891,100
2019-06-28 09:54:20.000000000,100341,198,100316,119,100359,198,100246,298,100361,198,100188,298,100406,198,100161,298,100641,100,100145,100,100695,100,100115,200,100917,100,100059,100,100990,100,99996,100,101078,100,99923,100,101152,100,99891,100
2019-06-28 09:54:21.482902459,100341,98,100316,119,100359,198,100246,298,100361,198,100188,298,100406,198,100161,298,100641,100,100145,100,100695,100,100115,200,100917,100,100059,100,100990,100,99996,100,101078,100,99923,100,101152,100,99891,100
2019-06-28 09:54:30.000000000,100359,198,100316,119,100361,198,100246,298,100406,198,100188,298,100641,198,100161,298,100695,100,100145,100,100917,100,100115,200,100990,100,100059,100,101078,100,99996,100,101152,100,99923,100,,,99891,100
2019-06-28 09:54:40.000000000,100359,234,100316,155,100361,230,100246,330,100406,230,100188,330,100641,100,100161,200,100695,100,100145,100,100917,100,100115,200,100990,100,100059,100,101078,100,99996,100,101152,100,99923,100,,,99891,100
2019-06-28 09:54:50.000000000,100359,234,100316,155,100361,230,100246,330,100406,230,100188,330,100641,100,100161,200,100695,100,100145,100,100917,100,100115,200,100990,100,100059,100,101078,100,99996,100,101152,100,99923,100,,,99891,100
2019-06-28 09:55:00.000000000,100359,296,100316,217,100361,296,100246,396,100406,100,100188,200,100641,100,100161,200,100695,100,100145,100,100917,100,100115,200,100990,100,100059,100,101078,100,99996,100,101152,100,99923,100,,,99891,100
2019-06-28 09:55:09.655316307,100359,196,100316,217,100361,296,100246,396,100406,100,100188,200,100641,100,100161,200,100695,100,100145,100,100917,100,100115,200,101078,100,100059,100,101152,100,99996,100,,,99923,100,,,99891,100
2019-06-28 09:55:10.000000000,100361,234,100316,155,100406,230,100246,330,100641,230,100188,330,100695,100,100161,200,100917,100,100145,100,101078,100,100115,200,101152,100,100059,100,,,99996,100,,,99923,100,,,99891,100
2019-06-28 09:55:15.713397027,100361,234,100316,155,100406,230,100246,330,100641,230,100188,330,100695,100,100161,200,100779,100,100115,200,100917,100,100059,100,101078,100,99996,100,101152,100,99923,100,,,99891,100,,,99787,100
2019-06-28 09:55:20.000000000,100361,493,100316,414,100406,100,100246,200,100641,100,100188,200,100695,100,100161,200,100779,100,100115,200,100917,100,100059,100,101078,100,99996,100,101152,100,99923,100,,,99891,100,,,99787,100
2019-06-28 09:55:24.825777168,100361,493,100341,100,100406,100,100316,414,100641,100,100246,100,100695,100,100188,200,100779,100,100161,200,100917,100,100115,200,101078,100,100059,100,101152,100,99996,100,,,99923,100,,,99891,100
2019-06-28 09:55:30.000000000,100361,179,100341,179,100406,179,100316,100,100641,179,100246,179,100695,179,100188,279,100779,179,100161,279,100917,100,100115,200,101078,100,100059,100,101152,100,99996,100,,,99923,100,,,99891,100
2019-06-28 09:55:38.446068472,100361,79,100341,179,100406,179,100316,100,100641,179,100246,179,100695,179,100188,279,100779,179,100161,279,100917,100,100115,200,101078,100,100059,100,101152,100,99996,100,,,99923,100,,,99891,100
2019-06-28 09:55:40.000000000,100406,493,100341,493,100641,100,100316,21,100695,100,100246,100,100779,100,100188,200,100917,100,100161,200,101078,100,100115,200,101152,100,100059,100,,,99996,100,,,99923,100,,,99891,100
2019-06-28 09:55:50.000000000,100406,234,100341,234,100641,230,100316,151,100695,230,100246,230,100779,100,100188,200,100917,100,100161,200,101078,100,100115,200,101152,100,100059,100,,,99996,100,,,99923,100,,,99891,100
2019-06-28 09:55:50.029928082,100406,134,100341,234,100641,230,100316,151,100695,230,100246,230,100779,100,100188,200,100917,100,100161,200,101078,100,100115,200,101152,100,100059,100,,,99996,100,,,99923,100,,,99891,100
2019-06-28 09:56:00.000000000,100641,296,100341,296,100695,296,100316,217,100779,100,100246,100,100917,100,100188,200,101078,100,100161,200,101152,100,100115,200,,,100059,100,,,99996,100,,,99923,100,,,99891,100
2019-06-28 09:56:10.000000000,100641,198,100341,198,100695,198,100316,119,100779,198,100246,198,100917,198,100188,298,101078,100,100161,200,101152,100,100115,200,,,100059,100,,,99996,100,,,99923,100,,,99891,100
2019-06-28 09:56:13.873606001,100641,98,100341,198,100695,198,100316,119,100779,198,100246,198,100917,198,100188,298,101078,100,100161,200,101152,100,100115,200,,,100059,100,,,99996,100,,,99923,100,,,99891,100
2019-06-28 09:56:18.305942358,100641,98,100406,100,100695,198,100341,98,100779,198,100316,119,100917,198,100246,198,101078,100,100188,298,101152,100,100161,200,,,100115,200,,,100059,100,,,99996,100,,,99923,100
2019-06-28 09:56:20.000000000,100695,198,100406,198,100779,198,100316,119,100917,198,100246,198,101078,198,100188,298,101152,100,100161,200,,,100115,200,,,100059,100,,,99996,100,,,99923,100,,,99891,100
2019-06-28 09:56:28.095553815,100695,98,100406,198,100779,198,100316,119,100917,198,100246,198,101078,198,100188,298,101152,100,100161,200,,,100115,200,,,100059,100,,,99996,100,,,99923,100,,,99787,100
2019-06-28 09:56:30.000000000,100779,234,100406,234,100917,230,100316,151,101078,230,100246,230,101152,100,100188,200,,,100161,200,,,100115,200,,,100059,100,,,99996,100,,,99923,100,,,99787,100
2019-06-28 09:56:33.893957232,100779,234,100708,100,100917,230,100406,234,101078,230,100316,151,101152,100,100246,230,,,100188,200,,,100161,200,,,100115,200,,,100059,100,,,99996,100,,,99923,100
2019-06-28 09:56:40.000000000,100779,296,100708,296,100917,296,100406,296,101078,100,100316,21,101152,100,100246,100,,,100188,200,,,100161,200,,,100115,200,,,100059,100,,,99996,100,,,99923,100
2019-06-28 09:56:50.000000000,100779,179,100708,179,100917,179,100406,179,101078,179,100316,100,101152,179,100246,179,101153,79,100188,279,,,100161,200,,,100115,200,,,100059,100,,,99996,100,,,99923,100
2019-06-28 09:56:50.327763610,100779,179,100708,79,100917,79,100406,179,101078,179,100316,100,101152,179,100246,179,101153,79,100188,279,,,100161,200,,,100115,200,,,100059,100,,,99996,100,,,99923,100
2019-06-28 09:56:51.670568538,100779,179,100708,79,100827,100,100406,179,100917,79,100316,79,101078,179,100246,179,101152,179,100188,279,101153,79,100161,200,,,100115,200,,,100059,100,,,99996,100,,,99923,100
2019-06-28 09:56:53.524800361,100779,179,100708,79,100827,100,100695,100,100917,79,100406,179,101078,179,100316,79,101152,179,100246,179,101153,79,100188,279,,,100161,200,,,100115,200,,,100059,100,,,99996,100
2019-06-28 09:57:00.000000000,100779,234,100695,234,100827,230,100406,230,101078,230,100246,230,101152,100,100188,200,,,100161,200,,,100115,200,,,100059,100,,,99996,100,,,99923,100,,,99787,100
2019-06-28 09:57:10.000000000,100779,296,100695,296,100827,296,100406,296,101078,100,100246,100,101152,100,100188,200,,,100161,200,,,100115,200,,,100059,100,,,99996,100,,,99923,100,,,99787,100
2019-06-28 09:57:20.000000000,100779,179,100695,179,100827,179,100406,179,101078,179,100246,179,101152,179,100188,279,101153,79,100161,279,,,100115,200,,,100059,100,,,99996,100,,,99923,100,,,99787,100
2019-06-28 09:57:28.918687110,100779,179,100695,179,100827,179,100472,100,101078,179,100406,179,101152,179,100246,179,101153,79,100188,279,,,100161,279,,,100115,200,,,100059,100,,,99996,100,,,99923,100
2019-06-28 09:57:30.000000000,100779,296,100695,296,100827,296,100472,296,101078,100,100406,100,101152,100,100246,100,,,100188,200,,,100161,200,,,100115,200,,,100059,100,,,99996,100,,,99923,100
2019-06-28 09:57:40.000000000,100779,296,100695,296,100827,296,100472,296,101078,100,100406,100,101152,100,100246,100,,,100188,200,,,100161,200,,,100115,200,,,100059,100,,,99996,100,,,99923,100
2019-06-28 09:57:50.000000000,100779,493,100695,493,100827,100,100472,100,101078,100,100406,100,101152,100,100246,100,,,100188,200,,,100161,200,,,100115,200,,,100059,100,,,99996,100,,,99923,100
2019-06-28 09:57:55.357320937,100779,493,100695,393,100827,100,100472,100,101078,100,100406,100,,,100246,100,,,100188,200,,,100161,200,,,100115,200,,,100059,100,,,99996,100,,,99923,100
2019-06-28 09:58:00.000000000,100779,198,100472,198,100827,198,100406,198,101078,198,100246,198,101079,98,100188,298,,,100161,200,,,100115,200,,,100059,100,,,99996,100,,,99923,100,,,99787,100
2019-06-28 09:58:04.362014433,100779,198,100651,100,100827,198,100472,198,101078,198,100406,198,101079,98,100246,198,,,100188,298,,,100161,200,,,100115,200,,,100059,100,,,99996,100,,,99923,100
2019-06-28 09:58:10.000000000,100779,234,100651,234,100827,230,100472,230,101078,230,100406,230,,,100246,100,,,100188,200,,,100161,200,,,100115,200,,,100059,100,,,99996,100,,,99923,100
2019-06-28 09:58:20.000000000,100779,179,100651,179,100827,179,100472,179,101078,179,100406,179,101079,79,100246,179,,,100188,279,,,100161,200,,,100115,200,,,100059,100,,,99996,100,,,99923,100
2019-06-28 09:58:21.392661706,100779,179,100651,179,100827,179,100472,179,101078,179,100406,179,101079,79,100246,179,,,100188,279,,,100161,200,,,100115,200,,,100059,100,,,99996,100,,,99923,100
2019-06-28 09:58:29.583189375,100779,179,100651,179,100827,179,100472,179,101078,179,100406,179,101079,79,100249,100,,,100246,179,,,100188,279,,,100161,200,,,100115,200,,,100059,100,,,99996,100
2019-06-28 09:58:30.000000000,100779,198,100651,198,100827,198,100472,198,101078,198,100406,198,101079,98,100249,198,,,100246,100,,,100188,200,,,100161,200,,,100115,200,,,100059,100,,,99996,100
2019-06-28 09:58:31.134773819,100779,198,100651,98,100827,198,100472,198,101078,198,100406,198,101079,98,100249,198,,,100246,100,,,100188,200,,,100161,200,,,100115,200,,,100059,100,,,99996,100
2019-06-28 09:58:40.000000000,100779,198,100472,198,100827,198,100406,198,101078,198,100249,198,101079,98,100246,198,,,100188,200,,,100161,200,,,100115,200,,,100059,100,,,99996,100,,,99923,100
2019-06-28 09:58:45.348830288,100779,198,100472,198,100827,198,100406,198,101078,198,100249,198,101079,98,100246,198,,,100188,200,,,100161,200,,,100115,200,,,100059,100,,,99996,100,,,99923,100
2019-06-28 09:58:46.869521065,100779,198,100472,198,100827,198,100406,198,101078,198,100249,198,101079,98,100246,198,,,100189,100,,,100188,200,,,100161,200,,,100115,200,,,100059,100,,,99996,100
2019-06-28 09:58:50.000000000,100779,179,100472,179,100827,179,100406,179,101078,179,100249,179,101079,79,100246,179,,,100189,179,,,100188,200,,,100161,200,,,100115,200,,,100059,100,,,99996,100
2019-06-28 09:59:00.000000000,100779,234,100472,234,100827,230,100406,230,101078,230,100249,230,,,100246,100,,,100189,100,,,100188,200,,,100161,200,,,100115,200,,,100059,100,,,99996,100
2019-06-28 09:59:07.430884648,100779,234,100472,234,100827,230,100406,130,101078,230,100249,230,,,100246,100,,,100189,100,,,100188,200,,,100161,200,,,100115,200,,,100059,100,,,99996,100
2019-06-28 09:59:09.635621593,100779,234,100472,134,100827,230,100406,130,101078,230,100249,230,,,100246,100,,,100189,100,,,100188,200,,,100161,200,,,100115,200,,,100059,100,,,99996,100
2019-06-28 09:59:10.000000000,100779,234,100249,234,100827,230,100246,230,101078,230,100189,230,,,100188,200,,,100161,200,,,100115,200,,,100059,100,,,99996,100,,,99923,100,,,99894,100
2019-06-28 09:59:20.000000000,100779,198,100249,198,100827,198,100246,198,101078,198,100189,198,101079,98,100188,298,,,100161,200,,,100115,200,,,100059,100,,,99996,100,,,99923,100,,,99894,100
2019-06-28 09:59:22.297546254,100651,100,100249,198,100779,198,100246,198,100827,198,100189,198,101078,198,100188,298,101079,98,100161,200,,,100115,200,,,99996,100,,,99923,100,,,99894,100,,,99787,100
2019-06-28 09:59:30.000000000,100651,179,100249,179,100779,179,100246,179,100827,179,100189,179,101078,179,100188,279,101079,79,100161,279,,,100115,200,,,99996,100,,,99923,100,,,99894,100,,,99787,100
2019-06-28 09:59:40.000000000,100651,493,100249,493,100779,100,100246,100,100827,100,100189,100,101078,100,100188,200,,,100161,200,,,100115,200,,,99996,100,,,99923,100,,,99894,100,,,99787,100
2019-06-28 09:59:50.000000000,100651,198,100249,198,100779,198,100246,198,100827,198,100189,198,101078,198,100188,298,,,100161,200,,,100115,200,,,99996,100,,,99923,100,,,99894,100,,,99787,100
2019-06-28 09:59:50.868263305,100651,198,100249,98,100779,198,100246,198,100827,198,100189,198,101078,198,100188,298,,,100161,200,,,100115,200,,,99996,100,,,99923,100,,,99894,100,,,99787,100
2019-06-28 09:59:58.628921508,100651,198,100249,98,100779,198,100246,198,100827,198,100189,198,101078,198,100188,298,,,100161,200,,,100115,200,,,99996,100,,,99953,100,,,99923,100,,,99894,100
2019-06-28 10:00:00.000000000,100651,198,100246,198,100779,198,100189,198,100827,198,100188,298,101078,198,100161,298,,,100115,200,,,99996,100,,,99953,100,,,99923,100,,,99894,100,,,99787,100
2019-06-28 10:00:10.000000000,100651,179,100246,179,100779,179,100189,179,100827,179,100188,279,101078,179,100161,279,101079,79,100115,279,,,99996,100,,,99953,100,,,99923,100,,,99894,100,,,99787,100
2019-06-28 10:00:11.845875965,100651,179,100246,179,100779,179,100189,179,100827,179,100188,279,101078,179,100161,279,101079,79,100115,279,,,99996,100,,,99953,100,,,99925,100,,,99923,100,,,99894,100
2019-06-28 10:00:15.162760099,100472,100,100246,179,100651,179,100189,179,100779,179,100188,279,100827,179,100161,279,101078,179,100115,279,101079,79,99953,100,,,99925,100,,,99923,100,,,99894,100,,,99787,100
2019-06-28 10:00:20.000000000,100472,179,100246,179,100651,179,100189,179,100779,179,100188,279,100827,179,100161,279,101078,179,100115,279,,,99953,100,,,99925,100,,,99923,100,,,99894,100,,,99787,100
2019-06-28 10:00:30.000000000,100472,493,100246,493,100651,100,100189,100,100779,100,100188,200,100827,100,100161,200,101078,100,100115,200,,,99953,100,,,99925,100,,,99923,100,,,99894,100,,,99787,100
2019-06-28 10:00:40.000000000,100472,493,100246,493,100651,100,100189,100,100779,100,100188,200,100827,100,100161,200,101078,100,100115,200,,,99953,100,,,99925,100,,,99923,100,,,99894,100,,,99787,100
2019-06-28 10:00:50.000000000,100472,198,100246,198,100651,198,100189,198,100779,198,100188,298,100827,198,100161,298,101078,100,100115,200,,,99953,100,,,99925,100,,,99923,100,,,99894,100,,,99787,100
2019-06-28 10:00:59.785675922,100472,98,100246,198,100651,198,100189,198,100779,198,100188,298,100827,198,100161,298,101078,100,100115,200,,,99953,100,,,99925,100,,,99923,100,,,99894,100,,,99787,100
2019-06-28 10:01:00.000000000,100651,179,100246,179,100779,179,100189,179,100827,179,100188,279,101078,179,100161,279,101079,79,100115,279,,,99953,100,,,99925,100,,,99923,100,,,99894,100,,,99787,100
2019-06-28 10:01:00.332938780,100321,100,100246,179,100651,179,100189,179,100779,179,100188,279,100827,179,100161,279,101078,179,100115,279,101079,79,99953,100,,,99925,100,,,99923,100,,,99894,100,,,99787,100
2019-06-28 10:01:04.862578612,100321,100,100246,179,100472,100,100189,179,100651,179,100188,279,100779,179,100161,279,100827,179,100115,279,101078,179,99953,100,101079,79,99925,100,,,99923,100,,,99894,100,,,99787,100
2019-06-28 10:01:10.000000000,100321,179,100246,179,100472,179,100189,179,100651,179,100188,279,100779,179,100161,279,100827,179,100115,279,101078,100,99953,100,,,99925,100,,,99923,100,,,99894,100,,,99787,100
2019-06-28 10:01:15.133519791,100321,179,100246,179,100472,179,100189,179,100651,179,100188,279,100779,179,100161,279,100827,179,100115,279,101078,100,99953,100,,,99925,100,,,99923,100,,,99894,100,,,99847,100
2019-06-28 10:01:20.000000000,100321,296,100246,296,100472,296,100189,296,100651,100,100188,200,100779,100,100161,200,100827,100,100115,200,101078,100,99953,100,,,99925,100,,,99923,100,,,99894,100,,,99847,100
2019-06-28 10:01:30.000000000,100321,179,100246,179,100472,179,100189,179,100651,179,100188,279,100779,179,100161,279,100827,179,100115,279,101078,100,99953,100,,,99925,100,,,99923,100,,,99894,100,,,99847,100
2019-06-28 10:01:40.000000000,100321,198,100246,198,100472,198,100189,198,100651,198,100188,298,100779,198,100161,298,100827,100,100115,200,101078,100,99953,100,,,99925,100,,,99923,100,,,99894,100,,,99847,100
2019-06-28 10:01:41.690533871,100321,198,100246,98,100472,198,100189,198,100651,198,100188,298,100779,198,100161,298,100827,100,100115,200,101078,100,99953,100,,,99925,100,,,99923,100,,,99894,100,,,99847,100
2019-06-28 10:01:50.000000000,100321,179,100189,179,100472,179,100188,279,100651,179,100161,279,100779,179,100115,279,100827,179,99953,179,101078,100,99925,100,,,99923,100,,,99894,100,,,99847,100,,,99787,100
2019-06-28 10:01:52.746015616,100321,179,100189,79,100472,179,100188,279,100651,179,100161,279,100779,179,100115,279,100827,179,99953,179,101078,100,99925,100,,,99923,100,,,99894,100,,,99847,100,,,99787,100
2019-06-28 10:01:53.705926153,100246,100,100189,79,100321,179,100188,279,100472,179,100161,279,100651,179,100115,279,100779,179,99953,179,100827,179,99925,100,101078,100,99923,100,,,99894,100,,,99847,100,,,99787,100
2019-06-28 10:02:00.000000000,100246,198,100188,298,100321,198,100161,298,100472,198,100115,298,100651,198,99953,198,100779,100,99925,100,100827,100,99923,100,101078,100,99894,100,,,99847,100,,,99787,100,,,99125,100
2019-06-28 10:02:10.000000000,100246,493,100188,593,100321,100,100161,200,100472,100,100115,200,100651,100,99953,100,100779,100,99925,100,100827,100,99923,100,101078,100,99894,100,,,99847,100,,,99787,100,,,99125,100
2019-06-28 10:02:12.794473264,100246,493,100188,493,100321,100,100161,200,100472,100,100115,200,100651,100,99953,100,100779,100,99925,100,100827,100,99923,100,101078,100,99894,100,,,99847,100,,,99787,100,,,99125,100
2019-06-28 10:02:19.320338888,100246,493,100188,393,100321,100,100161,200,100472,100,100115,200,100651,100,99953,100,100779,100,99925,100,100827,100,99923,100,101078,100,99894,100,,,99847,100,,,99787,100,,,99125,100
2019-06-28 10:02:20.000000000,100246,296,100161,396,100321,296,100115,396,100472,100,99953,100,100651,100,99925,100,100779,100,99923,100,100827,100,99894,100,101078,100,99847,100,,,99787,100,,,99125,100,,,,
2019-06-28 10:02:30.000000000,100246,198,100161,298,100321,198,100115,298,100472,198,99953,198,100651,198,99925,198,100779,100,99923,100,100827,100,99894,100,101078,100,99847,100,,,99787,100,,,99125,100,,,,
2019-06-28 10:02:40.000000000,100246,198,100161,298,100321,198,100115,298,100472,198,99953,198,100651,198,99925,198,100779,100,99923,100,100827,100,99894,100,101078,100,99847,100,,,99787,100,,,99125,100,,,,
2019-06-28 10:02:50.000000000,100246,493,100161,593,100321,100,100115,200,100472,100,99953,100,100651,100,99925,100,100779,100,99923,100,100827,100,99894,100,101078,100,99847,100,,,99787,100,,,99125,100,,,,
2019-06-28 10:02:54.126342500,100188,100,100161,593,100246,493,100115,200,100321,100,99953,100,100472,100,99925,100,100651,100,99923,100,100779,100,99894,100,100827,100,99847,100,101078,100,99787,100,,,99125,100,,,,
2019-06-28 10:03:00.000000000,100188,493,100161,593,100246,100,100115,200,100321,100,99953,100,100472,100,99925,100,100651,100,99923,100,100779,100,99894,100,100827,100,99847,100,101078,100,99787,100,,,99125,100,,,,
2019-06-28 10:03:04.377956946,100188,493,100161,493,100246,100,100115,200,100321,100,99953,100,100472,100,99925,100,100651,100,99923,100,100779,100,99894,100,100827,100,99847,100,101078,100,99787,100,,,99125,100,,,,
2019-06-28 10:03:10.000000000,100188,234,100161,234,100246,230,100115,330,100321,230,99953,230,100472,100,99925,100,100651,100,99923,100,100779,100,99894,100,100827,100,99847,100,101078,100,99787,100,,,99125,100,,,,
2019-06-28 10:03:20.000000000,100188,198,100161,198,100246,198,100115,298,100321,198,99953,198,100472,198,99925,198,100651,100,99923,100,100779,100,99894,100,100827,100,99847,100,101078,100,99787,100,,,99125,100,,,,
2019-06-28 10:03:24.094680370,100188,198,100161,198,100246,198,100115,298,100321,198,99953,198,100472,198,99925,198,100651,100,99923,100,100779,100,99894,100,100827,100,99847,100,,,99787,100,,,99662,100,,,99125,100
2019-06-28 10:03:30.000000000,100188,296,100161,296,100246,296,100115,396,100321,100,99953,100,100472,100,99925,100,100651,100,99923,100,100779,100,99894,100,100827,100,99847,100,,,99787,100,,,99662,100,,,99125,100
2019-06-28 10:03:31.357912567,100187,100,100161,296,100188,296,100115,396,100246,296,99953,100,100321,100,99925,100,100472,100,99923,100,100651,100,99894,100,100779,100,99847,100,100827,100,99787,100,,,99662,100,,,99125,100
2019-06-28 10:03:37.967443567,100187,100,100161,296,100188,296,100115,396,100246,296,99953,100,100321,100,99925,100,100472,100,99923,100,100651,100,99894,100,100827,100,99847,100,,,99787,100,,,99780,100,,,99662,100
2019-06-28 10:03:40.000000000,100187,493,100161,493,100188,100,100115,200,100246,100,99953,100,100321,100,99925,100,100472,100,99923,100,100651,100,99894,100,100827,100,99847,100,,,99787,100,,,99780,100,,,99662,100
2019-06-28 10:03:50.000000000,100187,198,100161,198,100188,198,100115,298,100246,198,99953,198,100321,198,99925,198,100472,100,99923,100,100651,100,99894,100,100827,100,99847,100,,,99787,100,,,99780,100,,,99662,100
2019-06-28 10:03:52.172123414,100187,198,100161,198,100188,198,100115,298,100246,98,99953,198,100321,198,99925,198,100472,100,99923,100,100651,100,99894,100,100827,100,99847,100,,,99787,100,,,99780,100,,,99662,100
2019-06-28 10:04:00.000000000,100187,234,100161,234,100188,230,100115,330,100321,230,99953,230,100472,100,99925,100,100651,100,99923,100,100827,100,99894,100,,,99847,100,,,99787,100,,,99780,100,,,99662,100
2019-06-28 10:04:10.000000000,100187,493,100161,493,100188,100,100115,200,100321,100,99953,100,100472,100,99925,100,100651,100,99923,100,100827,100,99894,100,,,99847,100,,,99787,100,,,99780,100,,,99662,100
2019-06-28 10:04:20.000000000,100187,296,100161,296,100188,296,100115,396,100321,100,99953,100,100472,100,99925,100,100651,100,99923,100,100827,100,99894,100,,,99847,100,,,99787,100,,,99780,100,,,99662,100
2019-06-28 10:04:30.000000000,100187,198,100161,198,100188,198,100115,298,100321,198,99953,198,100472,198,99925,198,100651,100,99923,100,100827,100,99894,100,,,99847,100,,,99787,100,,,99780,100,,,99662,100
2019-06-28 10:04:36.111669838,100187,198,100161,198,100188,198,100115,198,100321,198,99953,198,100472,198,99925,198,100651,100,99923,100,100827,100,99894,100,,,99847,100,,,99787,100,,,99780,100,,,99662,100
2019-06-28 10:04:40.000000000,100187,296,100161,296,100188,296,100115,296,100321,100,99953,100,100472,100,99925,100,100651,100,99923,100,100827,100,99894,100,,,99847,100,,,99787,100,,,99780,100,,,99662,100
2019-06-28 10:04:43.570429383,100187,196,100161,296,100188,296,100115,296,100321,100,99953,100,100472,100,99925,100,100651,100,99923,100,100827,100,99894,100,,,99847,100,,,99787,100,,,99780,100,,,99662,100
2019-06-28 10:04:50.000000000,100188,234,100161,234,100321,230,100115,230,100472,230,99953,230,100651,100,99925,100,100827,100,99923,100,,,99894,100,,,99847,100,,,99787,100,,,99780,100,,,99662,100
2019-06-28 10:04:58.066277075,100188,234,100161,234,100321,230,100130,100,100472,230,100115,230,100651,100,99953,230,100827,100,99925,100,,,99923,100,,,99847,100,,,99787,100,,,99780,100,,,99662,100
2019-06-28 10:05:00.000000000,100188,198,100161,198,100321,198,100130,198,100472,198,100115,198,100651,198,99953,198,100827,100,99925,100,,,99923,100,,,99847,100,,,99787,100,,,99780,100,,,99662,100
2019-06-28 10:05:10.000000000,100188,493,100161,493,100321,100,100130,100,100472,100,100115,100,100651,100,99953,100,100827,100,99925,100,,,99923,100,,,99847,100,,,99787,100,,,99780,100,,,99662,100
2019-06-28 10:05:14.693354028,100188,493,100161,493,100321,100,100155,100,100472,100,100130,100,100651,100,100115,100,100827,100,99953,100,,,99925,100,,,99923,100,,,99847,100,,,99787,100,,,99662,100
2019-06-28 10:05:20.000000000,100188,493,100161,493,100321,100,100155,100,100472,100,100130,100,100651,100,100115,100,100827,100,99953,100,,,99925,100,,,99923,100,,,99847,100,,,99787,100,,,99662,100
2019-06-28 10:05:20.483845680,100188,493,100161,493,100321,100,100155,100,100472,100,100130,100,100651,100,100115,100,100827,100,100111,100,,,99953,100,,,99925,100,,,99923,100,,,99847,100,,,99787,100
2019-06-28 10:05:21.592305790,100188,493,100161,493,100321,100,100155,100,100389,100,100130,100,100472,100,100115,100,100651,100,100111,100,100827,100,99953,100,,,99925,100,,,99923,100,,,99847,100,,,99787,100
2019-06-28 10:05:30.000000000,100188,234,100161,234,100321,230,100155,230,100389,230,100130,230,100472,100,100115,100,100651,100,100111,100,100827,100,99953,100,,,99925,100,,,99923,100,,,99847,100,,,99787,100
2019-06-28 10:05:40.000000000,100188,234,100161,234,100321,230,100155,230,100389,230,100130,230,100472,100,100115,100,100651,100,100111,100,100827,100,99953,100,,,99925,100,,,99923,100,,,99847,100,,,99787,100
2019-06-28 10:05:50.000000000,100188,198,100161,198,100321,198,100155,198,100389,198,100130,198,100472,198,100115,198,100651,100,100111,100,100827,100,99953,100,,,99925,100,,,99923,100,,,99847,100,,,99787,100
2019-06-28 10:06:00.000000000,100188,296,100161,296,100321,296,100155,296,100389,100,100130,100,100472,100,100115,100,100651,100,100111,100,100827,100,99953,100,,,99925,100,,,99923,100,,,99847,100,,,99787,100
2019-06-28 10:06:10.000000000,100188,179,100161,179,100321,179,100155,179,100389,179,100130,179,100472,179,100115,179,100651,179,100111,179,100827,100,99953,100,,,99925,100,,,99923,100,,,99847,100,,,99787,100
2019-06-28 10:06:19.789648727,100188,79,100161,179,100321,179,100155,179,100389,179,100130,179,100472,179,100115,179,100651,179,100111,179,100827,100,99953,100,,,99925,100,,,99923,100,,,99847,100,,,99787,100
2019-06-28 10:06:20.000000000,100321,296,100161,296,100389,296,100155,296,100472,100,100130,100,100651,100,100115,100,100827,100,100111,100,,,99953,100,,,99925,100,,,99923,100,,,99847,100,,,99787,100
2019-06-28 10:06:27.614250026,100321,196,100161,296,100389,296,100155,296,100472,100,100130,100,100651,100,100115,100,100827,100,100111,100,,,99953,100,,,99925,100,,,99923,100,,,99847,100,,,99787,100
2019-06-28 10:06:30.000000000,100389,296,100161,296,100472,296,100155,296,100651,100,100130,100,100827,100,100115,100,,,100111,100,,,99953,100,,,99925,100,,,99923,100,,,99847,100,,,99787,100
2019-06-28 10:06:40.000000000,100389,493,100161,493,100472,100,100155,100,100651,100,100130,100,100827,100,100115,100,,,100111,100,,,99953,100,,,99925,100,,,99923,100,,,99847,100,,,99787,100
2019-06-28 10:06:50.000000000,100389,296,100161,296,100472,296,100155,296,100651,100,100130,100,100827,100,100115,100,,,100111,100,,,99953,100,,,99925,100,,,99923,100,,,99847,100,,,99787,100
2019-06-28 10:06:55.931762093,100389,196,100161,296,100472,296,100155,296,100651,100,100130,100,100827,100,100115,100,,,100111,100,,,99953,100,,,99925,100,,,99923,100,,,99847,100,,,99787,100
2019-06-28 10:07:00.000000000,100472,179,100161,179,100651,179,100155,179,100827,179,100130,179,100828,79,100115,179,,,100111,179,,,99953,100,,,99925,100,,,99923,100,,,99847,100,,,99787,100
2019-06-28 10:07:02.556489134,100472,179,100161,179,100651,179,100155,179,100827,179,100130,179,100828,79,100115,179,101090,100,100111,179,,,99953,100,,,99925,100,,,99923,100,,,99847,100,,,99787,100
2019-06-28 10:07:10.000000000,100472,493,100161,493,100651,100,100155,100,100827,100,100130,100,101090,100,100115,100,,,100111,100,,,99953,100,,,99925,100,,,99923,100,,,99847,100,,,99787,100
2019-06-28 10:07:20.000000000,100472,296,100161,296,100651,296,100155,296,100827,100,100130,100,101090,100,100115,100,,,100111,100,,,99953,100,,,99925,100,,,99923,100,,,99847,100,,,99787,100
2019-06-28 10:07:24.134440732,100472,196,100161,296,100651,296,100155,296,100827,100,100130,100,101090,100,100115,100,,,100111,100,,,99953,100,,,99925,100,,,99923,100,,,99847,100,,,99787,100
2019-06-28 10:07:30.000000000,100651,493,100161,493,100827,100,100155,100,101090,100,100130,100,,,100115,100,,,100111,100,,,99953,100,,,99925,100,,,99923,100,,,99847,100,,,99787,100
2019-06-28 10:07:36.184677131,100651,493,100161,493,100827,100,100155,100,101090,100,100130,100,101145,100,100115,100,,,100111,100,,,99953,100,,,99925,100,,,99923,100,,,99847,100,,,99787,100
