,ask_price_1,ask_size_1,bid_price_1,bid_size_1,ask_price_2,ask_size_2,bid_price_2,bid_size_2,ask_price_3,ask_size_3,bid_price_3,bid_size_3,ask_price_4,ask_size_4,bid_price_4,bid_size_4,ask_price_5,ask_size_5,bid_price_5,bid_size_5,ask_price_6,ask_size_6,bid_price_6,bid_size_6,ask_price_7,ask_size_7,bid_price_7,bid_size_7,ask_price_8,ask_size_8,bid_price_8,bid_size_8,ask_price_9,ask_size_9,bid_price_9,bid_size_9,ask_price_10,ask_size_10,bid_price_10,bid_size_10
2019-06-28 09:30:00.000000001,,,99962,100,,,,,,,,,,,,,,,,,,,,,,,,,,,,,,,,,,,,
2019-06-28 09:30:00.000000003,,,100021,100,,,99962,100,,,,,,,,,,,,,,,,,,,,,,,,,,,,,,,,
2019-06-28 09:30:00.000000005,100030,100,100021,100,,,99962,100,,,,,,,,,,,,,,,,,,,,,,,,,,,,,,,,
2019-06-28 09:30:00.000000006,100030,100,100021,100,,,99962,100,,,99953,100,,,,,,,,,,,,,,,,,,,,,,,,,,,,
2019-06-28 09:30:00.000000007,100030,100,100021,100,,,99962,100,,,99953,100,,,99841,100,,,,,,,,,,,,,,,,,,,,,,,,
2019-06-28 09:30:00.000000010,100030,100,100021,100,100106,100,99962,100,,,99953,100,,,99841,100,,,,,,,,,,,,,,,,,,,,,,,,
2019-06-28 09:30:00.000000011,100024,100,100021,100,100030,100,100003,100,100106,100,99962,100,,,99953,100,,,99924,100,,,99841,100,,,,,,,,,,,,,,,,
2019-06-28 09:30:00.000000014,100024,100,100021,100,100030,100,100003,100,100106,100,99982,100,,,99962,100,,,99953,100,,,99924,100,,,99898,100,,,99841,100,,,,,,,,
2019-06-28 09:30:00.000000016,100024,100,100021,100,100030,100,100005,100,100106,100,100003,100,100191,100,99982,100,,,99962,100,,,99953,100,,,99924,100,,,99898,100,,,99841,100,,,,
2019-06-28 09:30:00.000000018,100024,100,100021,100,100030,100,100005,100,100106,100,100003,100,100191,100,99982,100,,,99962,100,,,99953,100,,,99924,100,,,99898,100,,,99882,100,,,99841,100
2019-06-28 09:30:00.000000021,100024,100,100021,100,100030,100,100005,100,100066,100,100003,100,100106,100,99982,100,100191,100,99962,100,,,99953,100,,,99924,100,,,99898,100,,,99882,100,,,99841,100
2019-06-28 09:30:00.000000022,100024,100,100021,100,100030,100,100005,100,100066,100,100003,100,100106,100,99982,100,100190,100,99962,100,100191,100,99953,100,,,99924,100,,,99898,100,,,99882,100,,,99841,100
2019-06-28 09:30:00.000000023,100024,100,100021,100,100030,100,100012,100,100066,100,100005,100,100105,100,100003,100,100106,100,99991,100,100190,100,99982,100,100191,100,99962,100,,,99953,100,,,99924,100,,,99898,100
2019-06-28 09:30:00.000000025,100024,100,100021,100,100030,100,100012,100,100066,100,100009,100,100105,100,100005,100,100106,100,100003,100,100190,100,99991,100,100191,100,99982,100,,,99962,100,,,99953,100,,,99924,100
2019-06-28 09:30:00.000000026,100024,100,100012,100,100030,100,100009,100,100066,100,100005,100,100105,100,100003,100,100106,100,99991,100,100190,100,99982,100,100191,100,99962,100,,,99953,100,,,99924,100,,,99898,100
2019-06-28 09:30:00.000000027,100024,100,100012,100,100030,100,100009,100,100066,100,100005,100,100105,100,100003,100,100106,100,99991,100,100190,100,99982,100,100191,100,99968,100,,,99962,100,,,99953,100,,,99924,100
2019-06-28 09:30:00.000000028,100024,100,100012,100,100030,100,100009,100,100066,100,100005,100,100081,100,100003,100,100105,100,99991,100,100106,100,99982,100,100190,100,99968,100,100191,100,99962,100,,,99953,100,,,99924,100
2019-06-28 09:30:00.000000029,100024,100,100012,100,100030,100,100009,100,100066,100,100005,100,100081,100,100003,100,100105,100,99991,100,100106,100,99982,100,100190,100,99968,100,100191,100,99962,100,,,99954,100,,,99953,100
2019-06-28 09:30:00.000000031,100024,100,100012,100,100030,100,100009,100,100066,100,100005,100,100081,100,100003,100,100105,100,99991,100,100106,100,99982,100,100190,100,99968,100,100191,100,99962,100,,,99954,100,,,99953,100
2019-06-28 09:30:00.000000034,100024,100,100012,100,100030,100,100009,100,100066,100,100005,100,100081,100,100003,100,100105,100,99991,100,100106,100,99982,100,100107,100,99968,100,100190,100,99962,100,100191,100,99954,100,,,99953,100
2019-06-28 09:30:00.000000035,100024,100,100009,100,100030,100,100005,100,100066,100,100003,100,100081,100,99991,100,100105,100,99982,100,100106,100,99968,100,100107,100,99962,100,100190,100,99954,100,100191,100,99953,100,,,99924,100
2019-06-28 09:30:00.000000037,100030,100,100009,100,100066,100,100005,100,100081,100,100003,100,100105,100,99991,100,100106,100,99982,100,100107,100,99968,100,100190,100,99962,100,100191,100,99954,100,,,99953,100,,,99924,100
2019-06-28 09:30:00.000000039,100030,100,100009,100,100066,100,100005,100,100081,100,100003,100,100095,100,99991,100,100105,100,99982,100,100106,100,99968,100,100107,100,99962,100,100190,100,99954,100,100191,100,99953,100,,,99924,100
2019-06-28 09:30:00.000000040,100066,100,100009,100,100081,100,100005,100,100095,100,100003,100,100105,100,99991,100,100106,100,99982,100,100107,100,99968,100,100190,100,99962,100,100191,100,99954,100,,,99953,100,,,99924,100
2019-06-28 09:30:00.000000042,100066,100,100009,100,100081,100,100005,100,100095,100,100003,100,100105,100,99991,100,100106,100,99982,100,100107,100,99968,100,100190,100,99962,100,100191,100,99954,100,,,99953,100,,,99924,100
2019-06-28 09:30:00.000000043,100066,100,100009,100,100081,100,100005,100,100095,100,100003,100,100105,100,99991,100,100106,100,99982,100,100107,100,99968,100,100190,100,99962,100,100191,100,99954,100,,,99953,100,,,99941,100
2019-06-28 09:30:00.000000046,100030,100,100009,100,100066,100,100005,100,100081,100,100003,100,100095,200,99991,100,100105,100,99982,100,100106,100,99968,100,100107,100,99962,100,100190,100,99954,100,100191,100,99953,100,,,99941,100
2019-06-28 09:30:00.000000047,100030,100,100009,100,100066,100,100005,100,100081,100,100003,100,100095,200,99991,100,100105,100,99982,100,100106,100,99968,100,100107,100,99963,100,100190,100,99962,100,100191,100,99954,100,,,99953,100
2019-06-28 09:30:00.000000048,100030,200,100009,100,100066,100,100005,200,100081,100,100003,100,100095,200,99991,100,100105,100,99982,100,100106,100,99968,100,100107,100,99963,100,100190,100,99962,100,100191,100,99954,100,,,99953,100
2019-06-28 09:30:00.000000052,100030,200,100005,200,100066,100,100003,100,100081,100,99991,100,100095,200,99982,100,100105,100,99968,100,100106,100,99963,100,100107,100,99962,100,100190,100,99954,100,100191,100,99953,100,,,99941,100
2019-06-28 09:30:00.000000053,100030,200,100009,100,100066,100,100005,200,100081,100,100003,100,100095,200,99991,100,100105,100,99982,200,100106,100,99968,100,100107,100,99963,100,100190,100,99962,100,100191,100,99954,100,,,99953,100
2019-06-28 09:30:00.000000056,100030,200,100009,100,100066,100,100006,100,100081,100,100005,200,100095,200,100003,100,100105,100,99991,100,100106,100,99982,200,100107,100,99968,100,100190,100,99963,100,100191,100,99962,100,,,99954,100
2019-06-28 09:30:00.000000057,100030,200,100006,100,100066,100,100005,200,100081,100,100003,100,100095,200,99991,100,100105,100,99982,200,100106,100,99968,100,100107,100,99963,100,100190,100,99962,100,100191,100,99954,100,,,99953,100
2019-06-28 09:30:00.000000060,100026,100,100006,100,100030,200,100005,200,100066,100,100003,100,100081,100,99991,100,100095,200,99982,200,100105,100,99968,100,100106,100,99963,100,100107,100,99962,100,100190,100,99954,100,100191,100,99953,100
2019-06-28 09:30:00.000000062,100026,100,100006,100,100030,200,100005,200,100066,100,100003,100,100081,100,99991,100,100095,200,99982,200,100105,100,99968,100,100106,100,99963,100,100107,100,99962,100,100155,100,99954,100,100190,100,99953,100
2019-06-28 09:30:00.000000065,100026,100,100006,100,100030,200,100005,200,100066,100,100003,100,100081,100,99991,100,100095,200,99982,200,100102,100,99968,100,100105,100,99963,100,100106,100,99962,100,100107,100,99954,100,100155,100,99953,100
2019-06-28 09:30:00.000000066,100030,200,100006,100,100066,100,100005,200,100081,100,100003,100,100095,200,99991,100,100102,100,99982,200,100105,100,99968,100,100106,100,99963,100,100107,100,99962,100,100155,100,99954,100,100190,100,99953,100
2019-06-28 09:30:00.000000067,100011,100,100006,100,100030,200,100005,200,100066,100,100003,100,100081,100,99991,100,100095,200,99982,200,100102,100,99968,100,100105,100,99963,100,100106,100,99962,100,100107,100,99954,100,100155,100,99953,100
2019-06-28 09:30:00.000000068,100030,200,100006,100,100032,100,100005,200,100066,100,100003,100,100081,100,99991,100,100095,200,99982,200,100102,100,99968,100,100105,100,99963,100,100106,100,99962,100,100107,100,99954,100,100155,100,99953,100
2019-06-28 09:30:00.000000069,100030,200,100011,100,100032,100,100006,100,100066,100,100005,200,100081,100,100003,100,100095,200,99991,100,100102,100,99982,200,100105,100,99968,100,100106,100,99963,100,100107,100,99962,100,100155,100,99954,100
2019-06-28 09:30:00.000000070,100026,100,100011,100,100030,200,100006,100,100032,100,100005,200,100066,100,100003,100,100081,100,99991,100,100095,200,99982,200,100102,100,99968,100,100105,100,99963,100,100106,100,99962,100,100107,100,99954,100
2019-06-28 09:30:00.000000077,100026,100,100011,200,100030,200,100006,100,100032,100,100005,200,100066,100,100003,100,100081,100,99991,100,100095,200,99982,200,100102,100,99968,100,100105,100,99963,100,100106,100,99962,100,100107,100,99954,100
2019-06-28 09:30:00.000000078,100026,100,100011,200,100030,200,100006,100,100032,100,100005,200,100066,100,100003,100,100081,100,99991,100,100095,200,99982,200,100102,100,99968,100,100105,100,99963,100,100106,100,99962,100,100107,100,99954,100
2019-06-28 09:30:00.000000081,100026,100,100011,100,100030,200,100006,100,100032,100,100005,200,100066,100,100003,100,100081,100,99991,100,100095,200,99982,200,100102,100,99968,100,100105,100,99963,100,100106,100,99962,100,100107,100,99954,100
2019-06-28 09:30:00.000000082,100026,100,100011,100,100030,200,100006,100,100032,100,100005,200,100066,100,100003,100,100081,100,99991,100,100095,200,99982,200,100102,100,99968,100,100105,100,99963,100,100106,100,99962,100,100107,100,99954,100
2019-06-28 09:30:00.000000083,100026,100,100006,100,100030,200,100005,200,100032,100,100003,100,100066,100,99991,100,100081,100,99982,200,100095,200,99968,100,100102,100,99963,100,100105,100,99962,100,100106,100,99954,100,100107,100,99953,100
2019-06-28 09:30:00.000000085,100026,100,100006,100,100030,200,100005,200,100032,100,100003,100,100066,100,99991,100,100081,100,99982,200,100095,200,99968,100,100102,100,99963,100,100105,100,99962,100,100106,100,99954,100,100107,100,99953,100
2019-06-28 09:30:00.000000088,100026,100,100005,200,100030,200,100003,100,100032,100,99991,100,100066,100,99982,200,100081,100,99968,100,100095,200,99963,100,100102,100,99962,100,100105,100,99954,100,100106,100,99953,100,100107,100,99951,100
2019-06-28 09:30:00.000000090,100011,100,100005,200,100026,100,100003,100,100030,200,99991,100,100032,100,99982,200,100060,100,99968,100,100066,100,99963,100,100081,100,99962,100,100095,200,99954,100,100102,100,99953,100,100105,100,99951,100
2019-06-28 09:30:00.000000093,100011,100,100005,200,100026,100,100003,100,100030,200,99991,100,100032,100,99982,200,100060,100,99968,100,100066,100,99963,100,100081,100,99962,100,100095,200,99954,100,100102,100,99953,100,100105,100,99951,100
2019-06-28 09:30:00.000000098,100026,100,100005,200,100030,200,100003,100,100032,100,99991,100,100060,100,99982,200,100066,100,99968,100,100081,100,99963,100,100095,200,99962,100,100102,100,99954,100,100105,100,99953,100,100106,100,99951,100
2019-06-28 09:30:00.000000099,100026,100,100005,200,100030,200,100003,100,100032,100,99991,100,100052,100,99982,200,100060,100,99968,100,100066,100,99963,100,100081,100,99962,100,100095,200,99954,100,100102,100,99953,100,100105,100,99951,100
2019-06-28 09:30:03.033838348,100030,200,100005,200,100032,100,100003,100,100052,100,99991,100,100060,100,99982,200,100066,100,99968,100,100081,100,99963,100,100095,200,99962,100,100102,100,99954,100,100106,100,99953,100,100107,100,99951,100
2019-06-28 09:30:10.000000000,100030,433,100005,433,100032,333,100003,333,100052,100,99991,100,100060,100,99982,200,100066,100,99968,100,100081,100,99963,100,100095,200,99962,100,100102,100,99954,100,100106,100,99953,100,100107,100,99951,100
2019-06-28 09:30:20.000000000,100030,316,100005,316,100032,216,100003,216,100052,216,99991,216,100060,216,99982,316,100066,100,99968,100,100081,100,99963,100,100095,200,99962,100,100102,100,99954,100,100106,100,99953,100,100107,100,99951,100
2019-06-28 09:30:22.712667277,100030,316,100005,316,100032,216,100003,216,100052,216,99991,116,100060,216,99982,316,100066,100,99968,100,100081,100,99963,100,100095,200,99962,100,100102,100,99954,100,100106,100,99953,100,100107,100,99951,100
2019-06-28 09:30:30.000000000,100030,316,100005,316,100032,216,100003,216,100052,216,99982,316,100060,216,99968,216,100066,100,99963,100,100081,100,99962,100,100095,200,99954,100,100102,100,99953,100,100106,100,99951,100,100107,100,99941,100
2019-06-28 09:30:35.207865091,100030,316,100011,100,100032,216,100005,316,100052,216,100003,216,100060,216,99982,316,100066,100,99968,216,100081,100,99963,100,100095,200,99962,100,100102,100,99954,100,100106,100,99953,100,100107,100,99951,100
2019-06-28 09:30:37.854493823,100030,216,100011,100,100032,216,100005,316,100052,216,100003,216,100060,216,99982,216,100066,100,99968,216,100081,100,99963,100,100095,200,99962,100,100102,100,99954,100,100106,100,99953,100,100107,100,99951,100
2019-06-28 09:30:40.000000000,100030,216,100011,216,100032,216,100005,316,100052,216,100003,216,100060,216,99982,216,100066,100,99968,100,100081,100,99963,100,100095,200,99962,100,100102,100,99954,100,100106,100,99953,100,100107,100,99951,100
2019-06-28 09:30:50.000000000,100030,258,100011,258,100032,254,100005,354,100052,254,100003,254,100060,100,99982,100,100066,100,99968,100,100081,100,99963,100,100095,200,99962,100,100102,100,99954,100,100106,100,99953,100,100107,100,99951,100
2019-06-28 09:30:58.383820219,100030,258,100011,158,100032,254,100005,354,100052,254,100003,254,100060,100,99982,100,100066,100,99968,100,100081,100,99963,100,100095,200,99962,100,100102,100,99954,100,100106,100,99953,100,100107,100,99951,100
2019-06-28 09:31:00.000000000,100030,258,100005,358,100032,254,100003,254,100052,254,99982,254,100060,100,99968,100,100066,100,99963,100,100081,100,99962,100,100095,200,99954,100,100102,100,99953,100,100106,100,99951,100,100107,100,99941,100
2019-06-28 09:31:01.291716003,100030,258,100005,358,100032,254,100003,254,100052,254,99982,254,100060,100,99968,100,100066,100,99963,100,100081,100,99962,100,100095,200,99954,100,100102,100,99953,100,100106,100,99951,100,100120,100,99941,100
2019-06-28 09:31:09.415063679,100029,100,100005,358,100030,258,100003,254,100032,254,99982,254,100052,254,99968,100,100060,100,99963,100,100066,100,99962,100,100081,100,99954,100,100095,200,99953,100,100102,100,99951,100,100106,100,99941,100
2019-06-28 09:31:10.000000000,100029,258,100005,358,100030,254,100003,254,100032,254,99982,254,100052,100,99968,100,100060,100,99963,100,100066,100,99962,100,100081,100,99954,100,100095,200,99953,100,100102,100,99951,100,100106,100,99941,100
2019-06-28 09:31:16.614281160,100029,258,100005,358,100030,254,100003,254,100032,254,99982,254,100052,100,99963,100,100060,100,99962,100,100066,100,99954,100,100081,100,99953,100,100095,200,99951,100,100102,100,99941,100,100106,100,99926,100
2019-06-28 09:31:18.474963855,100029,258,100005,358,100030,254,100003,254,100032,254,99982,254,100052,100,99963,200,100060,100,99962,100,100066,100,99954,100,100081,100,99953,100,100095,200,99951,100,100102,100,99941,100,100106,100,99926,100
2019-06-28 09:31:20.000000000,100029,193,100005,293,100030,193,100003,193,100032,193,99982,193,100052,193,99963,293,100060,193,99962,193,100066,100,99954,100,100081,100,99953,100,100095,200,99951,100,100102,100,99941,100,100106,100,99926,100
2019-06-28 09:31:22.254115456,100029,193,100005,193,100030,193,100003,193,100032,193,99982,193,100052,193,99963,293,100060,193,99962,193,100066,100,99954,100,100081,100,99953,100,100095,200,99951,100,100102,100,99941,100,100106,100,99926,100
2019-06-28 09:31:27.944418035,100029,93,100005,193,100030,193,100003,193,100032,193,99982,193,100052,193,99963,293,100060,193,99962,193,100066,100,99954,100,100081,100,99953,100,100095,200,99951,100,100102,100,99941,100,100106,100,99926,100
2019-06-28 09:31:30.000000000,100030,258,100005,258,100032,254,100003,254,100052,254,99982,254,100060,100,99963,200,100066,100,99962,100,100081,100,99954,100,100095,200,99953,100,100102,100,99951,100,100106,100,99941,100,100120,100,99926,100
2019-06-28 09:31:40.000000000,100030,333,100005,333,100032,333,100003,333,100052,100,99982,100,100060,100,99963,200,100066,100,99962,100,100081,100,99954,100,100095,200,99953,100,100102,100,99951,100,100106,100,99941,100,100120,100,99926,100
2019-06-28 09:31:50.000000000,100030,333,100005,333,100032,333,100003,333,100052,100,99982,100,100060,100,99963,200,100066,100,99962,100,100081,100,99954,100,100095,200,99953,100,100102,100,99951,100,100106,100,99941,100,100120,100,99926,100
2019-06-28 09:31:54.821670458,100030,333,100005,333,100032,333,100003,333,100052,100,99963,200,100060,100,99962,100,100066,100,99954,100,100081,100,99953,100,100095,200,99951,100,100102,100,99941,100,100106,100,99926,100,100120,100,99925,100
2019-06-28 09:31:56.205464733,100030,333,100005,233,100032,333,100003,333,100052,100,99963,200,100060,100,99962,100,100066,100,99954,100,100081,100,99953,100,100095,200,99951,100,100102,100,99941,100,100106,100,99926,100,100120,100,99925,100
2019-06-28 09:32:00.000000000,100030,193,100003,193,100032,193,99963,293,100052,193,99962,193,100060,193,99954,193,100066,193,99953,193,100081,100,99951,100,100095,200,99941,100,100102,100,99926,100,100106,100,99925,100,100120,100,99913,100
2019-06-28 09:32:04.311745593,100030,193,100003,193,100032,193,99963,293,100052,193,99962,193,100060,193,99954,193,100066,193,99953,193,100081,100,99951,100,100095,200,99941,100,100102,100,99926,100,100106,100,99925,100,100120,100,99913,100
2019-06-28 09:32:10.000000000,100030,258,100003,258,100032,254,99963,354,100052,254,99962,254,100060,100,99954,100,100066,100,99953,100,100081,100,99951,100,100095,200,99941,100,100102,100,99926,100,100106,100,99925,100,100120,100,99913,100
2019-06-28 09:32:20.000000000,100030,333,100003,333,100032,333,99963,433,100052,100,99962,100,100060,100,99954,100,100066,100,99953,100,100081,100,99951,100,100095,200,99941,100,100102,100,99926,100,100106,100,99925,100,100120,100,99913,100
2019-06-28 09:32:21.739918605,100030,333,100003,333,100032,333,99963,433,100052,100,99962,100,100060,100,99954,100,100066,100,99953,100,100081,100,99951,100,100095,200,99941,100,100102,100,99926,100,100106,100,99925,100,100120,100,99913,100
2019-06-28 09:32:29.122946134,100030,333,100003,233,100032,333,99963,433,100052,100,99962,100,100060,100,99954,100,100066,100,99953,100,100081,100,99951,100,100095,200,99926,100,100102,100,99925,100,100106,100,99913,100,100120,100,99898,100
2019-06-28 09:32:29.166328973,100030,333,100003,233,100032,333,99963,433,100052,100,99962,100,100060,100,99954,100,100066,100,99953,100,100081,100,99951,100,100095,200,99926,100,100102,100,99925,100,100106,100,99913,100,100120,100,99898,100
2019-06-28 09:32:29.810504182,100005,100,100003,233,100030,333,99963,433,100032,333,99962,100,100052,100,99954,100,100060,100,99953,100,100066,100,99951,100,100081,100,99926,100,100095,200,99925,100,100102,100,99913,100,100106,100,99898,100
2019-06-28 09:32:29.956378641,100005,100,100003,233,100030,333,99963,433,100032,333,99962,100,100052,100,99954,100,100060,100,99953,100,100066,100,99951,100,100081,100,99926,100,100095,200,99925,100,100102,100,99913,100,100106,100,99898,100
2019-06-28 09:32:30.000000000,100005,216,99963,316,100030,216,99962,216,100032,216,99954,216,100052,216,99953,216,100060,100,99951,100,100066,100,99926,100,100081,100,99925,100,100095,200,99913,100,100102,100,99898,100,100106,100,99882,100
2019-06-28 09:32:37.589655871,100005,216,99963,316,100030,216,99962,216,100032,216,99954,216,100052,216,99953,216,100060,100,99951,100,100066,100,99926,100,100081,100,99925,100,100095,200,99913,100,100102,100,99898,100,100106,100,99882,100
2019-06-28 09:32:40.000000000,100005,193,99963,293,100030,193,99962,193,100032,193,99954,193,100052,193,99953,193,100060,193,99951,193,100066,100,99926,100,100081,100,99925,100,100095,200,99913,100,100102,100,99898,100,100106,100,99882,100
2019-06-28 09:32:50.000000000,100005,566,99963,666,100030,100,99962,100,100032,100,99954,100,100052,100,99953,100,100060,100,99951,100,100066,100,99926,100,100081,100,99925,100,100095,200,99913,100,100102,100,99898,100,100106,100,99882,100
2019-06-28 09:32:50.647516765,100005,466,99963,666,100030,100,99962,100,100032,100,99954,100,100052,100,99953,100,100060,100,99951,100,100066,100,99926,100,100081,100,99925,100,100095,200,99898,100,100102,100,99882,100,100106,100,99877,200
2019-06-28 09:32:52.515099850,100005,466,99988,100,100030,100,99963,666,100032,100,99962,100,100052,100,99954,100,100060,100,99953,100,100066,100,99951,100,100081,100,99926,100,100095,200,99925,100,100102,100,99898,100,100106,100,99882,100
2019-06-28 09:32:52.769834533,100005,466,99988,100,100030,100,99963,666,100032,100,99962,100,100052,100,99954,100,100060,100,99953,100,100066,100,99951,100,100081,100,99926,100,100095,200,99925,100,100102,100,99898,100,100103,100,99882,100
2019-06-28 09:33:00.000000000,100030,566,99988,566,100032,100,99963,200,100052,100,99962,100,100060,100,99954,100,100066,100,99953,100,100081,100,99951,100,100095,200,99926,100,100102,100,99925,100,100103,100,99898,100,100106,100,99882,100
2019-06-28 09:33:06.459332777,100030,566,99988,566,100032,100,99963,200,100052,100,99962,100,100060,100,99954,100,100066,100,99953,100,100081,100,99926,100,100095,200,99925,100,100102,100,99898,100,100103,100,99882,100,100106,100,99877,200
2019-06-28 09:33:07.113615234,100030,466,99988,566,100032,100,99963,200,100052,100,99962,100,100060,100,99954,100,100066,100,99953,100,100081,100,99926,100,100095,200,99925,100,100102,100,99898,100,100103,100,99882,100,100106,100,99877,200
2019-06-28 09:33:10.000000000,100032,193,99988,193,100052,193,99963,293,100060,193,99962,193,100066,193,99954,193,100081,193,99953,193,100095,200,99926,100,100102,100,99925,100,100103,100,99898,100,100106,100,99882,100,100124,100,99877,200
2019-06-28 09:33:20.000000000,100032,333,99988,333,100052,333,99963,433,100060,100,99962,100,100066,100,99954,100,100081,100,99953,100,100095,200,99926,100,100102,100,99925,100,100103,100,99898,100,100106,100,99882,100,100124,100,99877,200
2019-06-28 09:33:30.000000000,100032,216,99988,216,100052,216,99963,316,100060,216,99962,216,100066,216,99954,216,100081,100,99953,100,100095,200,99926,100,100102,100,99925,100,100103,100,99898,100,100106,100,99882,100,100124,100,99877,200
2019-06-28 09:33:40.000000000,100032,193,99988,193,100052,193,99963,293,100060,193,99962,193,100066,193,99954,193,100081,193,99953,193,100095,200,99926,100,100102,100,99925,100,100103,100,99898,100,100106,100,99882,100,100124,100,99877,200
2019-06-28 09:33:44.428681934,100032,93,99988,193,100052,193,99963,293,100060,193,99962,193,100066,193,99954,193,100081,193,99953,193,100095,200,99926,100,100102,100,99925,100,100103,100,99898,100,100106,100,99882,100,100124,100,99877,200
2019-06-28 09:33:50.000000000,100052,216,99988,216,100060,216,99963,316,100066,216,99962,216,100081,216,99954,216,100095,200,99953,100,100102,100,99926,100,100103,100,99925,100,100106,100,99898,100,100124,100,99882,100,100190,100,99877,200
2019-06-28 09:34:00.000000000,100052,566,99988,566,100060,100,99963,200,100066,100,99962,100,100081,100,99954,100,100095,200,99953,100,100102,100,99926,100,100103,100,99925,100,100106,100,99898,100,100124,100,99882,100,100190,100,99877,200
2019-06-28 09:34:02.075677886,100052,566,99988,566,100060,100,99963,200,100066,100,99962,100,100081,100,99954,100,100095,200,99953,100,100102,100,99926,100,100103,100,99925,100,100106,100,99898,100,100124,100,99882,100,100190,100,99877,200
2019-06-28 09:34:10.000000000,100052,216,99988,216,100060,216,99963,316,100066,216,99962,216,100081,216,99954,216,100095,200,99953,100,100102,100,99926,100,100103,100,99925,100,100106,100,99898,100,100124,100,99882,100,100190,100,99877,200
2019-06-28 09:34:20.000000000,100052,216,99988,216,100060,216,99963,316,100066,216,99962,216,100081,216,99954,216,100095,200,99953,100,100102,100,99926,100,100103,100,99925,100,100106,100,99898,100,100124,100,99882,100,100190,100,99877,200
2019-06-28 09:34:20.395633274,100052,216,99988,216,100060,216,99963,316,100066,216,99962,216,100081,216,99954,216,100095,200,99953,100,100102,100,99926,100,100103,100,99925,100,100106,100,99898,100,100124,100,99882,100,100190,100,99877,200
2019-06-28 09:34:30.000000000,100052,216,99988,216,100060,216,99963,316,100066,216,99962,216,100081,216,99954,216,100095,200,99953,100,100102,100,99926,100,100103,100,99925,100,100106,100,99898,100,100124,100,99882,100,100190,100,99877,200
2019-06-28 09:34:40.000000000,100052,193,99988,193,100060,193,99963,293,100066,193,99962,193,100081,193,99954,193,100095,293,99953,193,100102,100,99926,100,100103,100,99925,100,100106,100,99898,100,100124,100,99882,100,100190,100,99877,200
2019-06-28 09:34:40.408739791,100052,193,99988,193,100060,193,99963,293,100066,193,99962,193,100081,193,99954,193,100095,293,99953,193,100102,100,99926,100,100103,100,99925,100,100106,100,99898,100,100124,100,99882,100,100190,100,99877,200
2019-06-28 09:34:50.000000000,100052,566,99988,566,100060,100,99963,200,100066,100,99962,100,100081,100,99954,100,100095,200,99953,100,100102,100,99926,100,100103,100,99925,100,100106,100,99898,100,100124,100,99882,100,100190,100,99877,200
2019-06-28 09:35:00.000000000,100052,193,99988,193,100060,193,99963,293,100066,193,99962,193,100081,193,99954,193,100095,293,99953,193,100102,100,99926,100,100103,100,99925,100,100106,100,99898,100,100124,100,99882,100,100190,100,99877,200
2019-06-28 09:35:07.858211536,100052,193,100030,100,100060,193,99988,193,100066,193,99963,293,100081,193,99962,193,100095,293,99954,193,100102,100,99953,193,100103,100,99926,100,100106,100,99925,100,100124,100,99898,100,100190,100,99877,200
2019-06-28 09:35:10.000000000,100052,566,100030,566,100060,100,99988,100,100066,100,99963,200,100081,100,99962,100,100095,200,99954,100,100102,100,99953,100,100103,100,99926,100,100106,100,99925,100,100124,100,99898,100,100190,100,99877,200
2019-06-28 09:35:20.000000000,100052,566,100030,566,100060,100,99988,100,100066,100,99963,200,100081,100,99962,100,100095,200,99954,100,100102,100,99953,100,100103,100,99926,100,100106,100,99925,100,100124,100,99898,100,100190,100,99877,200
2019-06-28 09:35:30.000000000,100052,333,100030,333,100060,333,99988,333,100066,100,99963,200,100081,100,99962,100,100095,200,99954,100,100102,100,99953,100,100103,100,99926,100,100106,100,99925,100,100124,100,99898,100,100190,100,99877,200
2019-06-28 09:35:33.866757954,100052,233,100030,333,100060,333,99988,333,100066,100,99963,200,100081,100,99962,100,100095,200,99954,100,100102,100,99953,100,100103,100,99926,100,100124,100,99925,100,100190,100,99898,100,100419,100,99877,200
2019-06-28 09:35:40.000000000,100060,258,100030,258,100066,254,99988,254,100081,254,99963,354,100095,200,99962,100,100102,100,99954,100,100103,100,99953,100,100124,100,99926,100,100190,100,99925,100,100419,100,99898,100,100536,100,99877,200
2019-06-28 09:35:46.875815651,100060,258,100030,258,100066,254,99988,254,100081,254,99963,354,100095,200,99962,100,100102,100,99954,100,100103,100,99953,100,100190,100,99926,100,100419,100,99925,100,100500,100,99898,100,100536,100,99877,200
2019-06-28 09:35:47.603653802,100060,258,100030,258,100066,254,99988,254,100081,254,99963,354,100095,200,99962,100,100102,100,99954,100,100103,100,99953,100,100190,100,99926,100,100419,100,99925,100,100476,100,99898,100,100536,100,99877,200
2019-06-28 09:35:48.438590845,100060,158,100030,258,100066,254,99988,254,100081,254,99963,354,100095,200,99962,100,100102,100,99954,100,100103,100,99953,100,100190,100,99926,100,100419,100,99925,100,100476,100,99898,100,100536,100,99877,200
2019-06-28 09:35:50.000000000,100066,333,100030,333,100081,333,99988,333,100095,200,99963,200,100102,100,99962,100,100103,100,99954,100,100190,100,99953,100,100419,100,99926,100,100476,100,99925,100,100536,100,99898,100,100544,100,99877,200
2019-06-28 09:35:59.695414619,100066,333,100052,100,100081,333,100030,333,100095,200,99988,333,100102,100,99963,200,100103,100,99962,100,100190,100,99954,100,100419,100,99953,100,100476,100,99926,100,100536,100,99925,100,100544,100,99898,100
2019-06-28 09:36:00.000000000,100066,566,100052,566,100081,100,100030,100,100095,200,99988,100,100102,100,99963,200,100103,100,99962,100,100190,100,99954,100,100419,100,99953,100,100476,100,99926,100,100536,100,99925,100,100544,100,99898,100
2019-06-28 09:36:10.000000000,100066,258,100052,258,100081,254,100030,254,100095,354,99988,254,100102,100,99963,200,100103,100,99962,100,100190,100,99954,100,100419,100,99953,100,100476,100,99926,100,100536,100,99925,100,100544,100,99898,100
2019-06-28 09:36:20.000000000,100066,333,100052,333,100081,333,100030,333,100095,200,99988,100,100102,100,99963,200,100103,100,99962,100,100190,100,99954,100,100419,100,99953,100,100476,100,99926,100,100536,100,99925,100,100544,100,99898,100
2019-06-28 09:36:30.000000000,100066,333,100052,333,100081,333,100030,333,100095,200,99988,100,100102,100,99963,200,100103,100,99962,100,100190,100,99954,100,100419,100,99953,100,100476,100,99926,100,100536,100,99925,100,100544,100,99898,100
2019-06-28 09:36:33.856466796,100066,233,100052,333,100081,333,100030,333,100095,200,99988,100,100102,100,99963,200,100103,100,99962,100,100190,100,99954,100,100419,100,99953,100,100476,100,99926,100,100536,100,99925,100,100544,100,99898,100
2019-06-28 09:36:40.000000000,100081,258,100052,258,100095,354,100030,254,100102,254,99988,254,100103,100,99963,200,100190,100,99962,100,100419,100,99954,100,100476,100,99953,100,100536,100,99926,100,100544,100,99925,100,100677,100,99898,100
2019-06-28 09:36:49.481144119,100081,258,100060,100,100095,354,100052,258,100102,254,100030,254,100103,100,99988,254,100190,100,99963,200,100419,100,99962,100,100476,100,99954,100,100536,100,99953,100,100544,100,99926,100,100677,100,99925,100
2019-06-28 09:36:50.000000000,100081,333,100060,333,100095,433,100052,333,100102,100,100030,100,100103,100,99988,100,100190,100,99963,200,100419,100,99962,100,100476,100,99954,100,100536,100,99953,100,100544,100,99926,100,100677,100,99925,100
2019-06-28 09:36:52.861532188,100081,333,100060,333,100095,433,100052,333,100102,100,100030,100,100103,100,99988,100,100190,100,99963,200,100419,100,99962,100,100476,100,99954,100,100536,100,99953,100,100544,100,99926,100,100677,100,99925,100
2019-06-28 09:37:00.000000000,100081,193,100060,193,100095,293,100052,193,100102,193,100030,193,100103,193,99988,193,100190,193,99963,293,100419,100,99962,100,100476,100,99954,100,100536,100,99953,100,100544,100,99926,100,100677,100,99925,100
2019-06-28 09:37:10.000000000,100081,333,100060,333,100095,433,100052,333,100102,100,100030,100,100103,100,99988,100,100190,100,99963,200,100419,100,99962,100,100476,100,99954,100,100536,100,99953,100,100544,100,99926,100,100677,100,99925,100
2019-06-28 09:37:20.000000000,100081,566,100060,566,100095,200,100052,100,100102,100,100030,100,100103,100,99988,100,100190,100,99963,200,100419,100,99962,100,100476,100,99954,100,100536,100,99953,100,100544,100,99926,100,100677,100,99925,100
2019-06-28 09:37:30.000000000,100081,216,100060,216,100095,316,100052,216,100102,216,100030,216,100103,216,99988,216,100190,100,99963,200,100419,100,99962,100,100476,100,99954,100,100536,100,99953,100,100544,100,99926,100,100677,100,99925,100
2019-06-28 09:37:40.000000000,100081,258,100060,258,100095,354,100052,254,100102,254,100030,254,100103,100,99988,100,100190,100,99963,200,100419,100,99962,100,100476,100,99954,100,100536,100,99953,100,100544,100,99926,100,100677,100,99925,100
2019-06-28 09:37:50.000000000,100081,216,100060,216,100095,316,100052,216,100102,216,100030,216,100103,216,99988,216,100190,100,99963,200,100419,100,99962,100,100476,100,99954,100,100536,100,99953,100,100544,100,99926,100,100677,100,99925,100
2019-06-28 09:37:56.588833243,100081,216,100060,216,100095,316,100052,216,100102,216,100030,116,100103,216,99988,216,100190,100,99963,200,100419,100,99962,100,100476,100,99954,100,100536,100,99953,100,100544,100,99926,100,100677,100,99925,100
2019-06-28 09:38:00.000000000,100081,258,100060,258,100095,354,100052,254,100102,254,99988,254,100103,100,99963,200,100190,100,99962,100,100419,100,99954,100,100476,100,99953,100,100536,100,99926,100,100544,100,99925,100,100677,100,99898,100
2019-06-28 09:38:00.954602621,100081,258,100060,258,100095,254,100052,254,100102,254,99988,254,100103,100,99963,200,100190,100,99962,100,100419,100,99954,100,100476,100,99953,100,100536,100,99926,100,100544,100,99925,100,100677,100,99898,100
2019-06-28 09:38:02.784415251,100081,258,100060,258,100095,254,100052,254,100102,254,99988,254,100103,100,99963,200,100190,100,99962,100,100419,100,99954,100,100476,100,99953,100,100536,100,99926,100,100544,100,99925,100,100677,100,99898,100
2019-06-28 09:38:10.000000000,100081,566,100060,566,100095,100,100052,100,100102,100,99988,100,100103,100,99963,200,100190,100,99962,100,100419,100,99954,100,100476,100,99953,100,100536,100,99926,100,100544,100,99925,100,100677,100,99898,100
2019-06-28 09:38:13.182702031,100081,566,100060,566,100095,100,100052,100,100102,100,99988,100,100103,100,99963,200,100188,100,99962,100,100190,100,99954,100,100419,100,99953,100,100476,100,99926,100,100536,100,99925,100,100544,100,99898,100
2019-06-28 09:38:20.000000000,100081,193,100060,193,100095,193,100052,193,100102,193,99988,193,100103,193,99963,293,100188,193,99962,193,100190,100,99954,100,100419,100,99953,100,100476,100,99926,100,100536,100,99925,100,100544,100,99898,100
2019-06-28 09:38:20.166235348,100081,193,100060,193,100095,193,100052,193,100102,193,99988,193,100103,193,99963,293,100188,193,99962,193,100190,100,99954,100,100419,100,99953,100,100476,100,99926,100,100536,100,99925,100,100544,100,99898,100
2019-06-28 09:38:30.000000000,100081,333,100060,333,100095,333,100052,333,100102,100,99988,100,100103,100,99963,200,100188,100,99962,100,100190,100,99954,100,100419,100,99953,100,100476,100,99926,100,100536,100,99925,100,100544,100,99898,100
2019-06-28 09:38:40.000000000,100081,333,100060,333,100095,333,100052,333,100102,100,99988,100,100103,100,99963,200,100188,100,99962,100,100190,100,99954,100,100419,100,99953,100,100476,100,99926,100,100536,100,99925,100,100544,100,99898,100
2019-06-28 09:38:49.469073394,100081,333,100060,333,100095,333,100052,333,100102,100,99988,100,100103,100,99963,200,100188,100,99962,100,100190,100,99954,100,100419,100,99953,100,100476,100,99926,100,100536,100,99925,100,100544,100,99898,100
2019-06-28 09:38:50.000000000,100081,216,100060,216,100095,216,100052,216,100102,216,99988,216,100103,216,99963,316,100188,100,99962,100,100190,100,99954,100,100419,100,99953,100,100476,100,99926,100,100536,100,99925,100,100544,100,99898,100
2019-06-28 09:38:56.636987872,100081,216,100060,116,100095,216,100052,216,100102,216,99988,216,100103,216,99963,316,100188,100,99962,100,100190,100,99954,100,100419,100,99953,100,100476,100,99926,100,100536,100,99925,100,100544,100,99898,100
2019-06-28 09:39:00.000000000,100081,216,100052,216,100095,216,99988,216,100102,216,99963,316,100103,216,99962,216,100188,100,99954,100,100190,100,99953,100,100419,100,99926,100,100476,100,99925,100,100536,100,99898,100,100544,100,99877,100
2019-06-28 09:39:10.000000000,100081,193,100052,193,100095,193,99988,193,100102,193,99963,293,100103,193,99962,193,100188,193,99954,193,100190,100,99953,100,100419,100,99926,100,100476,100,99925,100,100536,100,99898,100,100544,100,99877,100
2019-06-28 09:39:10.238582218,100065,100,100052,193,100081,193,99988,193,100095,193,99963,293,100102,193,99962,193,100103,193,99954,193,100188,193,99953,100,100190,100,99926,100,100419,100,99925,100,100476,100,99898,100,100536,100,99877,100
2019-06-28 09:39:10.888599569,100065,100,100052,193,100081,193,99988,193,100095,193,99963,293,100102,193,99962,193,100103,193,99954,193,100188,193,99953,100,100190,100,99926,100,100419,100,99925,100,100476,100,99898,100,100536,100,99877,100
2019-06-28 09:39:11.341191691,100081,193,100052,193,100095,193,99988,193,100102,193,99963,293,100103,193,99962,193,100188,193,99954,193,100190,100,99953,100,100419,100,99926,100,100476,100,99925,100,100536,100,99898,100,100544,100,99877,100
2019-06-28 09:39:20.000000000,100081,216,100052,216,100095,216,99988,216,100102,216,99963,316,100103,216,99962,216,100188,100,99954,100,100190,100,99953,100,100419,100,99926,100,100476,100,99925,100,100536,100,99898,100,100544,100,99877,100
2019-06-28 09:39:30.000000000,100081,193,100052,193,100095,193,99988,193,100102,193,99963,293,100103,193,99962,193,100188,193,99954,193,100190,100,99953,100,100419,100,99926,100,100476,100,99925,100,100536,100,99898,100,100544,100,99877,100
2019-06-28 09:39:40.000000000,100081,566,100052,566,100095,100,99988,100,100102,100,99963,200,100103,100,99962,100,100188,100,99954,100,100190,100,99953,100,100419,100,99926,100,100476,100,99925,100,100536,100,99898,100,100544,100,99877,100
2019-06-28 09:39:50.000000000,100081,566,100052,566,100095,100,99988,100,100102,100,99963,200,100103,100,99962,100,100188,100,99954,100,100190,100,99953,100,100419,100,99926,100,100476,100,99925,100,100536,100,99898,100,100544,100,99877,100
2019-06-28 09:39:57.093568498,100065,100,100052,566,100081,566,99988,100,100095,100,99963,200,100102,100,99962,100,100103,100,99954,100,100188,100,99953,100,100190,100,99926,100,100419,100,99925,100,100476,100,99898,100,100536,100,99877,100
2019-06-28 09:40:00.000000000,100065,193,100052,193,100081,193,99988,193,100095,193,99963,293,100102,193,99962,193,100103,193,99954,193,100188,100,99953,100,100190,100,99926,100,100419,100,99925,100,100476,100,99898,100,100536,100,99877,100
2019-06-28 09:40:05.603392206,100065,193,100052,93,100081,193,99988,193,100095,193,99963,293,100102,193,99962,193,100103,193,99954,193,100188,100,99953,100,100190,100,99926,100,100419,100,99925,100,100476,100,99898,100,100536,100,99877,100
2019-06-28 09:40:10.000000000,100065,333,99988,333,100081,333,99963,433,100095,100,99962,100,100102,100,99954,100,100103,100,99953,100,100188,100,99926,100,100190,100,99925,100,100419,100,99898,100,100476,100,99877,100,100536,100,99851,100
2019-06-28 09:40:20.000000000,100065,333,99988,333,100081,333,99963,433,100095,100,99962,100,100102,100,99954,100,100103,100,99953,100,100188,100,99926,100,100190,100,99925,100,100419,100,99898,100,100476,100,99877,100,100536,100,99851,100
2019-06-28 09:40:30.000000000,100065,193,99988,193,100081,193,99963,293,100095,193,99962,193,100102,193,99954,193,100103,193,99953,193,100188,100,99926,100,100190,100,99925,100,100419,100,99898,100,100476,100,99877,100,100536,100,99851,100
2019-06-28 09:40:39.002940869,100065,193,100061,100,100081,193,99988,193,100095,193,99963,293,100102,193,99962,193,100103,193,99954,193,100188,100,99953,193,100190,100,99926,100,100419,100,99925,100,100476,100,99898,100,100536,100,99877,100
2019-06-28 09:40:40.000000000,100065,216,100061,216,100081,216,99988,216,100095,216,99963,316,100102,216,99962,216,100103,100,99954,100,100188,100,99953,100,100190,100,99926,100,100419,100,99925,100,100476,100,99898,100,100536,100,99877,100
2019-06-28 09:40:42.164654863,100065,216,100061,216,100081,216,99988,216,100095,216,99963,316,100102,216,99962,216,100103,100,99954,100,100188,100,99953,100,100190,100,99925,100,100311,100,99898,100,100419,100,99877,100,100476,100,99851,100
2019-06-28 09:40:43.145490554,100065,116,100061,216,100081,216,99988,216,100095,216,99963,316,100102,216,99962,216,100103,100,99954,100,100188,100,99953,100,100190,100,99925,100,100311,100,99898,100,100419,100,99877,100,100476,100,99851,100
2019-06-28 09:40:50.000000000,100081,193,100061,193,100095,193,99988,193,100102,193,99963,293,100103,193,99962,193,100188,193,99954,193,100190,100,99953,100,100311,100,99925,100,100419,100,99898,100,100476,100,99877,100,100536,100,99851,100
2019-06-28 09:41:00.000000000,100081,193,100061,193,100095,193,99988,193,100102,193,99963,293,100103,193,99962,193,100188,193,99954,193,100190,100,99953,100,100311,100,99925,100,100419,100,99898,100,100476,100,99877,100,100536,100,99851,100
2019-06-28 09:41:10.000000000,100081,258,100061,258,100095,254,99988,254,100102,254,99963,354,100103,100,99962,100,100188,100,99954,100,100190,100,99953,100,100311,100,99925,100,100419,100,99898,100,100476,100,99877,100,100536,100,99851,100
2019-06-28 09:41:20.000000000,100081,333,100061,333,100095,333,99988,333,100102,100,99963,200,100103,100,99962,100,100188,100,99954,100,100190,100,99953,100,100311,100,99925,100,100419,100,99898,100,100476,100,99877,100,100536,100,99851,100
2019-06-28 09:41:20.235274283,100081,333,100061,233,100095,333,99988,333,100102,100,99963,200,100103,100,99962,100,100188,100,99954,100,100190,100,99953,100,100311,100,99925,100,100419,100,99898,100,100476,100,99877,100,100536,100,99851,100
2019-06-28 09:41:26.320267621,100081,233,100061,233,100095,333,99988,333,100102,100,99963,200,100103,100,99962,100,100188,100,99954,100,100190,100,99953,100,100311,100,99925,100,100419,100,99898,100,100476,100,99877,100,100536,100,99851,100
2019-06-28 09:41:27.473222606,100081,133,100061,233,100095,333,99988,333,100102,100,99963,200,100103,100,99962,100,100188,100,99954,100,100190,100,99953,100,100311,100,99925,100,100419,100,99898,100,100476,100,99877,100,100536,100,99851,100
2019-06-28 09:41:30.000000000,100095,193,99988,193,100102,193,99963,293,100103,193,99962,193,100188,193,99954,193,100190,193,99953,193,100311,100,99925,100,100419,100,99898,100,100476,100,99877,100,100536,100,99851,100,100544,100,99827,100
2019-06-28 09:41:40.000000000,100095,566,99988,566,100102,100,99963,200,100103,100,99962,100,100188,100,99954,100,100190,100,99953,100,100311,100,99925,100,100419,100,99898,100,100476,100,99877,100,100536,100,99851,100,100544,100,99827,100
2019-06-28 09:41:50.000000000,100095,566,99988,566,100102,100,99963,200,100103,100,99962,100,100188,100,99954,100,100190,100,99953,100,100311,100,99925,100,100419,100,99898,100,100476,100,99877,100,100536,100,99851,100,100544,100,99827,100
2019-06-28 09:42:00.000000000,100095,566,99988,566,100102,100,99963,200,100103,100,99962,100,100188,100,99954,100,100190,100,99953,100,100311,100,99925,100,100419,100,99898,100,100476,100,99877,100,100536,100,99851,100,100544,100,99827,100
2019-06-28 09:42:10.000000000,100095,566,99988,566,100102,100,99963,200,100103,100,99962,100,100188,100,99954,100,100190,100,99953,100,100311,100,99925,100,100419,100,99898,100,100476,100,99877,100,100536,100,99851,100,100544,100,99827,100
2019-06-28 09:42:15.090243249,100095,566,99988,566,100102,100,99963,200,100103,100,99962,100,100188,100,99954,100,100190,100,99953,100,100311,100,99925,100,100419,100,99898,100,100476,100,99877,100,100536,100,99851,100,100544,100,99827,100
2019-06-28 09:42:20.000000000,100095,193,99988,193,100102,193,99963,293,100103,193,99962,193,100188,193,99954,193,100190,193,99953,193,100311,100,99925,100,100419,100,99898,100,100476,100,99877,100,100536,100,99851,100,100544,100,99827,100
2019-06-28 09:42:28.751475333,100095,193,99988,93,100102,193,99963,293,100103,193,99962,193,100188,193,99954,193,100190,193,99953,193,100419,100,99925,100,100476,100,99898,100,100536,100,99877,100,100544,100,99851,100,,,99827,100
2019-06-28 09:42:30.000000000,100095,333,99963,433,100102,333,99962,333,100103,100,99954,100,100188,100,99953,100,100190,100,99925,100,100419,100,99898,100,100476,100,99877,100,100536,100,99851,100,100544,100,99827,100,,,99784,100
2019-06-28 09:42:32.705655057,100095,333,99963,433,100102,333,99962,333,100103,100,99954,100,100188,100,99953,100,100190,100,99898,100,100419,100,99877,100,100476,100,99851,100,100536,100,99827,100,100544,100,99784,100,,,99771,100
2019-06-28 09:42:40.000000000,100095,193,99963,293,100102,193,99962,193,100103,193,99954,193,100188,193,99953,193,100190,193,99898,193,100419,100,99877,100,100476,100,99851,100,100536,100,99827,100,100544,100,99784,100,,,99771,100
2019-06-28 09:42:41.561314192,100081,100,99963,293,100095,193,99962,193,100102,193,99954,193,100103,193,99953,193,100188,193,99898,193,100190,193,99877,100,100419,100,99851,100,100476,100,99827,100,100536,100,99784,100,100544,100,99771,100
2019-06-28 09:42:50.000000000,100081,216,99963,316,100095,216,99962,216,100102,216,99954,216,100103,216,99953,216,100188,100,99898,100,100190,100,99877,100,100419,100,99851,100,100476,100,99827,100,100536,100,99784,100,100544,100,99771,100
2019-06-28 09:42:54.173843502,100081,216,99963,216,100095,216,99962,216,100102,216,99954,216,100103,216,99953,216,100188,100,99898,100,100190,100,99877,100,100419,100,99851,100,100476,100,99827,100,100536,100,99784,100,100544,100,99771,100
2019-06-28 09:43:00.000000000,100081,216,99963,216,100095,216,99962,216,100102,216,99954,216,100103,216,99953,216,100188,100,99898,100,100190,100,99877,100,100419,100,99851,100,100476,100,99827,100,100536,100,99784,100,100544,100,99771,100
2019-06-28 09:43:10.000000000,100081,566,99963,566,100095,100,99962,100,100102,100,99954,100,100103,100,99953,100,100188,100,99898,100,100190,100,99877,100,100419,100,99851,100,100476,100,99827,100,100536,100,99784,100,100544,100,99771,100
2019-06-28 09:43:12.583155897,100081,566,99963,566,100095,100,99962,100,100102,100,99954,100,100103,100,99953,100,100188,100,99898,100,100190,100,99877,100,100419,100,99851,100,100476,100,99827,100,100536,100,99784,100,100544,100,99771,100
2019-06-28 09:43:15.220311600,100081,566,99963,566,100095,100,99962,100,100102,100,99954,100,100103,100,99953,100,100188,100,99898,100,100190,100,99877,100,100419,100,99851,100,100476,100,99827,100,100536,100,99784,100,100544,100,99771,100
2019-06-28 09:43:20.000000000,100081,566,99963,566,100095,100,99962,100,100102,100,99954,100,100103,100,99953,100,100188,100,99898,100,100190,100,99877,100,100419,100,99851,100,100476,100,99827,100,100536,100,99784,100,100544,100,99771,100
2019-06-28 09:43:30.000000000,100081,193,99963,193,100095,193,99962,193,100102,193,99954,193,100103,193,99953,193,100188,193,99898,193,100190,100,99877,100,100419,100,99851,100,100476,100,99827,100,100536,100,99784,100,100544,100,99771,100
2019-06-28 09:43:40.000000000,100081,566,99963,566,100095,100,99962,100,100102,100,99954,100,100103,100,99953,100,100188,100,99898,100,100190,100,99877,100,100419,100,99851,100,100476,100,99827,100,100536,100,99784,100,100544,100,99771,100
2019-06-28 09:43:43.270082004,100081,566,99963,466,100095,100,99962,100,100102,100,99954,100,100103,100,99953,100,100188,100,99898,100,100190,100,99877,100,100419,100,99851,100,100476,100,99827,100,100536,100,99784,100,100544,100,99771,100
2019-06-28 09:43:50.000000000,100081,333,99962,333,100095,333,99954,333,100102,100,99953,100,100103,100,99898,100,100188,100,99877,100,100190,100,99851,100,100419,100,99827,100,100476,100,99784,100,100536,100,99771,100,100544,100,99766,100
2019-06-28 09:43:54.182926900,99963,100,99962,333,100081,333,99954,333,100095,333,99953,100,100102,100,99898,100,100103,100,99877,100,100188,100,99851,100,100190,100,99827,100,100419,100,99784,100,100476,100,99771,100,100536,100,99766,100
2019-06-28 09:44:00.000000000,99963,333,99962,333,100081,333,99954,333,100095,100,99953,100,100102,100,99898,100,100103,100,99877,100,100188,100,99851,100,100190,100,99827,100,100419,100,99784,100,100476,100,99771,100,100536,100,99766,100
2019-06-28 09:44:10.000000000,99963,216,99962,216,100081,216,99954,216,100095,216,99953,216,100102,216,99898,216,100103,100,99877,100,100188,100,99851,100,100190,100,99827,100,100419,100,99784,100,100476,100,99771,100,100536,100,99766,100
2019-06-28 09:44:20.000000000,99963,566,99962,566,100081,100,99954,100,100095,100,99953,100,100102,100,99898,100,100103,100,99877,100,100188,100,99851,100,100190,100,99827,100,100419,100,99784,100,100476,100,99771,100,100536,100,99766,100
2019-06-28 09:44:30.000000000,99963,193,99962,193,100081,193,99954,193,100095,193,99953,193,100102,193,99898,193,100103,193,99877,193,100188,100,99851,100,100190,100,99827,100,100419,100,99784,100,100476,100,99771,100,100536,100,99766,100
2019-06-28 09:44:30.494375214,99963,193,99962,193,100081,193,99954,193,100095,193,99953,193,100102,193,99898,193,100103,193,99877,193,100188,100,99851,100,100190,100,99827,100,100419,100,99784,100,100476,100,99781,100,100536,100,99771,100
2019-06-28 09:44:40.000000000,99963,193,99962,193,100081,193,99954,193,100095,193,99953,193,100102,193,99898,193,100103,193,99877,193,100188,100,99851,100,100190,100,99827,100,100419,100,99784,100,100476,100,99781,100,100536,100,99771,100
2019-06-28 09:44:43.094819394,99963,93,99962,93,100081,193,99954,193,100095,193,99953,193,100102,193,99898,193,100103,193,99877,193,100188,100,99851,100,100190,100,99827,100,100419,100,99784,100,100476,100,99781,100,100536,100,99771,100
2019-06-28 09:44:50.000000000,100081,333,99954,333,100095,333,99953,333,100102,100,99898,100,100103,100,99877,100,100188,100,99851,100,100190,100,99827,100,100419,100,99784,100,100476,100,99781,100,100536,100,99771,100,100544,100,99766,100
2019-06-28 09:45:00.000000000,100081,193,99954,193,100095,193,99953,193,100102,193,99898,193,100103,193,99877,193,100188,193,99851,193,100190,100,99827,100,100419,100,99784,100,100476,100,99781,100,100536,100,99771,100,100544,100,99766,100
2019-06-28 09:45:10.000000000,100081,566,99954,566,100095,100,99953,100,100102,100,99898,100,100103,100,99877,100,100188,100,99851,100,100190,100,99827,100,100419,100,99784,100,100476,100,99781,100,100536,100,99771,100,100544,100,99766,100
2019-06-28 09:45:19.555790070,100081,566,99954,466,100095,100,99953,100,100102,100,99898,100,100103,100,99877,100,100188,100,99851,100,100190,100,99827,100,100419,100,99784,100,100476,100,99781,100,100536,100,99771,100,100544,100,99766,100
2019-06-28 09:45:20.000000000,100081,216,99953,216,100095,216,99898,216,100102,216,99877,216,100103,216,99851,216,100188,100,99827,100,100190,100,99784,100,100419,100,99781,100,100476,100,99771,100,100536,100,99766,100,100544,100,99751,100
2019-06-28 09:45:30.000000000,100081,258,99953,258,100095,254,99898,254,100102,254,99877,254,100103,100,99851,100,100188,100,99827,100,100190,100,99784,100,100419,100,99781,100,100476,100,99771,100,100536,100,99766,100,100544,100,99751,100
2019-06-28 09:45:30.632018420,100081,258,99953,158,100095,254,99898,254,100102,254,99877,254,100103,100,99851,100,100188,100,99827,100,100190,100,99784,100,100419,100,99781,100,100476,100,99771,100,100536,100,99766,100,100544,100,99751,100
2019-06-28 09:45:40.000000000,100081,566,99898,566,100095,100,99877,100,100102,100,99851,100,100103,100,99827,100,100188,100,99784,100,100190,100,99781,100,100419,100,99771,100,100476,100,99766,100,100536,100,99751,100,100544,100,99743,100
2019-06-28 09:45:50.000000000,100081,258,99898,258,100095,254,99877,254,100102,254,99851,254,100103,100,99827,100,100188,100,99784,100,100190,100,99781,100,100419,100,99771,100,100476,100,99766,100,100536,100,99751,100,100544,100,99743,100
2019-06-28 09:45:53.945863478,100081,258,99898,258,100095,254,99877,254,100102,254,99851,254,100103,100,99827,100,100188,100,99784,100,100190,100,99781,100,100419,100,99771,100,100476,100,99766,100,100536,100,99751,100,100544,100,99743,100
2019-06-28 09:46:00.000000000,100081,193,99898,193,100095,193,99877,193,100102,193,99851,193,100103,193,99827,193,100188,193,99784,193,100190,100,99781,100,100419,100,99771,100,100476,100,99766,100,100536,100,99751,100,100544,100,99743,100
2019-06-28 09:46:10.000000000,100081,566,99898,566,100095,100,99877,100,100102,100,99851,100,100103,100,99827,100,100188,100,99784,100,100190,100,99781,100,100419,100,99771,100,100476,100,99766,100,100536,100,99751,100,100544,100,99743,100
2019-06-28 09:46:20.000000000,100081,258,99898,258,100095,254,99877,254,100102,254,99851,254,100103,100,99827,100,100188,100,99784,100,100190,100,99781,100,100419,100,99771,100,100476,100,99766,100,100536,100,99751,100,100544,100,99743,100
2019-06-28 09:46:30.000000000,100081,566,99898,566,100095,100,99877,100,100102,100,99851,100,100103,100,99827,100,100188,100,99784,100,100190,100,99781,100,100419,100,99771,100,100476,100,99766,100,100536,100,99751,100,100544,100,99743,100
2019-06-28 09:46:32.253588113,100081,566,99898,466,100095,100,99877,100,100102,100,99851,100,100103,100,99827,100,100188,100,99784,100,100190,100,99781,100,100419,100,99771,100,100476,100,99766,100,100536,100,99751,100,100544,100,99743,100
2019-06-28 09:46:37.405896044,99953,100,99898,466,100081,566,99877,100,100095,100,99851,100,100102,100,99827,100,100103,100,99784,100,100188,100,99781,100,100190,100,99771,100,100419,100,99766,100,100476,100,99751,100,100536,100,99743,100
2019-06-28 09:46:40.000000000,99953,333,99877,333,100081,333,99851,333,100095,100,99827,100,100102,100,99784,100,100103,100,99781,100,100188,100,99771,100,100190,100,99766,100,100419,100,99751,100,100476,100,99743,100,100536,100,99735,100
2019-06-28 09:46:50.000000000,99953,193,99877,193,100081,193,99851,193,100095,193,99827,193,100102,193,99784,193,100103,193,99781,193,100188,100,99771,100,100190,100,99766,100,100419,100,99751,100,100476,100,99743,100,100536,100,99735,100
2019-06-28 09:47:00.000000000,99953,566,99877,566,100081,100,99851,100,100095,100,99827,100,100102,100,99784,100,100103,100,99781,100,100188,100,99771,100,100190,100,99766,100,100419,100,99751,100,100476,100,99743,100,100536,100,99735,100
2019-06-28 09:47:10.000000000,99953,193,99877,193,100081,193,99851,193,100095,193,99827,193,100102,193,99784,193,100103,193,99781,193,100188,100,99771,100,100190,100,99766,100,100419,100,99751,100,100476,100,99743,100,100536,100,99735,100
2019-06-28 09:47:18.707931339,99953,193,99877,93,100081,193,99851,193,100095,193,99827,193,100102,193,99784,193,100103,193,99781,193,100188,100,99771,100,100190,100,99766,100,100419,100,99751,100,100476,100,99743,100,100536,100,99735,100
2019-06-28 09:47:20.000000000,99953,193,99851,193,100081,193,99827,193,100095,193,99784,193,100102,193,99781,193,100103,193,99771,193,100188,100,99766,100,100190,100,99751,100,100419,100,99743,100,100476,100,99735,100,100536,100,99718,100
2019-06-28 09:47:26.385498375,99953,193,99851,93,100081,193,99827,193,100095,193,99784,193,100102,193,99781,193,100103,193,99771,193,100188,100,99766,100,100190,100,99751,100,100419,100,99743,100,100476,100,99735,100,100536,100,99718,100
2019-06-28 09:47:30.000000000,99953,566,99827,566,100081,100,99784,100,100095,100,99781,100,100102,100,99771,100,100103,100,99766,100,100188,100,99751,100,100190,100,99743,100,100419,100,99735,100,100476,100,99718,100,100536,100,99593,100
2019-06-28 09:47:33.244823902,99877,100,99827,566,99953,466,99784,100,100081,100,99781,100,100095,100,99771,100,100102,100,99766,100,100103,100,99751,100,100188,100,99743,100,100190,100,99735,100,100419,100,99718,100,100476,100,99593,100
2019-06-28 09:47:40.000000000,99877,193,99827,193,100081,193,99784,193,100095,193,99781,193,100102,193,99771,193,100103,193,99766,193,100188,100,99751,100,100190,100,99743,100,100419,100,99735,100,100476,100,99718,100,100536,100,99593,100
2019-06-28 09:47:44.584157062,99877,193,99827,193,100081,193,99784,193,100095,193,99781,193,100102,193,99771,193,100103,193,99766,193,100188,100,99751,100,100190,100,99743,100,100419,100,99735,100,100476,100,99718,100,100536,100,99508,100
2019-06-28 09:47:50.000000000,99877,258,99827,258,100081,254,99784,254,100095,254,99781,254,100102,100,99771,100,100103,100,99766,100,100188,100,99751,100,100190,100,99743,100,100419,100,99735,100,100476,100,99718,100,100536,100,99508,100
2019-06-28 09:48:00.000000000,99877,566,99827,566,100081,100,99784,100,100095,100,99781,100,100102,100,99771,100,100103,100,99766,100,100188,100,99751,100,100190,100,99743,100,100419,100,99735,100,100476,100,99718,100,100536,100,99508,100
2019-06-28 09:48:10.000000000,99877,216,99827,216,100081,216,99784,216,100095,216,99781,216,100102,216,99771,216,100103,100,99766,100,100188,100,99751,100,100190,100,99743,100,100419,100,99735,100,100476,100,99718,100,100536,100,99508,100
2019-06-28 09:48:19.684267020,99877,116,99827,216,100081,216,99784,216,100095,216,99781,216,100102,216,99771,216,100103,100,99766,100,100188,100,99751,100,100190,100,99743,100,100419,100,99735,100,100476,100,99718,100,100536,100,99508,100
2019-06-28 09:48:20.000000000,100081,216,99827,216,100095,216,99784,216,100102,216,99781,216,100103,216,99771,216,100188,100,99766,100,100190,100,99751,100,100419,100,99743,100,100476,100,99735,100,100536,100,99718,100,100544,100,99508,100
2019-06-28 09:48:30.000000000,100081,216,99827,216,100095,216,99784,216,100102,216,99781,216,100103,216,99771,216,100188,100,99766,100,100190,100,99751,100,100419,100,99743,100,100476,100,99735,100,100536,100,99718,100,100544,100,99508,100
2019-06-28 09:48:40.000000000,100081,333,99827,333,100095,333,99784,333,100102,100,99781,100,100103,100,99771,100,100188,100,99766,100,100190,100,99751,100,100419,100,99743,100,100476,100,99735,100,100536,100,99718,100,100544,100,99508,100
2019-06-28 09:48:50.000000000,100081,258,99827,258,100095,254,99784,254,100102,254,99781,254,100103,100,99771,100,100188,100,99766,100,100190,100,99751,100,100419,100,99743,100,100476,100,99735,100,100536,100,99718,100,100544,100,99508,100
2019-06-28 09:48:59.260837604,100081,258,99852,100,100095,254,99827,258,100102,254,99784,254,100103,100,99781,254,100188,100,99771,100,100190,100,99766,100,100419,100,99751,100,100476,100,99743,100,100536,100,99735,100,100544,100,99718,100
2019-06-28 09:49:00.000000000,100081,566,99852,566,100095,100,99827,100,100102,100,99784,100,100103,100,99781,100,100188,100,99771,100,100190,100,99766,100,100419,100,99751,100,100476,100,99743,100,100536,100,99735,100,100544,100,99718,100
2019-06-28 09:49:10.000000000,100081,216,99852,216,100095,216,99827,216,100102,216,99784,216,100103,216,99781,216,100188,100,99771,100,100190,100,99766,100,100419,100,99751,100,100476,100,99743,100,100536,100,99735,100,100544,100,99718,100
2019-06-28 09:49:12.539458057,100081,216,99852,116,100095,216,99827,216,100102,216,99784,216,100103,116,99781,216,100188,100,99771,100,100190,100,99766,100,100419,100,99751,100,100476,100,99743,100,100536,100,99735,100,100544,100,99718,100
2019-06-28 09:49:16.294403696,100081,216,99852,16,100095,216,99827,216,100102,216,99784,216,100103,116,99781,216,100188,100,99771,100,100190,100,99766,100,100419,100,99751,100,100476,100,99743,100,100536,100,99735,100,100544,100,99718,100
2019-06-28 09:49:17.990796378,99852,84,99827,216,100081,216,99784,216,100095,216,99781,216,100102,216,99771,100,100103,116,99766,100,100188,100,99751,100,100190,100,99743,100,100419,100,99735,100,100476,100,99718,100,100536,100,99508,100
2019-06-28 09:49:20.000000000,99852,550,99827,566,100081,100,99784,100,100095,100,99781,100,100102,100,99771,100,100188,100,99766,100,100190,100,99751,100,100419,100,99743,100,100476,100,99735,100,100536,100,99718,100,100544,100,99508,100
2019-06-28 09:49:30.000000000,99852,317,99827,333,100081,333,99784,333,100095,100,99781,100,100102,100,99771,100,100188,100,99766,100,100190,100,99751,100,100419,100,99743,100,100476,100,99735,100,100536,100,99718,100,100544,100,99508,100
2019-06-28 09:49:31.442287897,99852,317,99827,233,100081,333,99784,333,100095,100,99781,100,100102,100,99771,100,100188,100,99766,100,100190,100,99751,100,100476,100,99743,100,100536,100,99735,100,100544,100,99718,100,,,99508,100
2019-06-28 09:49:40.000000000,99852,550,99784,566,100081,100,99781,100,100095,100,99771,100,100102,100,99766,100,100188,100,99751,100,100190,100,99743,100,100476,100,99735,100,100536,100,99718,100,100544,100,99508,100,,,99441,100
2019-06-28 09:49:40.925634118,99852,550,99784,466,100081,100,99781,100,100095,100,99771,100,100102,100,99766,100,100188,100,99751,100,100190,100,99743,100,100536,100,99735,100,100544,100,99718,100,,,99508,100,,,99441,100
2019-06-28 09:49:50.000000000,99852,200,99781,216,100081,216,99771,216,100095,216,99766,216,100102,216,99751,216,100188,100,99743,100,100190,100,99735,100,100536,100,99718,100,100544,100,99508,100,,,99441,100,,,99312,100
2019-06-28 09:49:52.160113946,99852,100,99781,216,100081,216,99771,216,100095,216,99766,216,100102,216,99751,216,100188,100,99743,100,100190,100,99735,100,100536,100,99718,100,100544,100,99508,100,,,99441,100,,,99312,100
2019-06-28 09:49:53.182832406,99852,100,99781,216,100081,216,99771,216,100095,216,99766,216,100102,216,99751,216,100188,100,99735,100,100190,100,99718,100,100536,100,99547,100,100544,100,99508,100,,,99441,100,,,99312,100
2019-06-28 09:49:54.052358307,100081,216,99781,216,100095,216,99771,216,100102,216,99766,216,100188,100,99751,216,100190,100,99735,100,100536,100,99718,100,100544,100,99547,100,,,99508,100,,,99441,100,,,99312,100
2019-06-28 09:50:00.000000000,100081,566,99781,566,100095,100,99771,100,100102,100,99766,100,100188,100,99751,100,100190,100,99735,100,100536,100,99718,100,100544,100,99547,100,,,99508,100,,,99441,100,,,99312,100
2019-06-28 09:50:10.000000000,100081,193,99781,193,100095,193,99771,193,100102,193,99766,193,100188,193,99751,193,100190,193,99735,193,100536,100,99718,100,100544,100,99547,100,,,99508,100,,,99441,100,,,99312,100
2019-06-28 09:50:20.000000000,100081,333,99781,333,100095,333,99771,333,100102,100,99766,100,100188,100,99751,100,100190,100,99735,100,100536,100,99718,100,100544,100,99547,100,,,99508,100,,,99441,100,,,99312,100
2019-06-28 09:50:22.803800414,100081,333,99781,333,100095,333,99771,333,100102,100,99766,100,100188,100,99751,100,100190,100,99735,100,100532,100,99718,100,100536,100,99547,100,100544,100,99508,100,,,99441,100,,,99312,100
2019-06-28 09:50:30.000000000,100081,216,99781,216,100095,216,99771,216,100102,216,99766,216,100188,216,99751,216,100190,100,99735,100,100532,100,99718,100,100536,100,99547,100,100544,100,99508,100,,,99441,100,,,99312,100
2019-06-28 09:50:33.993477699,99852,100,99781,216,100081,216,99771,216,100095,216,99766,216,100102,216,99751,216,100188,216,99735,100,100190,100,99718,100,100532,100,99547,100,100536,100,99508,100,100544,100,99441,100,,,99312,100
2019-06-28 09:50:40.000000000,99852,333,99781,333,100081,333,99771,333,100095,100,99766,100,100102,100,99751,100,100188,100,99735,100,100190,100,99718,100,100532,100,99547,100,100536,100,99508,100,100544,100,99441,100,,,99312,100
2019-06-28 09:50:50.000000000,99852,216,99781,216,100081,216,99771,216,100095,216,99766,216,100102,216,99751,216,100188,100,99735,100,100190,100,99718,100,100532,100,99547,100,100536,100,99508,100,100544,100,99441,100,,,99312,100
2019-06-28 09:51:00.000000000,99852,193,99781,193,100081,193,99771,193,100095,193,99766,193,100102,193,99751,193,100188,193,99735,193,100190,100,99718,100,100532,100,99547,100,100536,100,99508,100,100544,100,99441,100,,,99312,100
2019-06-28 09:51:04.054734214,99852,193,99781,93,100081,193,99771,193,100095,193,99766,193,100102,193,99751,193,100188,193,99735,193,100190,100,99718,100,100536,100,99547,100,100544,100,99508,100,,,99441,100,,,99312,100
2019-06-28 09:51:10.000000000,99852,216,99771,216,100081,216,99766,216,100095,216,99751,216,100102,216,99735,216,100188,100,99718,100,100190,100,99547,100,100536,100,99508,100,100544,100,99441,100,,,99312,100,,,,
2019-06-28 09:51:20.000000000,99852,333,99771,333,100081,333,99766,333,100095,100,99751,100,100102,100,99735,100,100188,100,99718,100,100190,100,99547,100,100536,100,99508,100,100544,100,99441,100,,,99312,100,,,,
2019-06-28 09:51:30.000000000,99852,333,99771,333,100081,333,99766,333,100095,100,99751,100,100102,100,99735,100,100188,100,99718,100,100190,100,99547,100,100536,100,99508,100,100544,100,99441,100,,,99312,100,,,,
2019-06-28 09:51:33.546241851,99852,233,99771,333,100081,333,99766,333,100095,100,99751,100,100102,100,99735,100,100188,100,99718,100,100190,100,99547,100,100536,100,99508,100,100544,100,99441,100,,,99312,100,,,,
2019-06-28 09:51:40.000000000,100081,258,99771,258,100095,254,99766,254,100102,254,99751,254,100188,100,99735,100,100190,100,99718,100,100536,100,99547,100,100544,100,99508,100,,,99441,100,,,99312,100,,,,
2019-06-28 09:51:42.184003144,100081,258,99771,258,100095,254,99766,254,100102,254,99751,254,100188,100,99735,100,100190,100,99718,100,100491,100,99547,100,100536,100,99441,100,100544,100,99312,100,,,,,,,,
2019-06-28 09:51:50.000000000,100081,333,99771,333,100095,333,99766,333,100102,100,99751,100,100188,100,99735,100,100190,100,99718,100,100491,100,99547,100,100536,100,99441,100,100544,100,99312,100,,,,,,,,
2019-06-28 09:52:00.000000000,100081,216,99771,216,100095,216,99766,216,100102,216,99751,216,100188,216,99735,216,100190,100,99718,100,100491,100,99547,100,100536,100,99441,100,100544,100,99312,100,,,,,,,,
2019-06-28 09:52:10.000000000,100081,333,99771,333,100095,333,99766,333,100102,100,99751,100,100188,100,99735,100,100190,100,99718,100,100491,100,99547,100,100536,100,99441,100,100544,100,99312,100,,,,,,,,
2019-06-28 09:52:11.578933646,100081,233,99771,333,100095,333,99766,333,100102,100,99751,100,100188,100,99735,100,100190,100,99718,100,100491,100,99547,100,100536,100,99441,100,100544,100,99312,100,,,,,,,,
2019-06-28 09:52:20.000000000,100095,566,99771,566,100102,100,99766,100,100188,100,99751,100,100190,100,99735,100,100491,100,99718,100,100536,100,99547,100,100544,100,99441,100,,,99312,100,,,,,,,,
2019-06-28 09:52:30.000000000,100095,258,99771,258,100102,254,99766,254,100188,254,99751,254,100190,100,99735,100,100491,100,99718,100,100536,100,99547,100,100544,100,99441,100,,,99312,100,,,,,,,,
2019-06-28 09:52:40.000000000,100095,333,99771,333,100102,333,99766,333,100188,100,99751,100,100190,100,99735,100,100491,100,99718,100,100536,100,99547,100,100544,100,99441,100,,,99312,100,,,,,,,,
2019-06-28 09:52:49.127324612,100095,333,100016,100,100102,333,99771,333,100188,100,99766,333,100190,100,99751,100,100491,100,99735,100,100536,100,99718,100,100544,100,99547,100,,,99441,100,,,99312,100,,,,
2019-06-28 09:52:50.000000000,100095,258,100016,258,100102,254,99771,254,100188,254,99766,254,100190,100,99751,100,100491,100,99735,100,100536,100,99718,100,100544,100,99547,100,,,99441,100,,,99312,100,,,,
2019-06-28 09:53:00.000000000,100095,216,100016,216,100102,216,99771,216,100188,216,99766,216,100190,216,99751,216,100491,100,99735,100,100536,100,99718,100,100544,100,99547,100,,,99441,100,,,99312,100,,,,
2019-06-28 09:53:10.000000000,100095,216,100016,216,100102,216,99771,216,100188,216,99766,216,100190,216,99751,216,100491,100,99735,100,100536,100,99718,100,100544,100,99547,100,,,99441,100,,,99312,100,,,,
2019-06-28 09:53:20.000000000,100095,333,100016,333,100102,333,99771,333,100188,100,99766,100,100190,100,99751,100,100491,100,99735,100,100536,100,99718,100,100544,100,99547,100,,,99441,100,,,99312,100,,,,
2019-06-28 09:53:29.638868648,100095,233,100016,333,100102,333,99771,333,100188,100,99766,100,100190,100,99751,100,100491,100,99735,100,100544,100,99718,100,,,99547,100,,,99441,100,,,99312,100,,,,
2019-06-28 09:53:30.000000000,100102,258,100016,258,100188,254,99771,254,100190,254,99766,254,100491,100,99751,100,100544,100,99735,100,,,99718,100,,,99547,100,,,99441,100,,,99312,100,,,,
2019-06-28 09:53:40.000000000,100102,333,100016,333,100188,333,99771,333,100190,100,99766,100,100491,100,99751,100,100544,100,99735,100,,,99718,100,,,99547,100,,,99441,100,,,99312,100,,,,
2019-06-28 09:53:40.404194465,100102,333,100016,333,100164,100,99771,333,100188,333,99766,100,100190,100,99751,100,100491,100,99735,100,100544,100,99718,100,,,99547,100,,,99441,100,,,99312,100,,,,
2019-06-28 09:53:50.000000000,100102,193,100016,193,100164,193,99771,193,100188,193,99766,193,100190,193,99751,193,100491,193,99735,193,100544,100,99718,100,,,99547,100,,,99441,100,,,99312,100,,,,
2019-06-28 09:54:00.000000000,100102,333,100016,333,100164,333,99771,333,100188,100,99766,100,100190,100,99751,100,100491,100,99735,100,100544,100,99718,100,,,99547,100,,,99441,100,,,99312,100,,,,
2019-06-28 09:54:10.000000000,100102,216,100016,216,100164,216,99771,216,100188,216,99766,216,100190,216,99751,216,100491,100,99735,100,100544,100,99718,100,,,99547,100,,,99441,100,,,99312,100,,,,
2019-06-28 09:54:20.000000000,100102,258,100016,258,100164,254,99771,254,100188,254,99766,254,100190,100,99751,100,100491,100,99735,100,100544,100,99718,100,,,99547,100,,,99441,100,,,99312,100,,,,
2019-06-28 09:54:30.000000000,100102,193,100016,193,100164,193,99771,193,100188,193,99766,193,100190,193,99751,193,100491,193,99735,193,100544,100,99718,100,,,99547,100,,,99441,100,,,99312,100,,,,
2019-06-28 09:54:40.000000000,100102,566,100016,566,100164,100,99771,100,100188,100,99766,100,100190,100,99751,100,100491,100,99735,100,100544,100,99718,100,,,99547,100,,,99441,100,,,99312,100,,,,
2019-06-28 09:54:50.000000000,100102,566,100016,566,100164,100,99771,100,100188,100,99766,100,100190,100,99751,100,100491,100,99735,100,100544,100,99718,100,,,99547,100,,,99441,100,,,99312,100,,,,
2019-06-28 09:54:55.451804135,100102,566,100016,466,100164,100,99771,100,100188,100,99766,100,100190,100,99751,100,100491,100,99735,100,100544,100,99718,100,,,99547,100,,,99441,100,,,99312,100,,,,
2019-06-28 09:54:59.176394133,100102,566,100016,366,100164,100,99771,100,100188,100,99766,100,100190,100,99751,100,100491,100,99735,100,100544,100,99718,100,,,99547,100,,,99441,100,,,99312,100,,,,
2019-06-28 09:55:00.000000000,100102,333,99771,333,100164,333,99766,333,100188,100,99751,100,100190,100,99735,100,100491,100,99718,100,100544,100,99547,100,,,99441,100,,,99312,100,,,,,,,,
2019-06-28 09:55:00.187485147,100102,333,99771,233,100164,333,99766,333,100188,100,99751,100,100190,100,99735,100,100491,100,99718,100,100544,100,99547,100,,,99441,100,,,99312,100,,,,,,,,
2019-06-28 09:55:00.423245277,100102,333,99771,133,100164,333,99766,333,100188,100,99751,100,100190,100,99735,100,100491,100,99718,100,100544,100,99547,100,,,99441,100,,,,,,,,,,,,
2019-06-28 09:55:10.000000000,100102,216,99766,216,100164,216,99751,216,100188,216,99735,216,100190,216,99718,216,100491,100,99547,100,100544,100,99441,100,,,,,,,,,,,,,,,,
2019-06-28 09:55:20.000000000,100102,566,99766,566,100164,100,99751,100,100188,100,99735,100,100190,100,99718,100,100491,100,99547,100,100544,100,99441,100,,,,,,,,,,,,,,,,
2019-06-28 09:55:30.000000000,100102,258,99766,258,100164,254,99751,254,100188,254,99735,254,100190,100,99718,100,100491,100,99547,100,100544,100,99441,100,,,,,,,,,,,,,,,,
2019-06-28 09:55:40.000000000,100102,216,99766,216,100164,216,99751,216,100188,216,99735,216,100190,216,99718,216,100491,100,99547,100,100544,100,99441,100,,,,,,,,,,,,,,,,
2019-06-28 09:55:50.000000000,100102,258,99766,258,100164,254,99751,254,100188,254,99735,254,100190,100,99718,100,100491,100,99547,100,100544,100,99441,100,,,,,,,,,,,,,,,,
2019-06-28 09:55:55.433979881,100102,258,99766,158,100164,254,99751,254,100188,154,99735,254,100190,100,99718,100,100491,100,99547,100,100544,100,99441,100,,,,,,,,,,,,,,,,
2019-06-28 09:56:00.000000000,100102,193,99751,193,100164,193,99735,193,100190,193,99718,193,100491,193,99547,193,100544,193,99441,193,,,,,,,,,,,,,,,,,,,,
2019-06-28 09:56:10.000000000,100102,566,99751,566,100164,100,99735,100,100190,100,99718,100,100491,100,99547,100,100544,100,99441,100,,,,,,,,,,,,,,,,,,,,
2019-06-28 09:56:20.000000000,100102,193,99751,193,100164,193,99735,193,100190,193,99718,193,100491,193,99547,193,100544,193,99441,193,,,,,,,,,,,,,,,,,,,,
2019-06-28 09:56:21.919839942,100102,93,99751,193,100164,193,99735,193,100190,193,99718,193,100491,193,99547,193,100544,193,99441,193,,,,,,,,,,,,,,,,,,,,
2019-06-28 09:56:30.000000000,100164,193,99751,193,100190,193,99735,193,100491,193,99718,193,100544,193,99547,193,100545,93,99441,193,,,,,,,,,,,,,,,,,,,,
2019-06-28 09:56:40.000000000,100164,193,99751,193,100190,193,99735,193,100491,193,99718,193,100544,193,99547,193,100545,93,99441,193,,,,,,,,,,,,,,,,,,,,
2019-06-28 09:56:47.461228718,100105,100,99751,193,100164,193,99735,193,100190,193,99718,193,100491,193,99547,193,100544,193,99441,193,100545,93,,,,,,,,,,,,,,,,,,
2019-06-28 09:56:50.000000000,100105,193,99751,193,100164,193,99735,193,100190,193,99718,193,100491,193,99547,193,100544,193,99441,193,,,,,,,,,,,,,,,,,,,,
2019-06-28 09:57:00.000000000,100105,333,99751,333,100164,333,99735,333,100190,100,99718,100,100491,100,99547,100,100544,100,99441,100,,,,,,,,,,,,,,,,,,,,
2019-06-28 09:57:09.190463855,99884,100,99751,333,100105,333,99735,333,100164,333,99718,100,100190,100,99547,100,100491,100,99441,100,100544,100,,,,,,,,,,,,,,,,,,
2019-06-28 09:57:10.000000000,99884,193,99751,193,100105,193,99735,193,100164,193,99718,193,100190,193,99547,193,100491,193,99441,193,100544,100,,,,,,,,,,,,,,,,,,
2019-06-28 09:57:20.000000000,99884,258,99751,258,100105,254,99735,254,100164,254,99718,254,100190,100,99547,100,100491,100,99441,100,100544,100,,,,,,,,,,,,,,,,,,
2019-06-28 09:57:30.000000000,99884,258,99751,258,100105,254,99735,254,100164,254,99718,254,100190,100,99547,100,100491,100,99441,100,100544,100,,,,,,,,,,,,,,,,,,
2019-06-28 09:57:40.000000000,99884,258,99751,258,100105,254,99735,254,100164,254,99718,254,100190,100,99547,100,100491,100,99441,100,100544,100,,,,,,,,,,,,,,,,,,
2019-06-28 09:57:41.121696154,99884,258,99751,258,100105,254,99735,254,100164,254,99718,254,100165,100,99547,100,100190,100,99441,100,100491,100,,,100544,100,,,,,,,,,,,,,,
2019-06-28 09:57:49.863813411,99884,258,99751,258,100089,100,99735,254,100105,254,99718,254,100164,254,99547,100,100165,100,99441,100,100190,100,,,100491,100,,,100544,100,,,,,,,,,,
2019-06-28 09:57:50.000000000,99884,566,99751,566,100089,100,99735,100,100105,100,99718,100,100164,100,99547,100,100165,100,99441,100,100190,100,,,100491,100,,,100544,100,,,,,,,,,,
2019-06-28 09:58:00.000000000,99884,193,99751,193,100089,193,99735,193,100105,193,99718,193,100164,193,99547,193,100165,193,99441,193,100190,100,,,100491,100,,,100544,100,,,,,,,,,,
2019-06-28 09:58:07.837645319,99884,193,99751,193,100089,193,99735,193,100105,193,99718,193,100164,193,99547,193,100165,193,99441,193,100190,100,,,100260,100,,,100491,100,,,,,,,,,,
2019-06-28 09:58:10.000000000,99884,193,99751,193,100089,193,99735,193,100105,193,99718,193,100164,193,99547,193,100165,193,99441,193,100190,100,,,100260,100,,,100491,100,,,,,,,,,,
2019-06-28 09:58:20.000000000,99884,193,99751,193,100089,193,99735,193,100105,193,99718,193,100164,193,99547,193,100165,193,99441,193,100190,100,,,100260,100,,,100491,100,,,,,,,,,,
2019-06-28 09:58:22.990790426,99884,93,99751,193,100089,193,99735,193,100105,193,99718,193,100164,193,99547,193,100165,193,99441,193,100190,100,,,100260,100,,,100491,100,,,,,,,,,,
2019-06-28 09:58:30.000000000,100089,258,99751,258,100105,254,99735,254,100164,254,99718,254,100165,100,99547,100,100190,100,99441,100,100260,100,,,100491,100,,,,,,,,,,,,,,
2019-06-28 09:58:38.486885526,100089,258,99884,100,100105,254,99751,258,100164,254,99735,254,100165,100,99718,254,100190,100,99547,100,100260,100,99441,100,100491,100,,,,,,,,,,,,,,
2019-06-28 09:58:40.000000000,100089,566,99884,566,100105,100,99751,100,100164,100,99735,100,100165,100,99718,100,100190,100,99547,100,100260,100,99441,100,100491,100,,,,,,,,,,,,,,
2019-06-28 09:58:47.681387456,100039,100,99884,566,100089,566,99735,100,100105,100,99718,100,100164,100,99547,100,100165,100,99441,100,100190,100,,,100260,100,,,100491,100,,,,,,,,,,
2019-06-28 09:58:50.000000000,100039,193,99884,193,100089,193,99735,193,100105,193,99718,193,100164,193,99547,193,100165,193,99441,193,100190,100,,,100260,100,,,100491,100,,,,,,,,,,
2019-06-28 09:58:55.727913529,100039,193,99884,293,100089,193,99735,193,100105,193,99718,193,100164,193,99547,193,100165,193,99441,193,100190,100,,,100260,100,,,100491,100,,,,,,,,,,
2019-06-28 09:59:00.000000000,100039,333,99884,433,100089,333,99735,333,100105,100,99718,100,100164,100,99547,100,100165,100,99441,100,100190,100,,,100260,100,,,100491,100,,,,,,,,,,
2019-06-28 09:59:10.000000000,100039,566,99884,666,100089,100,99735,100,100105,100,99718,100,100164,100,99547,100,100165,100,99441,100,100190,100,,,100260,100,,,100491,100,,,,,,,,,,
2019-06-28 09:59:11.405380829,100039,566,99884,666,100089,100,99735,100,100105,100,99718,100,100164,100,99547,100,100165,100,99441,100,100190,100,,,100435,100,,,100491,100,,,,,,,,,,
2019-06-28 09:59:20.000000000,100039,258,99884,358,100089,254,99735,254,100105,254,99718,254,100164,100,99547,100,100165,100,99441,100,100190,100,,,100435,100,,,100491,100,,,,,,,,,,
2019-06-28 09:59:30.000000000,100039,333,99884,433,100089,333,99735,333,100105,100,99718,100,100164,100,99547,100,100165,100,99441,100,100190,100,,,100435,100,,,100491,100,,,,,,,,,,
2019-06-28 09:59:40.000000000,100039,216,99884,316,100089,216,99735,216,100105,216,99718,216,100164,216,99547,216,100165,100,99441,100,100190,100,,,100435,100,,,100491,100,,,,,,,,,,
2019-06-28 09:59:42.754357247,100039,216,99884,316,100089,216,99735,216,100105,216,99718,216,100164,216,99547,216,100165,100,99441,100,100190,100,,,100435,100,,,100491,100,,,100655,100,,,,,,
2019-06-28 09:59:50.000000000,100039,258,99884,358,100089,254,99735,254,100105,254,99718,254,100164,100,99547,100,100165,100,99441,100,100190,100,,,100435,100,,,100491,100,,,100655,100,,,,,,
2019-06-28 10:00:00.000000000,100039,566,99884,666,100089,100,99735,100,100105,100,99718,100,100164,100,99547,100,100165,100,99441,100,100190,100,,,100435,100,,,100491,100,,,100655,100,,,,,,
2019-06-28 10:00:10.000000000,100039,216,99884,316,100089,216,99735,216,100105,216,99718,216,100164,216,99547,216,100165,100,99441,100,100190,100,,,100435,100,,,100491,100,,,100655,100,,,,,,
2019-06-28 10:00:20.000000000,100039,216,99884,316,100089,216,99735,216,100105,216,99718,216,100164,216,99547,216,100165,100,99441,100,100190,100,,,100435,100,,,100491,100,,,100655,100,,,,,,
2019-06-28 10:00:27.436235829,100039,116,99884,316,100089,216,99735,216,100105,216,99718,216,100164,216,99547,216,100165,100,99441,100,100190,100,,,100435,100,,,100655,100,,,,,,,,,,
2019-06-28 10:00:30.000000000,100089,258,99884,358,100105,254,99735,254,100164,254,99718,254,100165,100,99547,100,100190,100,99441,100,100435,100,,,100655,100,,,,,,,,,,,,,,
2019-06-28 10:00:32.498604937,100089,158,99884,358,100105,254,99735,254,100164,254,99718,254,100165,100,99547,100,100190,100,99441,100,100435,100,,,100655,100,,,,,,,,,,,,,,
2019-06-28 10:00:38.920945838,100089,58,99884,358,100105,254,99735,254,100164,254,99718,254,100165,100,99547,100,100190,100,99441,100,100435,100,,,100655,100,,,,,,,,,,,,,,
2019-06-28 10:00:40.000000000,100105,258,99884,358,100164,254,99735,254,100165,254,99718,254,100190,100,99547,100,100435,100,99441,100,100655,100,,,,,,,,,,,,,,,,,,
2019-06-28 10:00:50.000000000,100105,333,99884,433,100164,333,99735,333,100165,100,99718,100,100190,100,99547,100,100435,100,99441,100,100655,100,,,,,,,,,,,,,,,,,,
2019-06-28 10:01:00.000000000,100105,216,99884,316,100164,216,99735,216,100165,216,99718,216,100190,216,99547,216,100435,100,99441,100,100655,100,,,,,,,,,,,,,,,,,,
2019-06-28 10:01:10.000000000,100105,258,99884,358,100164,254,99735,254,100165,254,99718,254,100190,100,99547,100,100435,100,99441,100,100655,100,,,,,,,,,,,,,,,,,,
2019-06-28 10:01:16.713707584,100105,258,100089,100,100164,254,99884,358,100165,254,99735,254,100190,100,99718,254,100435,100,99547,100,100655,100,99441,100,,,,,,,,,,,,,,,,
2019-06-28 10:01:20.000000000,100105,566,100089,566,100164,100,99884,200,100165,100,99735,100,100190,100,99718,100,100435,100,99547,100,100655,100,99441,100,,,,,,,,,,,,,,,,
2019-06-28 10:01:30.000000000,100105,216,100089,216,100164,216,99884,316,100165,216,99735,216,100190,216,99718,216,100435,100,99547,100,100655,100,99441,100,,,,,,,,,,,,,,,,
2019-06-28 10:01:33.327145407,100105,216,100089,216,100114,100,99884,316,100164,216,99735,216,100165,216,99718,216,100190,216,99547,100,100435,100,99441,100,100655,100,,,,,,,,,,,,,,
2019-06-28 10:01:40.000000000,100105,333,100089,333,100114,333,99884,433,100164,100,99735,100,100165,100,99718,100,100190,100,99547,100,100435,100,99441,100,100655,100,,,,,,,,,,,,,,
2019-06-28 10:01:50.000000000,100105,333,100089,333,100114,333,99884,433,100164,100,99735,100,100165,100,99718,100,100190,100,99547,100,100435,100,99441,100,100655,100,,,,,,,,,,,,,,
2019-06-28 10:02:00.000000000,100105,333,100089,333,100114,333,99884,433,100164,100,99735,100,100165,100,99718,100,100190,100,99547,100,100435,100,99441,100,100655,100,,,,,,,,,,,,,,
2019-06-28 10:02:10.000000000,100105,216,100089,216,100114,216,99884,316,100164,216,99735,216,100165,216,99718,216,100190,100,99547,100,100435,100,99441,100,100655,100,,,,,,,,,,,,,,
2019-06-28 10:02:11.276892210,100105,116,100089,216,100114,216,99884,316,100164,216,99735,216,100165,216,99718,216,100190,100,99547,100,100435,100,99441,100,100655,100,,,,,,,,,,,,,,
2019-06-28 10:02:20.000000000,100114,216,100089,216,100164,216,99884,316,100165,216,99735,216,100190,216,99718,216,100435,100,99547,100,100655,100,99441,100,,,,,,,,,,,,,,,,
2019-06-28 10:02:20.216257715,100114,216,100089,216,100164,216,99884,316,100165,216,99735,216,100190,216,99718,216,100285,100,99547,100,100435,100,99441,100,100655,100,,,,,,,,,,,,,,
2019-06-28 10:02:30.000000000,100114,333,100089,333,100164,333,99884,433,100165,100,99735,100,100190,100,99718,100,100285,100,99547,100,100435,100,99441,100,100655,100,,,,,,,,,,,,,,
2019-06-28 10:02:40.000000000,100114,333,100089,333,100164,333,99884,433,100165,100,99735,100,100190,100,99718,100,100285,100,99547,100,100435,100,99441,100,100655,100,,,,,,,,,,,,,,
2019-06-28 10:02:48.760162759,100114,233,100089,333,100164,333,99884,433,100165,100,99735,100,100190,100,99718,100,100285,100,99547,100,100435,100,99441,100,100655,100,,,,,,,,,,,,,,
2019-06-28 10:02:50.000000000,100164,566,100089,566,100165,100,99884,200,100190,100,99735,100,100285,100,99718,100,100435,100,99547,100,100655,100,99441,100,,,,,,,,,,,,,,,,
2019-06-28 10:02:56.081172064,100164,466,100089,566,100165,100,99884,200,100190,100,99735,100,100285,100,99718,100,100435,100,99547,100,100655,100,99441,100,,,,,,,,,,,,,,,,
2019-06-28 10:02:59.167940146,100164,466,100114,100,100165,100,100089,566,100190,100,99884,200,100285,100,99735,100,100435,100,99718,100,100655,100,99547,100,,,99441,100,,,,,,,,,,,,
2019-06-28 10:02:59.719030695,100164,466,100114,100,100165,100,100089,566,100190,100,99884,200,100285,100,99735,100,100331,100,99718,100,100435,100,99547,100,100655,100,99441,100,,,,,,,,,,,,
2019-06-28 10:03:00.000000000,100165,258,100114,258,100190,254,100089,254,100285,254,99884,354,100331,100,99735,100,100435,100,99718,100,100655,100,99547,100,,,99441,100,,,,,,,,,,,,
2019-06-28 10:03:10.000000000,100165,566,100114,566,100190,100,100089,100,100285,100,99884,200,100331,100,99735,100,100435,100,99718,100,100655,100,99547,100,,,99441,100,,,,,,,,,,,,
2019-06-28 10:03:10.080395466,100165,566,100114,666,100190,100,100089,100,100285,100,99884,100,100331,100,99735,100,100435,100,99718,100,100655,100,99547,100,,,99441,100,,,,,,,,,,,,
2019-06-28 10:03:15.637262108,100165,566,100114,666,100190,100,100089,100,100285,100,99884,100,100331,100,99735,100,100416,100,99718,100,100435,100,99547,100,100655,100,99441,100,,,,,,,,,,,,
2019-06-28 10:03:18.750960298,100165,566,100114,766,100190,100,100089,100,100285,100,99884,100,100331,100,99735,100,100416,100,99718,100,100435,100,99547,100,100655,100,99441,100,,,,,,,,,,,,
2019-06-28 10:03:20.000000000,100165,216,100114,416,100190,216,100089,216,100285,216,99884,216,100331,216,99735,216,100416,100,99718,100,100435,100,99547,100,100655,100,99441,100,,,,,,,,,,,,
2019-06-28 10:03:21.288037724,100165,216,100114,416,100190,216,100089,216,100285,216,99884,216,100331,216,99735,216,100409,100,99718,100,100416,100,99547,100,100435,100,99441,100,100655,100,,,,,,,,,,
2019-06-28 10:03:24.018374578,100165,116,100114,416,100190,216,100089,216,100285,216,99884,216,100331,216,99735,116,100409,100,99718,100,100416,100,99547,100,100435,100,99441,100,100655,100,,,,,,,,,,
2019-06-28 10:03:30.000000000,100190,216,100114,416,100285,216,100089,216,100331,216,99884,216,100409,216,99718,216,100416,100,99547,100,100435,100,99441,100,100655,100,,,,,,,,,,,,,,
2019-06-28 10:03:30.580899504,100190,116,100114,416,100285,216,100089,216,100331,216,99884,216,100409,216,99718,216,100416,100,99547,100,100435,100,99441,100,100655,100,,,,,,,,,,,,,,
2019-06-28 10:03:40.000000000,100285,216,100114,416,100331,216,100089,216,100409,216,99884,216,100416,216,99718,216,100435,100,99547,100,100655,100,99441,100,,,,,,,,,,,,,,,,
2019-06-28 10:03:40.194206601,100285,216,100114,316,100331,216,100089,216,100409,216,99884,216,100416,216,99718,216,100435,100,99547,100,100655,100,99441,100,,,,,,,,,,,,,,,,
2019-06-28 10:03:50.000000000,100285,258,100114,358,100331,254,100089,254,100409,254,99884,254,100416,100,99718,100,100435,100,99547,100,100655,100,99441,100,,,,,,,,,,,,,,,,
2019-06-28 10:04:00.000000000,100285,193,100114,293,100331,193,100089,193,100409,193,99884,193,100416,193,99718,193,100435,193,99547,193,100655,100,99441,100,,,,,,,,,,,,,,,,
2019-06-28 10:04:03.500944820,100285,93,100114,293,100331,193,100089,193,100409,193,99884,193,100416,193,99718,193,100435,193,99547,193,100655,100,99441,100,,,,,,,,,,,,,,,,
2019-06-28 10:04:07.206599801,100285,93,100114,293,100331,193,100089,193,100409,193,99884,193,100416,193,99718,193,100428,100,99547,193,100435,193,99441,100,100655,100,,,,,,,,,,,,,,
2019-06-28 10:04:10.000000000,100331,193,100114,293,100409,193,100089,193,100416,193,99884,193,100428,193,99718,193,100435,193,99547,193,100655,100,99441,100,,,,,,,,,,,,,,,,
2019-06-28 10:04:18.496168344,100260,100,100114,293,100331,193,100089,193,100409,193,99884,193,100416,193,99718,193,100428,193,99547,193,100435,193,99441,100,100655,100,,,,,,,,,,,,,,
2019-06-28 10:04:20.000000000,100260,193,100114,293,100331,193,100089,193,100409,193,99884,193,100416,193,99718,193,100428,193,99547,193,100435,100,99441,100,100655,100,,,,,,,,,,,,,,
2019-06-28 10:04:29.598606215,100148,100,100114,293,100260,193,100089,193,100331,193,99884,193,100409,193,99718,193,100416,193,99547,193,100428,193,99441,100,100435,100,,,100655,100,,,,,,,,,,
2019-06-28 10:04:30.000000000,100148,193,100114,293,100260,193,100089,193,100331,193,99884,193,100409,193,99718,193,100416,193,99547,193,100428,100,99441,100,100435,100,,,100655,100,,,,,,,,,,
2019-06-28 10:04:36.722071828,100148,193,100114,293,100260,193,100089,193,100331,193,100050,100,100409,193,99884,193,100416,193,99718,193,100428,100,99547,193,100435,100,99441,100,100655,100,,,,,,,,,,
2019-06-28 10:04:40.000000000,100148,193,100114,293,100260,193,100089,193,100331,193,100050,193,100409,193,99884,193,100416,193,99718,193,100428,100,99547,100,100435,100,99441,100,100655,100,,,,,,,,,,
2019-06-28 10:04:44.199423308,100148,193,100114,293,100260,193,100089,193,100331,193,100050,93,100409,193,99884,193,100416,193,99718,193,100428,100,99547,100,100435,100,99441,100,100489,100,,,100655,100,,,,,,
2019-06-28 10:04:49.281312145,100148,193,100114,293,100260,193,100089,193,100297,100,100050,93,100331,193,99884,193,100409,193,99718,193,100416,193,99547,100,100428,100,99441,100,100435,100,,,100489,100,,,100655,100,,
2019-06-28 10:04:50.000000000,100148,566,100114,666,100260,100,100089,100,100297,100,99884,100,100331,100,99718,100,100409,100,99547,100,100416,100,99441,100,100428,100,,,100435,100,,,100489,100,,,100655,100,,
2019-06-28 10:05:00.000000000,100148,193,100114,293,100260,193,100089,193,100297,193,99884,193,100331,193,99718,193,100409,193,99547,193,100416,100,99441,100,100428,100,,,100435,100,,,100489,100,,,100655,100,,
2019-06-28 10:05:06.986001949,100148,193,100114,193,100260,193,100089,193,100297,193,99884,193,100331,93,99718,193,100409,193,99547,193,100416,100,99441,100,100428,100,,,100435,100,,,100489,100,,,100655,100,,
2019-06-28 10:05:09.756182277,100148,193,100114,193,100153,100,100089,193,100260,193,99884,193,100297,193,99718,193,100331,93,99547,193,100409,193,99441,100,100416,100,,,100428,100,,,100435,100,,,100489,100,,
2019-06-28 10:05:10.000000000,100148,258,100114,258,100153,254,100089,254,100260,254,99884,254,100297,100,99718,100,100409,100,99547,100,100416,100,99441,100,100428,100,,,100435,100,,,100489,100,,,100655,100,,
2019-06-28 10:05:20.000000000,100148,216,100114,216,100153,216,100089,216,100260,216,99884,216,100297,216,99718,216,100409,100,99547,100,100416,100,99441,100,100428,100,,,100435,100,,,100489,100,,,100655,100,,
2019-06-28 10:05:30.000000000,100148,216,100114,216,100153,216,100089,216,100260,216,99884,216,100297,216,99718,216,100409,100,99547,100,100416,100,99441,100,100428,100,,,100435,100,,,100489,100,,,100655,100,,
2019-06-28 10:05:40.000000000,100148,333,100114,333,100153,333,100089,333,100260,100,99884,100,100297,100,99718,100,100409,100,99547,100,100416,100,99441,100,100428,100,,,100435,100,,,100489,100,,,100655,100,,
2019-06-28 10:05:50.000000000,100148,193,100114,193,100153,193,100089,193,100260,193,99884,193,100297,193,99718,193,100409,193,99547,193,100416,100,99441,100,100428,100,,,100435,100,,,100489,100,,,100655,100,,
2019-06-28 10:05:59.594091877,100148,193,100115,100,100153,193,100114,193,100260,193,100089,193,100297,193,99884,193,100409,193,99718,193,100416,100,99547,193,100428,100,99441,100,100435,100,,,100489,100,,,100655,100,,
2019-06-28 10:06:00.000000000,100148,216,100115,216,100153,216,100114,216,100260,216,100089,216,100297,216,99884,216,100409,100,99718,100,100416,100,99547,100,100428,100,99441,100,100435,100,,,100489,100,,,100655,100,,
2019-06-28 10:06:01.378526831,100148,216,100115,316,100153,216,100114,216,100260,216,100089,216,100297,216,99884,216,100409,100,99718,100,100416,100,99547,100,100428,100,99441,100,100435,100,,,100489,100,,,100655,100,,
2019-06-28 10:06:10.000000000,100148,333,100115,433,100153,333,100114,333,100260,100,100089,100,100297,100,99884,100,100409,100,99718,100,100416,100,99547,100,100428,100,99441,100,100435,100,,,100489,100,,,100655,100,,
2019-06-28 10:06:20.000000000,100148,258,100115,358,100153,254,100114,254,100260,254,100089,254,100297,100,99884,100,100409,100,99718,100,100416,100,99547,100,100428,100,99441,100,100435,100,,,100489,100,,,100655,100,,
2019-06-28 10:06:23.315835846,100148,258,100115,358,100153,254,100114,254,100260,254,100089,254,100297,100,99884,100,100326,100,99718,100,100409,100,99547,100,100416,100,99441,100,100428,100,,,100489,100,,,100655,100,,
2019-06-28 10:06:24.569509604,100148,158,100115,358,100153,254,100114,254,100260,254,100089,254,100297,100,99884,100,100326,100,99718,100,100409,100,99547,100,100416,100,99441,100,100428,100,,,100489,100,,,100655,100,,
2019-06-28 10:06:30.000000000,100153,193,100115,293,100260,193,100114,193,100297,193,100089,193,100326,193,99884,193,100409,193,99718,193,100416,100,99547,100,100428,100,99441,100,100489,100,,,100655,100,,,,,,
2019-06-28 10:06:40.000000000,100153,193,100115,293,100260,193,100114,193,100297,193,100089,193,100326,193,99884,193,100409,193,99718,193,100416,100,99547,100,100428,100,99441,100,100489,100,,,100655,100,,,,,,
2019-06-28 10:06:46.752465294,100153,193,100115,293,100260,193,100114,193,100297,193,100089,193,100326,193,99884,193,100409,193,99718,193,100416,100,99547,100,100428,100,99441,100,100489,100,,,100541,100,,,100655,100,,
2019-06-28 10:06:50.000000000,100153,333,100115,433,100260,333,100114,333,100297,100,100089,100,100326,100,99884,100,100409,100,99718,100,100416,100,99547,100,100428,100,99441,100,100489,100,,,100541,100,,,100655,100,,
2019-06-28 10:07:00.000000000,100153,333,100115,433,100260,333,100114,333,100297,100,100089,100,100326,100,99884,100,100409,100,99718,100,100416,100,99547,100,100428,100,99441,100,100489,100,,,100541,100,,,100655,100,,
2019-06-28 10:07:08.372281982,100153,233,100115,433,100260,333,100114,333,100297,100,100089,100,100326,100,99884,100,100409,100,99718,100,100416,100,99441,100,100428,100,,,100489,100,,,100541,100,,,100655,100,,
2019-06-28 10:07:10.000000000,100260,333,100115,433,100297,333,100114,333,100326,100,100089,100,100409,100,99884,100,100416,100,99718,100,100428,100,99441,100,100489,100,,,100541,100,,,100655,100,,,,,,
2019-06-28 10:07:19.754829436,100260,333,100115,433,100297,333,100114,333,100326,100,100089,100,100409,100,99884,100,100416,100,99718,100,100428,100,99441,100,100489,100,,,100541,100,,,100655,100,,,100772,100,,
2019-06-28 10:07:20.000000000,100260,258,100115,358,100297,254,100114,254,100326,254,100089,254,100409,100,99884,100,100416,100,99718,100,100428,100,99441,100,100489,100,,,100541,100,,,100655,100,,,100772,100,,
2019-06-28 10:07:29.521135181,100260,258,100115,358,100297,254,100114,254,100326,254,100089,254,100409,100,99884,100,100416,100,99718,100,100428,100,99441,100,100489,100,,,100527,100,,,100541,100,,,100655,100,,
2019-06-28 10:07:30.000000000,100260,193,100115,293,100297,193,100114,193,100326,193,100089,193,100409,193,99884,193,100416,193,99718,193,100428,100,99441,100,100489,100,,,100527,100,,,100541,100,,,100655,100,,
2019-06-28 10:07:35.994017853,100260,193,100148,100,100297,193,100115,293,100326,193,100114,193,100409,193,100089,193,100416,193,99884,193,100428,100,99718,193,100489,100,99441,100,100527,100,,,100541,100,,,100655,100,,
2019-06-28 10:07:40.000000000,100260,333,100148,333,100297,333,100115,433,100326,100,100114,100,100409,100,100089,100,100416,100,99884,100,100428,100,99718,100,100489,100,99441,100,100527,100,,,100541,100,,,100655,100,,
2019-06-28 10:07:50.000000000,100260,193,100148,193,100297,193,100115,293,100326,193,100114,193,100409,193,100089,193,100416,193,99884,193,100428,100,99718,100,100489,100,99441,100,100527,100,,,100541,100,,,100655,100,,
2019-06-28 10:07:50.836324691,100260,93,100148,193,100297,193,100115,293,100326,193,100114,193,100409,193,100089,193,100416,193,99884,193,100428,100,99718,100,100489,100,99441,100,100527,100,,,100541,100,,,100655,100,,
2019-06-28 10:08:00.000000000,100297,258,100148,258,100326,254,100115,354,100409,254,100114,254,100416,100,100089,100,100428,100,99884,100,100489,100,99718,100,100527,100,99441,100,100541,100,,,100655,100,,,100772,100,,
2019-06-28 10:08:02.650938803,100297,258,100148,258,100326,254,100115,354,100409,254,100114,254,100416,100,100089,100,100428,100,99884,100,100489,100,99718,100,100527,100,99441,100,100541,100,,,100655,100,,,100726,100,,
2019-06-28 10:08:10.000000000,100297,566,100148,566,100326,100,100115,200,100409,100,100114,100,100416,100,100089,100,100428,100,99884,100,100489,100,99718,100,100527,100,99441,100,100541,100,,,100655,100,,,100726,100,,
2019-06-28 10:08:11.575745757,100297,566,100148,566,100326,100,100115,200,100409,100,100114,100,100416,100,100089,100,100428,100,99884,100,100489,100,99718,100,100527,100,99441,100,100541,100,,,100655,100,,,100726,100,,
2019-06-28 10:08:20.000000000,100297,258,100148,258,100326,254,100115,354,100409,254,100114,254,100416,100,100089,100,100428,100,99884,100,100489,100,99718,100,100527,100,99441,100,100541,100,,,100655,100,,,100726,100,,
2019-06-28 10:08:30.000000000,100297,193,100148,193,100326,193,100115,293,100409,193,100114,193,100416,193,100089,193,100428,193,99884,193,100489,100,99718,100,100527,100,99441,100,100541,100,,,100655,100,,,100726,100,,
2019-06-28 10:08:36.877551046,100297,193,100148,193,100326,193,100115,293,100391,100,100114,193,100409,193,100089,193,100416,193,99884,193,100428,193,99718,100,100489,100,99441,100,100527,100,,,100541,100,,,100655,100,,
2019-06-28 10:08:40.000000000,100297,193,100148,193,100326,193,100115,293,100391,193,100114,193,100409,193,100089,193,100416,193,99884,193,100428,100,99718,100,100489,100,99441,100,100527,100,,,100541,100,,,100655,100,,
2019-06-28 10:08:50.000000000,100297,333,100148,333,100326,333,100115,433,100391,100,100114,100,100409,100,100089,100,100416,100,99884,100,100428,100,99718,100,100489,100,99441,100,100527,100,,,100541,100,,,100655,100,,
2019-06-28 10:08:56.911996266,100253,100,100148,333,100297,333,100115,433,100326,333,100114,100,100391,100,100089,100,100409,100,99884,100,100416,100,99718,100,100428,100,99441,100,100489,100,,,100527,100,,,100655,100,,
2019-06-28 10:09:00.000000000,100253,193,100148,193,100297,193,100115,293,100326,193,100114,193,100391,193,100089,193,100409,193,99884,193,100416,100,99718,100,100428,100,99441,100,100489,100,,,100527,100,,,100655,100,,
2019-06-28 10:09:10.000000000,100253,216,100148,216,100297,216,100115,316,100326,216,100114,216,100391,216,100089,216,100409,100,99884,100,100416,100,99718,100,100428,100,99441,100,100489,100,,,100527,100,,,100655,100,,
2019-06-28 10:09:20.000000000,100253,193,100148,193,100297,193,100115,293,100326,193,100114,193,100391,193,100089,193,100409,193,99884,193,100416,100,99718,100,100428,100,99441,100,100489,100,,,100527,100,,,100655,100,,
2019-06-28 10:09:30.000000000,100253,566,100148,566,100297,100,100115,200,100326,100,100114,100,100391,100,100089,100,100409,100,99884,100,100416,100,99718,100,100428,100,99441,100,100489,100,,,100527,100,,,100655,100,,
2019-06-28 10:09:40.000000000,100253,216,100148,216,100297,216,100115,316,100326,216,100114,216,100391,216,100089,216,100409,100,99884,100,100416,100,99718,100,100428,100,99441,100,100489,100,,,100527,100,,,100655,100,,
2019-06-28 10:09:49.664037460,100253,216,100148,216,100259,100,100115,316,100297,216,100114,216,100326,216,100089,216,100391,216,99884,100,100409,100,99718,100,100416,100,99441,100,100428,100,,,100489,100,,,100527,100,,
2019-06-28 10:09:50.000000000,100253,566,100148,566,100259,100,100115,200,100297,100,100114,100,100326,100,100089,100,100391,100,99884,100,100409,100,99718,100,100416,100,99441,100,100428,100,,,100489,100,,,100527,100,,
2019-06-28 10:09:50.285270937,100253,566,100148,566,100259,100,100115,200,100297,100,100114,100,100326,100,100089,100,100391,100,99884,100,100409,100,99718,100,100416,100,99441,100,100428,100,,,100452,100,,,100489,100,,
2019-06-28 10:09:56.201962768,100253,566,100148,566,100259,100,100115,200,100297,100,100114,100,100326,100,100089,100,100391,100,99718,100,100409,100,99441,100,100416,100,,,100428,100,,,100452,100,,,100489,100,,
2019-06-28 10:09:58.164663258,100253,566,100224,100,100259,100,100148,566,100297,100,100115,200,100326,100,100114,100,100391,100,100089,100,100409,100,99441,100,100416,100,,,100428,100,,,100452,100,,,100489,100,,
2019-06-28 10:10:00.000000000,100253,333,100224,333,100259,333,100148,333,100297,100,100115,200,100326,100,100114,100,100391,100,100089,100,100409,100,99441,100,100416,100,,,100428,100,,,100452,100,,,100489,100,,
2019-06-28 10:10:10.000000000,100253,216,100224,216,100259,216,100148,216,100297,216,100115,316,100326,216,100114,216,100391,100,100089,100,100409,100,99441,100,100416,100,,,100428,100,,,100452,100,,,100489,100,,
2019-06-28 10:10:20.000000000,100253,216,100224,216,100259,216,100148,216,100297,216,100115,316,100326,216,100114,216,100391,100,100089,100,100409,100,99441,100,100416,100,,,100428,100,,,100452,100,,,100489,100,,
2019-06-28 10:10:30.000000000,100253,333,100224,333,100259,333,100148,333,100297,100,100115,200,100326,100,100114,100,100391,100,100089,100,100409,100,99441,100,100416,100,,,100428,100,,,100452,100,,,100489,100,,
2019-06-28 10:10:39.344373712,100253,333,100224,333,100259,333,100148,333,100297,100,100115,200,100326,100,100089,100,100391,100,99441,100,100409,100,,,100416,100,,,100428,100,,,100452,100,,,100489,100,,
2019-06-28 10:10:40.000000000,100253,193,100224,193,100259,193,100148,193,100297,193,100115,293,100326,193,100089,193,100391,193,99441,193,100409,100,,,100416,100,,,100428,100,,,100452,100,,,100489,100,,
2019-06-28 10:10:40.639810766,100253,193,100224,93,100259,193,100148,193,100297,193,100115,293,100326,193,100089,193,100391,193,99441,193,100409,100,,,100416,100,,,100428,100,,,100452,100,,,100489,100,,
2019-06-28 10:10:46.413255032,100224,7,100148,193,100253,193,100115,293,100259,193,100089,193,100297,193,99441,193,100326,193,,,100391,193,,,100409,100,,,100416,100,,,100428,100,,,100452,100,,
2019-06-28 10:10:46.512816559,100224,7,100148,93,100253,193,100115,293,100259,193,100089,193,100297,193,99441,193,100326,193,,,100391,193,,,100409,100,,,100416,100,,,100428,100,,,100452,100,,
2019-06-28 10:10:50.000000000,100224,123,100115,316,100253,216,100089,216,100259,216,99441,216,100297,216,99440,116,100326,100,,,100391,100,,,100409,100,,,100416,100,,,100428,100,,,100452,100,,
