,ask_price_1,ask_size_1,bid_price_1,bid_size_1,ask_price_2,ask_size_2,bid_price_2,bid_size_2,ask_price_3,ask_size_3,bid_price_3,bid_size_3,ask_price_4,ask_size_4,bid_price_4,bid_size_4,ask_price_5,ask_size_5,bid_price_5,bid_size_5,ask_price_6,ask_size_6,bid_price_6,bid_size_6,ask_price_7,ask_size_7,bid_price_7,bid_size_7,ask_price_8,ask_size_8,bid_price_8,bid_size_8,ask_price_9,ask_size_9,bid_price_9,bid_size_9,ask_price_10,ask_size_10,bid_price_10,bid_size_10
2019-06-28 09:30:00.000000000,,,99972,100,,,,,,,,,,,,,,,,,,,,,,,,,,,,,,,,,,,,
2019-06-28 09:30:00.000000002,,,99972,100,,,99930,100,,,,,,,,,,,,,,,,,,,,,,,,,,,,,,,,
2019-06-28 09:30:00.000000006,100056,100,99972,100,100160,100,99930,100,,,,,,,,,,,,,,,,,,,,,,,,,,,,,,,,
2019-06-28 09:30:00.000000008,99997,100,99972,100,100056,100,99962,100,100160,100,99930,100,,,,,,,,,,,,,,,,,,,,,,,,,,,,
2019-06-28 09:30:00.000000010,99997,100,99972,100,100056,100,99962,100,100061,100,99930,100,100077,100,,,100160,100,,,,,,,,,,,,,,,,,,,,,,
2019-06-28 09:30:00.000000011,99997,100,99972,100,100056,100,99962,100,100061,100,99930,100,100077,100,99877,100,100160,100,,,,,,,,,,,,,,,,,,,,,,
2019-06-28 09:30:00.000000012,99997,100,99972,100,100056,100,99962,100,100061,100,99930,100,100077,100,99877,100,100087,100,,,100160,100,,,,,,,,,,,,,,,,,,
2019-06-28 09:30:00.000000014,99997,100,99972,100,100052,100,99962,100,100056,100,99930,100,100061,100,99877,100,100077,100,99765,100,100087,100,,,100160,100,,,,,,,,,,,,,,
2019-06-28 09:30:00.000000017,99997,100,99972,100,100052,100,99962,100,100056,100,99936,100,100061,100,99930,100,100077,100,99877,100,100087,100,99765,100,100160,100,,,,,,,,,,,,,,
2019-06-28 09:30:00.000000018,99997,100,99972,100,100052,100,99962,100,100056,100,99936,100,100061,100,99930,100,100077,100,99877,100,100087,100,99765,100,100160,100,,,100183,100,,,,,,,,,,
2019-06-28 09:30:00.000000019,99997,100,99972,100,100052,100,99962,100,100056,100,99936,100,100061,100,99930,100,100077,100,99877,100,100087,100,99765,100,100108,100,,,100160,100,,,100183,100,,,,,,
2019-06-28 09:30:00.000000021,99996,100,99962,100,99997,100,99936,100,100052,100,99930,100,100056,100,99877,100,100061,100,99867,100,100077,100,99765,100,100087,100,,,100108,100,,,100160,100,,,100183,100,,
2019-06-28 09:30:00.000000022,99996,100,99962,100,99997,200,99936,100,100052,100,99930,100,100056,100,99877,100,100058,100,99867,100,100061,100,99765,100,100077,100,,,100087,100,,,100108,100,,,100160,100,,
2019-06-28 09:30:00.000000023,99996,100,99962,100,99997,200,99936,100,100052,100,99930,100,100056,100,99877,100,100058,100,99867,100,100061,100,99765,100,100077,100,,,100087,100,,,100108,100,,,100160,100,,
2019-06-28 09:30:00.000000024,99996,100,99962,100,99997,200,99936,100,100052,100,99930,100,100056,100,99877,100,100058,100,99867,100,100061,100,99765,100,100069,100,,,100077,100,,,100087,100,,,100108,100,,
2019-06-28 09:30:00.000000025,99996,100,99962,100,99997,200,99936,100,100052,100,99930,100,100056,100,99877,100,100058,100,99867,100,100061,100,99765,100,100069,100,,,100077,100,,,100087,100,,,100108,100,,
2019-06-28 09:30:00.000000026,99997,200,99962,100,100052,100,99936,100,100056,100,99930,100,100058,100,99877,100,100061,100,99867,100,100069,100,99765,100,100077,100,,,100087,100,,,100108,100,,,100160,100,,
2019-06-28 09:30:00.000000027,99997,200,99972,100,100052,100,99962,100,100056,100,99936,100,100058,100,99930,100,100061,100,99877,100,100069,100,99867,100,100077,100,99765,100,100087,100,,,100108,100,,,100160,100,,
2019-06-28 09:30:00.000000028,99997,100,99972,100,100052,100,99962,100,100056,100,99936,100,100058,100,99930,100,100061,100,99877,100,100069,100,99867,100,100077,100,99765,100,100087,100,,,100108,100,,,100160,100,,
2019-06-28 09:30:00.000000029,100052,100,99972,100,100056,100,99962,100,100058,100,99936,100,100061,100,99930,100,100069,100,99877,100,100077,100,99867,100,100087,100,99765,100,100108,100,,,100160,100,,,100170,100,,
2019-06-28 09:30:00.000000030,100052,100,99984,100,100056,100,99972,100,100058,100,99962,100,100061,100,99936,100,100069,100,99930,100,100077,100,99877,100,100087,100,99867,100,100108,100,99765,100,100160,100,,,100170,100,,
2019-06-28 09:30:00.000000031,99997,100,99984,100,100052,100,99972,100,100056,100,99962,100,100058,100,99936,100,100061,100,99930,100,100069,100,99877,100,100077,100,99867,100,100087,100,99765,100,100108,100,,,100160,100,,
2019-06-28 09:30:00.000000035,99997,100,99984,100,100052,100,99972,100,100056,100,99962,100,100058,100,99936,100,100061,100,99930,100,100069,100,99877,100,100077,100,99867,100,100087,100,99765,100,100104,100,,,100108,100,,
2019-06-28 09:30:00.000000036,100052,100,99984,100,100056,100,99972,100,100058,100,99962,100,100061,100,99936,100,100069,100,99930,100,100077,100,99877,100,100087,100,99867,100,100104,100,99765,100,100108,100,,,100160,100,,
2019-06-28 09:30:00.000000037,100052,100,99984,100,100056,100,99972,100,100058,100,99962,100,100061,100,99956,100,100069,100,99936,100,100077,100,99930,100,100087,100,99877,100,100104,100,99867,100,100108,100,99765,100,100160,100,,
2019-06-28 09:30:00.000000038,99997,100,99984,100,100052,100,99972,100,100056,100,99962,100,100058,100,99956,100,100061,100,99936,100,100069,100,99935,100,100077,100,99930,100,100087,100,99877,100,100104,100,99867,100,100108,100,99765,100
2019-06-28 09:30:00.000000039,99997,100,99984,100,100017,100,99972,100,100052,100,99962,100,100056,100,99956,100,100058,100,99936,100,100061,100,99935,100,100069,100,99930,100,100077,100,99877,100,100087,100,99867,100,100104,100,99765,100
2019-06-28 09:30:00.000000042,99997,100,99984,100,100017,100,99972,100,100052,100,99962,100,100056,100,99956,100,100058,100,99936,100,100061,100,99935,100,100069,100,99930,100,100072,100,99877,100,100077,100,99867,100,100087,100,99806,100
2019-06-28 09:30:00.000000050,99997,200,99984,100,100017,100,99972,100,100052,100,99962,100,100056,100,99956,100,100058,100,99936,100,100061,100,99935,100,100069,100,99930,100,100072,100,99877,100,100077,100,99867,100,100087,100,99806,100
2019-06-28 09:30:00.000000053,99997,200,99984,100,100017,100,99972,100,100052,100,99962,100,100056,100,99956,100,100058,100,99936,100,100061,100,99935,100,100069,100,99930,100,100072,100,99879,100,100077,100,99877,100,100087,100,99867,100
2019-06-28 09:30:00.000000054,99997,200,99984,100,100017,100,99972,100,100052,100,99962,100,100056,100,99956,100,100058,100,99936,100,100061,100,99935,100,100069,100,99930,100,100072,100,99879,100,100077,100,99877,100,100087,100,99867,100
2019-06-28 09:30:00.000000056,99997,200,99984,100,100017,100,99972,100,100052,100,99962,100,100056,100,99956,100,100058,100,99936,100,100061,100,99935,100,100069,100,99930,100,100072,100,99879,100,100077,100,99877,100,100087,100,99867,100
2019-06-28 09:30:00.000000058,99996,100,99984,100,99997,100,99972,100,100017,100,99962,100,100052,100,99956,100,100056,100,99936,100,100058,100,99935,100,100061,100,99930,100,100069,100,99879,100,100072,100,99877,100,100077,100,99867,100
2019-06-28 09:30:00.000000061,99996,100,99984,100,99997,100,99972,100,100017,100,99962,100,100052,100,99956,100,100056,100,99936,100,100058,100,99935,100,100061,100,99930,100,100069,100,99879,100,100072,100,99877,100,100077,100,99867,100
2019-06-28 09:30:00.000000062,99996,100,99984,100,99997,100,99972,100,100017,100,99962,100,100052,100,99956,100,100056,100,99936,100,100058,100,99935,100,100061,100,99930,100,100069,100,99879,100,100072,100,99877,100,100077,100,99867,100
2019-06-28 09:30:00.000000063,99996,100,99984,100,99997,100,99972,100,100017,100,99962,100,100052,100,99956,100,100056,100,99936,100,100058,100,99935,100,100061,100,99930,100,100069,100,99879,100,100072,100,99877,100,100077,100,99867,100
2019-06-28 09:30:00.000000066,99996,200,99984,100,99997,100,99972,100,100017,100,99962,100,100052,100,99956,100,100056,100,99936,100,100058,100,99935,100,100061,100,99930,100,100069,100,99879,100,100072,100,99877,100,100077,100,99867,100
2019-06-28 09:30:00.000000068,99996,200,99984,100,99997,100,99972,100,100006,100,99962,100,100017,100,99956,100,100052,100,99936,100,100056,100,99935,100,100058,100,99930,100,100061,100,99879,100,100069,100,99877,100,100072,100,99867,100
2019-06-28 09:30:00.000000072,99996,200,99984,100,99997,100,99972,100,100006,100,99962,100,100017,100,99956,100,100052,100,99936,100,100056,100,99935,100,100058,100,99930,100,100061,100,99894,100,100069,100,99879,100,100072,100,99877,100
2019-06-28 09:30:00.000000073,99996,200,99984,100,99997,100,99972,100,100006,100,99962,100,100017,100,99956,100,100052,100,99936,100,100056,100,99935,100,100058,100,99930,100,100061,100,99894,100,100069,100,99879,100,100072,100,99877,100
2019-06-28 09:30:00.000000075,99996,200,99984,100,99997,100,99972,100,100006,100,99962,100,100017,100,99956,100,100052,100,99936,100,100056,100,99935,100,100058,100,99930,100,100061,100,99907,100,100069,100,99894,100,100072,100,99879,100
2019-06-28 09:30:00.000000076,99997,100,99984,100,100006,100,99972,100,100007,100,99962,100,100017,100,99956,100,100052,100,99936,100,100056,100,99935,100,100058,100,99930,100,100061,100,99907,100,100069,100,99894,100,100072,100,99879,100
2019-06-28 09:30:00.000000077,99997,100,99984,100,100006,100,99972,100,100007,100,99962,100,100017,100,99956,100,100052,100,99936,100,100056,100,99935,100,100058,100,99930,100,100061,100,99907,100,100069,100,99894,100,100072,100,99879,100
2019-06-28 09:30:00.000000080,99996,100,99984,100,99997,100,99972,100,100006,100,99962,100,100007,100,99956,100,100017,100,99936,200,100052,100,99935,100,100056,100,99930,100,100058,100,99907,100,100061,100,99894,100,100069,100,99879,100
2019-06-28 09:30:00.000000082,99997,100,99996,100,100006,100,99984,100,100007,100,99972,100,100017,100,99962,100,100052,100,99956,100,100056,100,99936,200,100058,100,99935,100,100061,100,99930,100,100069,100,99907,100,100072,100,99894,100
2019-06-28 09:30:00.000000084,99997,100,99996,100,100006,100,99984,100,100007,100,99972,100,100017,100,99962,100,100052,100,99956,100,100056,100,99936,200,100058,100,99935,100,100061,100,99930,100,100069,100,99916,100,100072,100,99907,100
2019-06-28 09:30:00.000000085,99997,100,99996,100,100006,100,99984,100,100007,100,99972,100,100017,100,99962,100,100052,100,99956,100,100056,100,99936,200,100058,100,99935,100,100061,100,99930,100,100069,100,99916,100,100072,100,99907,100
2019-06-28 09:30:00.000000086,99997,100,99996,200,100006,100,99984,100,100007,100,99972,100,100017,100,99962,100,100052,100,99956,100,100056,100,99936,200,100058,100,99935,100,100061,100,99930,100,100069,100,99916,100,100072,100,99907,100
2019-06-28 09:30:00.000000090,99997,100,99996,200,100006,100,99984,100,100007,100,99972,100,100017,100,99962,100,100027,100,99956,100,100052,100,99936,200,100056,100,99935,100,100058,100,99930,100,100061,100,99916,100,100069,100,99907,100
2019-06-28 09:30:00.000000093,99997,100,99996,200,100006,100,99984,100,100007,100,99972,100,100015,100,99962,100,100017,100,99956,100,100027,100,99936,200,100052,100,99935,100,100056,100,99930,100,100058,100,99916,100,100061,100,99907,100
2019-06-28 09:30:00.000000099,99997,100,99996,200,100006,100,99984,100,100007,100,99972,100,100015,100,99962,100,100017,100,99956,100,100027,100,99936,200,100052,100,99935,100,100056,100,99930,100,100058,100,99916,100,100061,100,99907,100
2019-06-28 09:30:10.000000000,99997,410,99996,510,100006,100,99984,100,100007,100,99972,100,100015,100,99962,100,100017,100,99956,100,100027,100,99936,200,100052,100,99935,100,100056,100,99930,100,100058,100,99916,100,100061,100,99907,100
2019-06-28 09:30:20.000000000,99997,205,99996,305,100006,202,99984,202,100007,202,99972,202,100015,100,99962,100,100017,100,99956,100,100027,100,99936,200,100052,100,99935,100,100056,100,99930,100,100058,100,99916,100,100061,100,99907,100
2019-06-28 09:30:30.000000000,99997,178,99996,278,100006,178,99984,178,100007,178,99972,178,100015,178,99962,178,100017,100,99956,100,100027,100,99936,200,100052,100,99935,100,100056,100,99930,100,100058,100,99916,100,100061,100,99907,100
2019-06-28 09:30:37.445706217,99997,178,99996,278,100006,178,99984,178,100007,178,99972,178,100015,178,99962,178,100017,100,99956,100,100027,100,99936,200,100052,100,99935,100,100056,100,99930,100,100058,100,99916,100,100061,100,99907,100
2019-06-28 09:30:40.000000000,99997,178,99996,278,100006,178,99984,178,100007,178,99972,178,100015,178,99962,178,100017,100,99956,100,100027,100,99936,200,100052,100,99935,100,100056,100,99930,100,100058,100,99916,100,100061,100,99907,100
2019-06-28 09:30:40.783764989,99997,178,99996,278,100006,178,99984,178,100007,178,99972,78,100015,178,99962,178,100017,100,99956,100,100027,100,99936,200,100052,100,99935,100,100056,100,99930,100,100058,100,99916,100,100061,100,99907,100
2019-06-28 09:30:50.000000000,99997,178,99996,278,100006,178,99984,178,100007,178,99962,178,100015,178,99956,178,100017,100,99936,200,100027,100,99935,100,100052,100,99930,100,100056,100,99916,100,100058,100,99907,100,100061,100,99894,100
2019-06-28 09:31:00.000000000,99997,162,99996,262,100006,162,99984,162,100007,162,99962,162,100015,162,99956,162,100017,162,99936,262,100027,100,99935,100,100052,100,99930,100,100056,100,99916,100,100058,100,99907,100,100061,100,99894,100
2019-06-28 09:31:10.000000000,99997,255,99996,355,100006,255,99984,255,100007,100,99962,100,100015,100,99956,100,100017,100,99936,200,100027,100,99935,100,100052,100,99930,100,100056,100,99916,100,100058,100,99907,100,100061,100,99894,100
2019-06-28 09:31:11.312432582,99997,255,99996,355,100006,255,99984,255,100007,100,99962,100,100015,100,99956,100,100017,100,99936,200,100027,100,99935,100,100052,100,99930,100,100056,100,99916,100,100058,100,99912,100,100061,100,99907,100
2019-06-28 09:31:11.583006292,99997,255,99996,255,100006,255,99984,255,100007,100,99962,100,100015,100,99956,100,100017,100,99936,200,100027,100,99935,100,100052,100,99930,100,100056,100,99916,100,100058,100,99912,100,100061,100,99907,100
2019-06-28 09:31:20.000000000,99997,255,99996,255,100006,255,99984,255,100007,100,99962,100,100015,100,99956,100,100017,100,99936,200,100027,100,99935,100,100052,100,99930,100,100056,100,99916,100,100058,100,99912,100,100061,100,99907,100
2019-06-28 09:31:30.000000000,99997,178,99996,178,100006,178,99984,178,100007,178,99962,178,100015,178,99956,178,100017,100,99936,200,100027,100,99935,100,100052,100,99930,100,100056,100,99916,100,100058,100,99912,100,100061,100,99907,100
2019-06-28 09:31:39.530906790,99997,178,99996,78,100006,178,99984,178,100007,178,99962,178,100015,178,99956,178,100017,100,99936,200,100027,100,99935,100,100052,100,99930,100,100056,100,99916,100,100058,100,99912,100,100061,100,99907,100
2019-06-28 09:31:40.000000000,99997,255,99984,255,100006,255,99962,255,100007,100,99956,100,100015,100,99936,200,100017,100,99935,100,100027,100,99930,100,100052,100,99916,100,100056,100,99912,100,100058,100,99907,100,100061,100,99894,100
2019-06-28 09:31:50.000000000,99997,255,99984,255,100006,255,99962,255,100007,100,99956,100,100015,100,99936,200,100017,100,99935,100,100027,100,99930,100,100052,100,99916,100,100056,100,99912,100,100058,100,99907,100,100061,100,99894,100
2019-06-28 09:31:53.409461018,99997,255,99984,255,100006,255,99962,255,100007,100,99956,100,100015,100,99936,200,100017,100,99935,100,100027,100,99930,100,100052,100,99922,100,100056,100,99916,100,100058,100,99912,100,100061,100,99907,100
2019-06-28 09:31:57.201659929,99997,255,99984,155,100006,255,99962,255,100007,100,99956,100,100015,100,99936,200,100027,100,99935,100,100052,100,99930,100,100056,100,99922,100,100058,100,99916,100,100061,100,99912,100,100072,100,99907,100
2019-06-28 09:32:00.000000000,99997,255,99962,255,100006,255,99956,255,100007,100,99936,200,100015,100,99935,100,100027,100,99930,100,100052,100,99922,100,100056,100,99916,100,100058,100,99912,100,100061,100,99907,100,100072,100,99894,100
2019-06-28 09:32:04.774233935,99997,255,99962,155,100006,255,99956,255,100007,100,99936,200,100015,100,99935,100,100027,100,99930,100,100052,100,99922,100,100056,100,99916,100,100058,100,99912,100,100061,100,99907,100,100072,100,99894,100
2019-06-28 09:32:10.000000000,99997,178,99956,178,100006,178,99936,278,100007,178,99935,178,100015,178,99930,178,100027,100,99922,100,100052,100,99916,100,100056,100,99912,100,100058,100,99907,100,100061,100,99894,100,100072,100,99879,100
2019-06-28 09:32:20.000000000,99997,205,99956,205,100006,202,99936,302,100007,202,99935,202,100015,100,99930,100,100027,100,99922,100,100052,100,99916,100,100056,100,99912,100,100058,100,99907,100,100061,100,99894,100,100072,100,99879,100
2019-06-28 09:32:30.000000000,99997,178,99956,178,100006,178,99936,278,100007,178,99935,178,100015,178,99930,178,100027,100,99922,100,100052,100,99916,100,100056,100,99912,100,100058,100,99907,100,100061,100,99894,100,100072,100,99879,100
2019-06-28 09:32:35.569116119,99997,178,99956,178,100006,178,99936,278,100007,178,99935,178,100015,178,99930,178,100027,100,99922,100,100052,100,99916,100,100056,100,99912,100,100058,100,99907,100,100061,100,99894,100,100072,100,99879,100
2019-06-28 09:32:36.598560004,99984,100,99956,178,99997,178,99936,278,100006,178,99935,178,100007,178,99930,178,100015,178,99922,100,100027,100,99916,100,100052,100,99912,100,100056,100,99907,100,100058,100,99894,100,100061,100,99879,100
2019-06-28 09:32:39.707902494,99984,100,99956,178,99997,178,99950,100,100006,178,99936,278,100007,178,99935,178,100015,178,99930,178,100027,100,99922,100,100052,100,99916,100,100056,100,99912,100,100058,100,99907,100,100061,100,99894,100
2019-06-28 09:32:40.000000000,99984,255,99956,255,99997,255,99950,255,100006,100,99936,200,100007,100,99935,100,100015,100,99930,100,100027,100,99922,100,100052,100,99916,100,100056,100,99912,100,100058,100,99907,100,100061,100,99894,100
2019-06-28 09:32:41.365556540,99984,155,99956,255,99997,255,99950,255,100006,100,99936,200,100007,100,99935,100,100015,100,99930,100,100027,100,99922,100,100052,100,99916,100,100056,100,99912,100,100058,100,99907,100,100061,100,99894,100
2019-06-28 09:32:50.000000000,99997,162,99956,162,100006,162,99950,162,100007,162,99936,262,100015,162,99935,162,100027,162,99930,162,100052,100,99922,100,100056,100,99916,100,100058,100,99912,100,100061,100,99907,100,100072,100,99894,100
2019-06-28 09:32:55.735433860,99997,162,99956,162,100006,162,99950,162,100007,162,99936,262,100015,162,99935,162,100027,162,99930,162,100052,100,99922,100,100056,100,99916,100,100058,100,99912,100,100061,100,99907,100,100072,100,99894,100
2019-06-28 09:33:00.000000000,99997,410,99956,410,100006,100,99950,100,100007,100,99936,200,100015,100,99935,100,100027,100,99930,100,100052,100,99922,100,100056,100,99916,100,100058,100,99912,100,100061,100,99907,100,100072,100,99894,100
2019-06-28 09:33:03.719798925,99997,410,99985,100,100006,100,99956,410,100007,100,99950,100,100015,100,99936,200,100027,100,99935,100,100052,100,99930,100,100056,100,99922,100,100058,100,99916,100,100061,100,99912,100,100072,100,99907,100
2019-06-28 09:33:07.283905630,99997,410,99985,100,100006,100,99956,410,100007,100,99950,100,100015,100,99936,200,100027,100,99935,100,100052,100,99930,100,100056,100,99922,100,100058,100,99916,100,100061,100,99912,100,100072,100,99894,100
2019-06-28 09:33:10.000000000,99997,410,99985,410,100006,100,99956,100,100007,100,99950,100,100015,100,99936,200,100027,100,99935,100,100052,100,99930,100,100056,100,99922,100,100058,100,99916,100,100061,100,99912,100,100072,100,99894,100
2019-06-28 09:33:20.000000000,99997,205,99985,205,100006,202,99956,202,100007,202,99950,202,100015,100,99936,200,100027,100,99935,100,100052,100,99930,100,100056,100,99922,100,100058,100,99916,100,100061,100,99912,100,100072,100,99894,100
2019-06-28 09:33:20.816319461,99997,205,99985,205,100006,202,99956,202,100007,202,99950,202,100015,100,99936,200,100027,100,99935,100,100052,100,99930,100,100056,100,99922,100,100058,100,99916,100,100061,100,99894,100,100072,100,99879,100
2019-06-28 09:33:30.000000000,99997,255,99985,255,100006,255,99956,255,100007,100,99950,100,100015,100,99936,200,100027,100,99935,100,100052,100,99930,100,100056,100,99922,100,100058,100,99916,100,100061,100,99894,100,100072,100,99879,100
2019-06-28 09:33:31.523303217,99997,255,99985,255,100006,255,99956,255,100007,100,99950,100,100015,100,99936,300,100027,100,99935,100,100052,100,99930,100,100056,100,99922,100,100058,100,99916,100,100061,100,99894,100,100072,100,99879,100
2019-06-28 09:33:36.655469517,99997,255,99985,255,100006,255,99956,255,100007,100,99950,100,100015,100,99936,300,100027,100,99930,100,100052,100,99922,100,100056,100,99916,100,100058,100,99894,100,100061,100,99879,100,100072,100,99877,100
2019-06-28 09:33:40.000000000,99997,178,99985,178,100006,178,99956,178,100007,178,99950,178,100015,178,99936,378,100027,100,99930,100,100052,100,99922,100,100056,100,99916,100,100058,100,99894,100,100061,100,99879,100,100072,100,99877,100
2019-06-28 09:33:42.592418160,99997,178,99985,178,100006,178,99956,178,100007,178,99950,178,100015,178,99936,378,100027,100,99930,100,100052,100,99922,100,100056,100,99916,100,100058,100,99894,100,100061,100,99879,100,100072,100,99877,100
2019-06-28 09:33:45.977964655,99997,78,99985,178,100006,178,99956,178,100007,178,99950,178,100015,178,99936,378,100027,100,99930,100,100052,100,99922,100,100056,100,99916,100,100058,100,99894,100,100061,100,99879,100,100072,100,99877,100
2019-06-28 09:33:50.000000000,100006,410,99985,410,100007,100,99956,100,100015,100,99950,100,100027,100,99936,300,100052,100,99930,100,100056,100,99922,100,100058,100,99916,100,100061,100,99894,100,100072,100,99879,100,100077,100,99877,100
2019-06-28 09:33:56.094976398,100006,310,99985,410,100007,100,99956,100,100015,100,99950,100,100027,100,99936,300,100052,100,99930,100,100056,100,99922,100,100058,100,99916,100,100061,100,99894,100,100072,100,99879,100,100077,100,99877,100
2019-06-28 09:33:58.290518925,100006,310,99985,410,100007,100,99956,100,100015,100,99950,100,100027,100,99936,300,100052,100,99930,100,100056,100,99922,100,100058,100,99916,100,100061,100,99894,100,100072,100,99879,100,100077,100,99864,100
2019-06-28 09:34:00.000000000,100007,205,99985,205,100015,202,99956,202,100027,202,99950,202,100052,100,99936,300,100056,100,99930,100,100058,100,99922,100,100061,100,99916,100,100072,100,99894,100,100077,100,99879,100,100078,200,99864,100
2019-06-28 09:34:10.000000000,100007,178,99985,178,100015,178,99956,178,100027,178,99950,178,100052,178,99936,378,100056,100,99930,100,100058,100,99922,100,100061,100,99916,100,100072,100,99894,100,100077,100,99879,100,100078,200,99864,100
2019-06-28 09:34:20.000000000,100007,410,99985,410,100015,100,99956,100,100027,100,99950,100,100052,100,99936,300,100056,100,99930,100,100058,100,99922,100,100061,100,99916,100,100072,100,99894,100,100077,100,99879,100,100078,200,99864,100
2019-06-28 09:34:24.407197389,100007,410,99985,410,100015,100,99956,100,100025,100,99950,100,100027,100,99936,300,100052,100,99930,100,100056,100,99922,100,100058,100,99916,100,100061,100,99894,100,100072,100,99879,100,100077,100,99864,100
2019-06-28 09:34:30.000000000,100007,410,99985,410,100015,100,99956,100,100025,100,99950,100,100027,100,99936,300,100052,100,99930,100,100056,100,99922,100,100058,100,99916,100,100061,100,99894,100,100072,100,99879,100,100077,100,99864,100
2019-06-28 09:34:34.121451340,100007,310,99985,410,100015,100,99956,100,100025,100,99950,100,100027,100,99936,300,100052,100,99922,100,100056,100,99916,100,100058,100,99894,100,100061,100,99879,100,100072,100,99864,100,100077,100,,
2019-06-28 09:34:40.000000000,100015,178,99985,178,100025,178,99956,178,100027,178,99950,178,100052,178,99936,378,100056,100,99922,100,100058,100,99916,100,100061,100,99894,100,100072,100,99879,100,100077,100,99864,100,100078,200,,
2019-06-28 09:34:45.154414250,100015,78,99985,178,100025,178,99956,178,100027,178,99950,178,100052,178,99936,378,100056,100,99922,100,100058,100,99916,100,100061,100,99894,100,100072,100,99879,100,100077,100,99864,100,100078,200,,
2019-06-28 09:34:50.000000000,100025,205,99985,205,100027,202,99956,202,100052,202,99950,202,100056,100,99936,300,100058,100,99922,100,100061,100,99916,100,100072,100,99894,100,100077,100,99879,100,100078,200,99864,100,100087,100,,
2019-06-28 09:34:57.277757551,100025,205,100007,100,100027,202,99985,205,100052,202,99956,202,100056,100,99950,202,100058,100,99936,300,100061,100,99922,100,100072,100,99916,100,100077,100,99894,100,100078,200,99879,100,100087,100,99864,100
2019-06-28 09:35:00.000000000,100025,178,100007,178,100027,178,99985,178,100052,178,99956,178,100056,178,99950,178,100058,100,99936,300,100061,100,99922,100,100072,100,99916,100,100077,100,99894,100,100078,200,99879,100,100087,100,99864,100
2019-06-28 09:35:05.375245873,100025,78,100007,178,100027,178,99985,178,100052,178,99956,178,100056,178,99950,178,100058,100,99936,300,100061,100,99922,100,100072,100,99916,100,100077,100,99894,100,100078,200,99879,100,100087,100,99864,100
2019-06-28 09:35:08.467677735,100025,78,100015,100,100027,178,100007,178,100052,178,99985,178,100056,178,99956,178,100058,100,99950,178,100061,100,99936,300,100072,100,99922,100,100077,100,99916,100,100078,200,99894,100,100087,100,99879,100
2019-06-28 09:35:10.000000000,100027,410,100015,410,100052,100,100007,100,100056,100,99985,100,100058,100,99956,100,100061,100,99950,100,100072,100,99936,300,100077,100,99922,100,100078,200,99916,100,100087,100,99894,100,100088,100,99879,100
2019-06-28 09:35:20.000000000,100027,410,100015,410,100052,100,100007,100,100056,100,99985,100,100058,100,99956,100,100061,100,99950,100,100072,100,99936,300,100077,100,99922,100,100078,200,99916,100,100087,100,99894,100,100088,100,99879,100
2019-06-28 09:35:30.000000000,100027,410,100015,410,100052,100,100007,100,100056,100,99985,100,100058,100,99956,100,100061,100,99950,100,100072,100,99936,300,100077,100,99922,100,100078,200,99916,100,100087,100,99894,100,100088,100,99879,100
2019-06-28 09:35:40.000000000,100027,178,100015,178,100052,178,100007,178,100056,178,99985,178,100058,178,99956,178,100061,100,99950,100,100072,100,99936,300,100077,100,99922,100,100078,200,99916,100,100087,100,99894,100,100088,100,99879,100
2019-06-28 09:35:50.000000000,100027,410,100015,410,100052,100,100007,100,100056,100,99985,100,100058,100,99956,100,100061,100,99950,100,100072,100,99936,300,100077,100,99922,100,100078,200,99916,100,100087,100,99894,100,100088,100,99879,100
2019-06-28 09:36:00.000000000,100027,410,100015,410,100052,100,100007,100,100056,100,99985,100,100058,100,99956,100,100061,100,99950,100,100072,100,99936,300,100077,100,99922,100,100078,200,99916,100,100087,100,99894,100,100088,100,99879,100
2019-06-28 09:36:10.000000000,100027,178,100015,178,100052,178,100007,178,100056,178,99985,178,100058,178,99956,178,100061,100,99950,100,100072,100,99936,300,100077,100,99922,100,100078,200,99916,100,100087,100,99894,100,100088,100,99879,100
2019-06-28 09:36:15.596018290,100027,178,100015,278,100052,178,100007,178,100056,178,99985,178,100058,178,99956,178,100061,100,99950,100,100072,100,99936,300,100077,100,99922,100,100078,200,99916,100,100087,100,99894,100,100088,100,99879,100
2019-06-28 09:36:20.000000000,100027,178,100015,278,100052,178,100007,178,100056,178,99985,178,100058,178,99956,178,100061,100,99950,100,100072,100,99936,300,100077,100,99922,100,100078,200,99916,100,100087,100,99894,100,100088,100,99879,100
2019-06-28 09:36:23.278859663,100027,178,100015,178,100052,178,100007,178,100056,178,99985,178,100058,178,99956,178,100061,100,99950,100,100072,100,99936,300,100077,100,99922,100,100078,200,99916,100,100087,100,99894,100,100088,100,99879,100
2019-06-28 09:36:26.692806498,100027,178,100015,178,100052,178,100007,178,100056,178,99985,178,100058,178,99956,178,100061,100,99950,100,100072,100,99936,300,100077,100,99922,100,100078,200,99916,100,100087,100,99894,100,100088,100,99879,100
2019-06-28 09:36:27.481695959,100027,178,100015,178,100052,178,100007,178,100056,178,99985,178,100058,178,99956,178,100061,100,99950,100,100072,100,99936,300,100077,100,99922,100,100078,100,99916,100,100087,100,99894,100,100088,100,99879,100
2019-06-28 09:36:29.608848853,100027,178,100015,178,100052,178,100007,178,100056,178,99985,178,100058,178,99956,178,100061,100,99936,300,100072,100,99922,100,100077,100,99916,100,100078,100,99894,100,100087,100,99879,100,100088,100,99864,100
2019-06-28 09:36:30.000000000,100027,162,100015,162,100052,162,100007,162,100056,162,99985,162,100058,162,99956,162,100061,162,99936,362,100072,100,99922,100,100077,100,99916,100,100078,100,99894,100,100087,100,99879,100,100088,100,99864,100
2019-06-28 09:36:36.081302558,100027,162,100015,262,100052,162,100007,162,100056,162,99985,162,100058,162,99956,162,100061,162,99936,362,100072,100,99922,100,100077,100,99916,100,100078,100,99894,100,100087,100,99879,100,100088,100,99864,100
2019-06-28 09:36:40.000000000,100027,205,100015,305,100052,202,100007,202,100056,202,99985,202,100058,100,99956,100,100061,100,99936,300,100072,100,99922,100,100077,100,99916,100,100078,100,99894,100,100087,100,99879,100,100088,100,99864,100
2019-06-28 09:36:43.064967881,100027,205,100015,305,100052,202,100007,202,100056,102,99985,202,100058,100,99956,100,100061,100,99936,300,100072,100,99922,100,100077,100,99916,100,100078,100,99894,100,100087,100,99879,100,100088,100,99864,100
2019-06-28 09:36:50.000000000,100027,410,100015,510,100052,100,100007,100,100058,100,99985,100,100061,100,99956,100,100072,100,99936,300,100077,100,99922,100,100078,100,99916,100,100087,100,99894,100,100088,100,99879,100,100101,100,99864,100
2019-06-28 09:36:51.828271362,100027,310,100015,510,100052,100,100007,100,100058,100,99985,100,100061,100,99956,100,100072,100,99936,300,100077,100,99922,100,100078,100,99916,100,100087,100,99894,100,100088,100,99879,100,100101,100,99864,100
2019-06-28 09:37:00.000000000,100052,410,100015,510,100058,100,100007,100,100061,100,99985,100,100072,100,99956,100,100077,100,99936,300,100078,100,99922,100,100087,100,99916,100,100088,100,99894,100,100101,100,99879,100,100104,100,99864,100
2019-06-28 09:37:10.000000000,100052,205,100015,305,100058,202,100007,202,100061,202,99985,202,100072,100,99956,100,100077,100,99936,300,100078,100,99922,100,100087,100,99916,100,100088,100,99894,100,100101,100,99879,100,100104,100,99864,100
2019-06-28 09:37:20.000000000,100052,205,100015,305,100058,202,100007,202,100061,202,99985,202,100072,100,99956,100,100077,100,99936,300,100078,100,99922,100,100087,100,99916,100,100088,100,99894,100,100101,100,99879,100,100104,100,99864,100
2019-06-28 09:37:30.000000000,100052,255,100015,355,100058,255,100007,255,100061,100,99985,100,100072,100,99956,100,100077,100,99936,300,100078,100,99922,100,100087,100,99916,100,100088,100,99894,100,100101,100,99879,100,100104,100,99864,100
2019-06-28 09:37:40.000000000,100052,255,100015,355,100058,255,100007,255,100061,100,99985,100,100072,100,99956,100,100077,100,99936,300,100078,100,99922,100,100087,100,99916,100,100088,100,99894,100,100101,100,99879,100,100104,100,99864,100
2019-06-28 09:37:50.000000000,100052,255,100015,355,100058,255,100007,255,100061,100,99985,100,100072,100,99956,100,100077,100,99936,300,100078,100,99922,100,100087,100,99916,100,100088,100,99894,100,100101,100,99879,100,100104,100,99864,100
2019-06-28 09:37:52.199833433,100052,155,100015,355,100058,255,100007,255,100061,100,99985,100,100072,100,99956,100,100077,100,99936,300,100078,100,99922,100,100087,100,99916,100,100088,100,99894,100,100101,100,99879,100,100104,100,99864,100
2019-06-28 09:38:00.000000000,100058,205,100015,305,100061,202,100007,202,100072,202,99985,202,100077,100,99956,100,100078,100,99936,300,100087,100,99922,100,100088,100,99916,100,100101,100,99894,100,100104,100,99879,100,100108,100,99864,100
2019-06-28 09:38:07.443924898,100058,205,100015,305,100061,202,100007,202,100072,202,99985,202,100077,100,99956,100,100078,100,99936,300,100087,100,99916,100,100088,100,99894,100,100101,100,99879,100,100104,100,99864,100,100108,100,,
2019-06-28 09:38:10.000000000,100058,255,100015,355,100061,255,100007,255,100072,100,99985,100,100077,100,99956,100,100078,100,99936,300,100087,100,99916,100,100088,100,99894,100,100101,100,99879,100,100104,100,99864,100,100108,100,,
2019-06-28 09:38:20.000000000,100058,255,100015,355,100061,255,100007,255,100072,100,99985,100,100077,100,99956,100,100078,100,99936,300,100087,100,99916,100,100088,100,99894,100,100101,100,99879,100,100104,100,99864,100,100108,100,,
2019-06-28 09:38:25.555268781,100058,155,100015,355,100061,255,100007,255,100072,100,99985,100,100077,100,99956,100,100078,100,99936,300,100087,100,99916,100,100088,100,99894,100,100101,100,99879,100,100104,100,99864,100,100108,100,,
2019-06-28 09:38:30.000000000,100061,178,100015,278,100072,178,100007,178,100077,178,99985,178,100078,178,99956,178,100087,100,99936,300,100088,100,99916,100,100101,100,99894,100,100104,100,99879,100,100108,100,99864,100,100117,100,,
2019-06-28 09:38:39.243118128,100061,178,100052,100,100072,178,100015,278,100077,178,100007,178,100078,178,99985,178,100087,100,99956,178,100088,100,99936,300,100101,100,99916,100,100104,100,99894,100,100108,100,99879,100,100117,100,99864,100
2019-06-28 09:38:40.000000000,100061,255,100052,255,100072,255,100015,355,100077,100,100007,100,100078,100,99985,100,100087,100,99956,100,100088,100,99936,300,100101,100,99916,100,100104,100,99894,100,100108,100,99879,100,100117,100,99864,100
2019-06-28 09:38:50.000000000,100061,255,100052,255,100072,255,100015,355,100077,100,100007,100,100078,100,99985,100,100087,100,99956,100,100088,100,99936,300,100101,100,99916,100,100104,100,99894,100,100108,100,99879,100,100117,100,99864,100
2019-06-28 09:38:55.847141605,100061,255,100052,355,100072,255,100015,355,100077,100,100007,100,100078,100,99985,100,100087,100,99956,100,100088,100,99936,300,100101,100,99916,100,100104,100,99894,100,100108,100,99879,100,100117,100,99864,100
2019-06-28 09:39:00.000000000,100061,178,100052,278,100072,178,100015,278,100077,178,100007,178,100078,178,99985,178,100087,100,99956,100,100088,100,99936,300,100101,100,99916,100,100104,100,99894,100,100108,100,99879,100,100117,100,99864,100
2019-06-28 09:39:10.000000000,100061,205,100052,305,100072,202,100015,302,100077,202,100007,202,100078,100,99985,100,100087,100,99956,100,100088,100,99936,300,100101,100,99916,100,100104,100,99894,100,100108,100,99879,100,100117,100,99864,100
2019-06-28 09:39:14.884586312,100061,105,100052,305,100072,202,100015,302,100077,202,100007,202,100078,100,99985,100,100087,100,99956,100,100088,100,99936,200,100101,100,99916,100,100104,100,99894,100,100108,100,99879,100,100117,100,99864,100
2019-06-28 09:39:20.000000000,100072,178,100052,278,100077,178,100015,278,100078,178,100007,178,100087,178,99985,178,100088,100,99956,100,100101,100,99936,200,100104,100,99916,100,100108,100,99894,100,100117,100,99879,100,100120,100,99864,100
2019-06-28 09:39:30.000000000,100072,162,100052,262,100077,162,100015,262,100078,162,100007,162,100087,162,99985,162,100088,162,99956,162,100101,100,99936,200,100104,100,99916,100,100108,100,99894,100,100117,100,99879,100,100120,100,99864,100
2019-06-28 09:39:37.141995417,100072,62,100052,262,100077,162,100015,262,100078,162,100007,162,100087,62,99985,162,100088,162,99956,162,100101,100,99936,200,100104,100,99916,100,100108,100,99894,100,100117,100,99879,100,100120,100,99864,100
2019-06-28 09:39:40.000000000,100077,255,100052,355,100078,255,100015,355,100088,100,100007,100,100101,100,99985,100,100104,100,99956,100,100108,100,99936,200,100117,100,99916,100,100120,100,99894,100,100143,100,99879,100,100146,100,99864,100
2019-06-28 09:39:50.000000000,100077,162,100052,262,100078,162,100015,262,100088,162,100007,162,100101,162,99985,162,100104,162,99956,162,100108,100,99936,200,100117,100,99916,100,100120,100,99894,100,100143,100,99879,100,100146,100,99864,100
2019-06-28 09:40:00.000000000,100077,410,100052,510,100078,100,100015,200,100088,100,100007,100,100101,100,99985,100,100104,100,99956,100,100108,100,99936,200,100117,100,99916,100,100120,100,99894,100,100143,100,99879,100,100146,100,99864,100
2019-06-28 09:40:10.000000000,100077,410,100052,510,100078,100,100015,200,100088,100,100007,100,100101,100,99985,100,100104,100,99956,100,100108,100,99936,200,100117,100,99916,100,100120,100,99894,100,100143,100,99879,100,100146,100,99864,100
2019-06-28 09:40:17.666223131,100077,310,100052,510,100078,100,100015,200,100088,100,100007,100,100101,100,99985,100,100104,100,99956,100,100108,100,99936,200,100117,100,99916,100,100120,100,99894,100,100143,100,99879,100,100146,100,99864,100
2019-06-28 09:40:20.000000000,100078,255,100052,355,100088,255,100015,355,100101,100,100007,100,100104,100,99985,100,100108,100,99956,100,100117,100,99936,200,100120,100,99916,100,100143,100,99894,100,100146,100,99879,100,100160,100,99864,100
2019-06-28 09:40:21.465640428,100078,255,100072,100,100088,255,100052,355,100101,100,100015,355,100104,100,100007,100,100108,100,99985,100,100117,100,99956,100,100120,100,99936,200,100143,100,99916,100,100146,100,99894,100,100160,100,99879,100
2019-06-28 09:40:22.685175597,100078,155,100072,100,100088,255,100052,355,100101,100,100015,355,100104,100,100007,100,100108,100,99985,100,100117,100,99936,200,100120,100,99916,100,100143,100,99894,100,100146,100,99879,100,100160,100,99864,100
2019-06-28 09:40:30.000000000,100088,255,100072,255,100101,255,100052,355,100104,100,100015,200,100108,100,100007,100,100117,100,99985,100,100120,100,99936,200,100143,100,99916,100,100146,100,99894,100,100160,100,99879,100,100173,100,99864,100
2019-06-28 09:40:40.000000000,100088,178,100072,178,100101,178,100052,278,100104,178,100015,278,100108,178,100007,178,100117,100,99985,100,100120,100,99936,200,100143,100,99916,100,100146,100,99894,100,100160,100,99879,100,100173,100,99864,100
2019-06-28 09:40:50.000000000,100088,178,100072,178,100101,178,100052,278,100104,178,100015,278,100108,178,100007,178,100117,100,99985,100,100120,100,99936,200,100143,100,99916,100,100146,100,99894,100,100160,100,99879,100,100173,100,99864,100
2019-06-28 09:41:00.000000000,100088,410,100072,410,100101,100,100052,200,100104,100,100015,200,100108,100,100007,100,100117,100,99985,100,100120,100,99936,200,100143,100,99916,100,100146,100,99894,100,100160,100,99879,100,100173,100,99864,100
2019-06-28 09:41:10.000000000,100088,255,100072,255,100101,255,100052,355,100104,100,100015,200,100108,100,100007,100,100117,100,99985,100,100120,100,99936,200,100143,100,99916,100,100146,100,99894,100,100160,100,99879,100,100173,100,99864,100
2019-06-28 09:41:20.000000000,100088,255,100072,255,100101,255,100052,355,100104,100,100015,200,100108,100,100007,100,100117,100,99985,100,100120,100,99936,200,100143,100,99916,100,100146,100,99894,100,100160,100,99879,100,100173,100,99864,100
2019-06-28 09:41:20.365180965,100088,155,100072,255,100101,255,100052,355,100104,100,100015,200,100108,100,100007,100,100117,100,99985,100,100120,100,99936,200,100143,100,99916,100,100146,100,99894,100,100160,100,99879,100,100173,100,99864,100
2019-06-28 09:41:30.000000000,100101,255,100072,255,100104,255,100052,355,100108,100,100015,200,100117,100,100007,100,100120,100,99985,100,100143,100,99936,200,100146,100,99916,100,100160,100,99894,100,100173,100,99879,100,100174,100,99864,100
2019-06-28 09:41:40.000000000,100101,255,100072,255,100104,255,100052,355,100108,100,100015,200,100117,100,100007,100,100120,100,99985,100,100143,100,99936,200,100146,100,99916,100,100160,100,99894,100,100173,100,99879,100,100174,100,99864,100
2019-06-28 09:41:50.000000000,100101,178,100072,178,100104,178,100052,278,100108,178,100015,278,100117,178,100007,178,100120,100,99985,100,100143,100,99936,200,100146,100,99916,100,100160,100,99894,100,100173,100,99879,100,100174,100,99864,100
2019-06-28 09:42:00.000000000,100101,178,100072,178,100104,178,100052,278,100108,178,100015,278,100117,178,100007,178,100120,100,99985,100,100143,100,99936,200,100146,100,99916,100,100160,100,99894,100,100173,100,99879,100,100174,100,99864,100
2019-06-28 09:42:07.809092193,100101,78,100072,178,100104,178,100052,278,100108,178,100015,278,100117,178,100007,178,100120,100,99985,100,100143,100,99936,200,100146,100,99916,100,100160,100,99894,100,100173,100,99879,100,100174,100,99864,100
2019-06-28 09:42:10.000000000,100104,178,100072,178,100108,178,100052,278,100117,178,100015,278,100120,178,100007,178,100143,100,99985,100,100146,100,99936,200,100160,100,99916,100,100173,100,99894,100,100174,100,99879,100,100192,100,99864,100
2019-06-28 09:42:20.000000000,100104,410,100072,410,100108,100,100052,200,100117,100,100015,200,100120,100,100007,100,100143,100,99985,100,100146,100,99936,200,100160,100,99916,100,100173,100,99894,100,100174,100,99879,100,100192,100,99864,100
2019-06-28 09:42:22.217361466,100104,310,100072,410,100108,100,100052,200,100117,100,100015,200,100120,100,100007,100,100143,100,99985,100,100146,100,99936,200,100160,100,99916,100,100173,100,99894,100,100174,100,99879,100,100192,100,99864,100
2019-06-28 09:42:22.513325360,100104,310,100072,410,100108,100,100052,200,100117,100,100015,200,100120,100,100007,100,100143,100,99985,100,100160,100,99936,200,100173,100,99916,100,100174,100,99894,100,100192,100,99879,100,100193,100,99864,100
2019-06-28 09:42:30.000000000,100108,410,100072,410,100117,100,100052,200,100120,100,100015,200,100143,100,100007,100,100160,100,99985,100,100173,100,99936,200,100174,100,99916,100,100192,100,99894,100,100193,100,99879,100,100377,100,99864,100
2019-06-28 09:42:40.000000000,100108,410,100072,410,100117,100,100052,200,100120,100,100015,200,100143,100,100007,100,100160,100,99985,100,100173,100,99936,200,100174,100,99916,100,100192,100,99894,100,100193,100,99879,100,100377,100,99864,100
2019-06-28 09:42:44.826167464,100108,410,100072,410,100117,100,100055,100,100120,100,100052,200,100143,100,100015,200,100160,100,100007,100,100173,100,99985,100,100174,100,99936,200,100192,100,99916,100,100193,100,99894,100,100377,100,99879,100
2019-06-28 09:42:48.717405439,100108,310,100072,410,100117,100,100055,100,100120,100,100052,200,100143,100,100015,200,100160,100,100007,100,100173,100,99985,100,100174,100,99936,200,100192,100,99916,100,100193,100,99894,100,100377,100,99879,100
2019-06-28 09:42:50.000000000,100117,205,100072,205,100120,202,100055,202,100143,202,100052,302,100160,100,100015,200,100173,100,100007,100,100174,100,99985,100,100192,100,99936,200,100193,100,99916,100,100377,100,99894,100,100430,100,99879,100
2019-06-28 09:43:00.000000000,100117,255,100072,255,100120,255,100055,255,100143,100,100052,200,100160,100,100015,200,100173,100,100007,100,100174,100,99985,100,100192,100,99936,200,100193,100,99916,100,100377,100,99894,100,100430,100,99879,100
2019-06-28 09:43:10.000000000,100117,410,100072,410,100120,100,100055,100,100143,100,100052,200,100160,100,100015,200,100173,100,100007,100,100174,100,99985,100,100192,100,99936,200,100193,100,99916,100,100377,100,99894,100,100430,100,99879,100
2019-06-28 09:43:12.311688296,100117,410,100072,410,100120,100,100055,100,100143,100,100052,200,100160,100,100015,200,100173,100,100007,100,100174,100,99985,100,100192,100,99936,200,100193,100,99916,100,100377,100,99894,100,100430,100,99879,100
2019-06-28 09:43:20.000000000,100117,178,100072,178,100120,178,100055,178,100143,178,100052,278,100160,178,100015,278,100173,100,100007,100,100174,100,99985,100,100192,100,99936,200,100193,100,99916,100,100377,100,99894,100,100430,100,99879,100
2019-06-28 09:43:30.000000000,100117,410,100072,410,100120,100,100055,100,100143,100,100052,200,100160,100,100015,200,100173,100,100007,100,100174,100,99985,100,100192,100,99936,200,100193,100,99916,100,100377,100,99894,100,100430,100,99879,100
2019-06-28 09:43:34.309246407,100117,310,100072,410,100120,100,100055,100,100143,100,100052,200,100160,100,100015,200,100173,100,100007,100,100174,100,99985,100,100192,100,99936,200,100193,100,99916,100,100377,100,99894,100,100430,100,99879,100
2019-06-28 09:43:40.000000000,100120,178,100072,178,100143,178,100055,178,100160,178,100052,278,100173,178,100015,278,100174,100,100007,100,100192,100,99985,100,100193,100,99936,200,100377,100,99916,100,100430,100,99894,100,100494,100,99879,100
2019-06-28 09:43:42.597613375,100120,178,100072,178,100143,178,100055,178,100160,178,100052,278,100173,178,100015,278,100192,100,100007,100,100193,100,99985,100,100377,100,99936,200,100430,100,99916,100,100494,100,99894,100,100596,100,99879,100
2019-06-28 09:43:50.000000000,100120,205,100072,205,100143,202,100055,202,100160,202,100052,302,100173,100,100015,200,100192,100,100007,100,100193,100,99985,100,100377,100,99936,200,100430,100,99916,100,100494,100,99894,100,100596,100,99879,100
2019-06-28 09:44:00.000000000,100120,205,100072,205,100143,202,100055,202,100160,202,100052,302,100173,100,100015,200,100192,100,100007,100,100193,100,99985,100,100377,100,99936,200,100430,100,99916,100,100494,100,99894,100,100596,100,99879,100
2019-06-28 09:44:05.030704960,100120,105,100072,205,100143,202,100055,202,100160,202,100052,302,100173,100,100015,200,100192,100,100007,100,100193,100,99985,100,100430,100,99936,200,100494,100,99916,100,100596,100,99894,100,100694,100,99879,100
2019-06-28 09:44:07.243662413,100120,5,100072,205,100143,202,100055,202,100160,202,100052,302,100173,100,100015,200,100192,100,100007,100,100193,100,99985,100,100430,100,99936,200,100494,100,99916,100,100596,100,99894,100,100694,100,99879,100
2019-06-28 09:44:10.000000000,100143,255,100072,255,100160,255,100055,255,100173,100,100052,200,100192,100,100015,200,100193,100,100007,100,100430,100,99985,100,100494,100,99936,200,100596,100,99916,100,100694,100,99894,100,100712,100,99879,100
2019-06-28 09:44:20.000000000,100143,162,100072,162,100160,162,100055,162,100173,162,100052,262,100192,162,100015,262,100193,162,100007,162,100430,100,99985,100,100494,100,99936,200,100596,100,99916,100,100694,100,99894,100,100712,100,99879,100
2019-06-28 09:44:30.000000000,100143,178,100072,178,100160,178,100055,178,100173,178,100052,278,100192,178,100015,278,100193,100,100007,100,100430,100,99985,100,100494,100,99936,200,100596,100,99916,100,100694,100,99894,100,100712,100,99879,100
2019-06-28 09:44:38.263375854,100143,78,100072,178,100160,178,100055,178,100173,178,100052,278,100192,178,100015,278,100193,100,100007,100,100430,100,99985,100,100494,100,99936,200,100596,100,99916,100,100694,100,99894,100,100712,100,99879,100
2019-06-28 09:44:40.000000000,100160,162,100072,162,100173,162,100055,162,100192,162,100052,262,100193,162,100015,262,100430,162,100007,162,100494,100,99985,100,100596,100,99936,200,100694,100,99916,100,100712,100,99894,100,100741,100,99879,100
2019-06-28 09:44:46.991063376,100160,162,100072,162,100173,162,100055,162,100192,162,100052,262,100193,162,100015,262,100430,162,100007,62,100494,100,99985,100,100596,100,99936,200,100694,100,99916,100,100712,100,99894,100,100741,100,99879,100
2019-06-28 09:44:50.000000000,100160,255,100072,255,100173,255,100055,255,100192,100,100052,200,100193,100,100015,200,100430,100,99985,100,100494,100,99936,200,100596,100,99916,100,100694,100,99894,100,100712,100,99879,100,100741,100,99864,100
2019-06-28 09:45:00.000000000,100160,255,100072,255,100173,255,100055,255,100192,100,100052,200,100193,100,100015,200,100430,100,99985,100,100494,100,99936,200,100596,100,99916,100,100694,100,99894,100,100712,100,99879,100,100741,100,99864,100
2019-06-28 09:45:10.000000000,100160,255,100072,255,100173,255,100055,255,100192,100,100052,200,100193,100,100015,200,100430,100,99985,100,100494,100,99936,200,100596,100,99916,100,100694,100,99894,100,100712,100,99879,100,100741,100,99864,100
2019-06-28 09:45:18.389492729,100160,255,100072,255,100173,255,100055,255,100192,100,100052,200,100193,100,100015,200,100430,100,99985,100,100494,100,99936,200,100596,100,99916,100,100694,100,99894,100,100712,100,99879,100,100741,100,99864,100
2019-06-28 09:45:20.000000000,100160,205,100072,205,100173,202,100055,202,100192,202,100052,302,100193,100,100015,200,100430,100,99985,100,100494,100,99936,200,100596,100,99916,100,100694,100,99894,100,100712,100,99879,100,100741,100,99864,100
2019-06-28 09:45:24.975227989,100160,205,100072,205,100173,202,100055,202,100192,202,100052,302,100193,100,100015,200,100430,100,99985,100,100494,100,99936,200,100596,100,99916,100,100694,100,99894,100,100712,100,99879,100,100741,100,99864,100
2019-06-28 09:45:30.000000000,100160,255,100072,255,100173,255,100055,255,100192,100,100052,200,100193,100,100015,200,100430,100,99985,100,100494,100,99936,200,100596,100,99916,100,100694,100,99894,100,100712,100,99879,100,100741,100,99864,100
2019-06-28 09:45:40.000000000,100160,178,100072,178,100173,178,100055,178,100192,178,100052,278,100193,178,100015,278,100430,100,99985,100,100494,100,99936,200,100596,100,99916,100,100694,100,99894,100,100712,100,99879,100,100741,100,99864,100
2019-06-28 09:45:50.000000000,100160,178,100072,178,100173,178,100055,178,100192,178,100052,278,100193,178,100015,278,100430,100,99985,100,100494,100,99936,200,100596,100,99916,100,100694,100,99894,100,100712,100,99879,100,100741,100,99864,100
2019-06-28 09:46:00.000000000,100160,255,100072,255,100173,255,100055,255,100192,100,100052,200,100193,100,100015,200,100430,100,99985,100,100494,100,99936,200,100596,100,99916,100,100694,100,99894,100,100712,100,99879,100,100741,100,99864,100
2019-06-28 09:46:09.719634878,100160,155,100072,255,100173,255,100055,255,100192,100,100052,200,100193,100,100015,200,100430,100,99985,100,100494,100,99936,200,100596,100,99916,100,100694,100,99894,100,100712,100,99879,100,100741,100,99864,100
2019-06-28 09:46:10.000000000,100173,205,100072,205,100192,202,100055,202,100193,202,100052,302,100430,100,100015,200,100494,100,99985,100,100596,100,99936,200,100694,100,99916,100,100712,100,99894,100,100741,100,99879,100,100866,100,99864,100
2019-06-28 09:46:15.750987320,100173,205,100120,100,100192,202,100072,205,100193,202,100055,202,100430,100,100052,302,100494,100,100015,200,100596,100,99985,100,100694,100,99936,200,100712,100,99916,100,100741,100,99894,100,100866,100,99879,100
2019-06-28 09:46:20.000000000,100173,205,100120,205,100192,202,100072,202,100193,202,100055,202,100430,100,100052,200,100494,100,100015,200,100596,100,99985,100,100694,100,99936,200,100712,100,99916,100,100741,100,99894,100,100866,100,99879,100
2019-06-28 09:46:20.622415382,100173,105,100120,205,100192,202,100072,202,100193,202,100055,202,100430,100,100052,200,100494,100,100015,200,100596,100,99985,100,100694,100,99936,200,100712,100,99916,100,100741,100,99894,100,100866,100,99879,100
2019-06-28 09:46:30.000000000,100192,410,100120,410,100193,100,100072,100,100430,100,100055,100,100494,100,100052,200,100596,100,100015,200,100694,100,99985,100,100712,100,99936,200,100741,100,99916,100,100866,100,99894,100,101004,100,99879,100
2019-06-28 09:46:32.952351960,100192,410,100143,100,100193,100,100120,410,100430,100,100072,100,100494,100,100055,100,100596,100,100052,200,100694,100,100015,100,100712,100,99985,100,100741,100,99936,200,100866,100,99916,100,101004,100,99894,100
2019-06-28 09:46:40.000000000,100192,205,100143,205,100193,202,100120,202,100430,202,100072,202,100494,100,100055,100,100596,100,100052,200,100694,100,100015,100,100712,100,99985,100,100741,100,99936,200,100866,100,99916,100,101004,100,99894,100
2019-06-28 09:46:50.000000000,100192,410,100143,410,100193,100,100120,100,100430,100,100072,100,100494,100,100055,100,100596,100,100052,200,100694,100,100015,100,100712,100,99985,100,100741,100,99936,200,100866,100,99916,100,101004,100,99894,100
2019-06-28 09:46:51.564627670,100192,310,100143,410,100193,100,100120,100,100430,100,100072,100,100494,100,100055,100,100596,100,100052,200,100694,100,100015,100,100712,100,99985,100,100741,100,99936,200,100866,100,99916,100,101004,100,99894,100
2019-06-28 09:46:58.032810424,100192,310,100143,410,100193,100,100120,100,100430,100,100072,100,100494,100,100055,100,100596,100,100052,200,100694,100,100015,100,100712,100,99985,100,100741,100,99936,200,100866,100,99916,100,101004,100,99894,100
2019-06-28 09:46:58.130241634,100192,310,100143,410,100193,100,100120,100,100430,100,100072,100,100494,100,100055,100,100596,100,100052,200,100694,100,100015,100,100712,100,99985,100,100741,100,99936,200,100866,100,99916,100,101004,100,99894,100
2019-06-28 09:47:00.000000000,100193,162,100143,162,100430,162,100120,162,100494,162,100072,162,100596,162,100055,162,100694,162,100052,262,100712,100,100015,100,100741,100,99985,100,100866,100,99936,200,101004,100,99916,100,101209,100,99894,100
2019-06-28 09:47:02.641537794,100193,62,100143,162,100430,162,100120,162,100494,162,100072,162,100596,162,100055,162,100694,162,100052,262,100712,100,100015,100,100741,100,99985,100,100866,100,99936,200,101004,100,99916,100,101209,100,99894,100
2019-06-28 09:47:04.840772018,100193,62,100143,162,100430,162,100120,162,100494,162,100072,162,100596,162,100055,162,100694,162,100052,262,100712,100,100015,100,100741,100,99985,100,100866,100,99936,200,101004,100,99916,100,101209,100,99894,100
2019-06-28 09:47:10.000000000,100430,410,100143,410,100494,100,100120,100,100596,100,100072,100,100694,100,100055,100,100712,100,100052,200,100741,100,100015,100,100866,100,99985,100,101004,100,99936,200,101209,100,99916,100,102275,100,99894,100
2019-06-28 09:47:15.069215677,100430,410,100143,410,100494,100,100120,100,100694,100,100072,100,100712,100,100055,100,100741,100,100052,200,100866,100,100015,100,101004,100,99985,100,101209,100,99936,200,102249,100,99916,100,102275,100,99894,100
2019-06-28 09:47:20.000000000,100430,205,100143,205,100494,202,100120,202,100694,202,100072,202,100712,100,100055,100,100741,100,100052,200,100866,100,100015,100,101004,100,99985,100,101209,100,99936,200,102249,100,99916,100,102275,100,99894,100
2019-06-28 09:47:30.000000000,100430,162,100143,162,100494,162,100120,162,100694,162,100072,162,100712,162,100055,162,100741,162,100052,262,100866,100,100015,100,101004,100,99985,100,101209,100,99936,200,102249,100,99916,100,102275,100,99894,100
2019-06-28 09:47:40.000000000,100430,255,100143,255,100494,255,100120,255,100694,100,100072,100,100712,100,100055,100,100741,100,100052,200,100866,100,100015,100,101004,100,99985,100,101209,100,99936,200,102249,100,99916,100,102275,100,99894,100
2019-06-28 09:47:46.486231281,100430,155,100143,255,100494,255,100120,255,100694,100,100072,100,100712,100,100055,100,100741,100,100052,200,100866,100,100015,100,101004,100,99985,100,101209,100,99936,200,102249,100,99916,100,102275,100,99894,100
2019-06-28 09:47:50.000000000,100494,205,100143,205,100694,202,100120,202,100712,202,100072,202,100741,100,100055,100,100866,100,100052,200,101004,100,100015,100,101209,100,99985,100,102249,100,99936,200,102275,100,99916,100,102286,100,99894,100
2019-06-28 09:48:00.000000000,100494,255,100143,255,100694,255,100120,255,100712,100,100072,100,100741,100,100055,100,100866,100,100052,200,101004,100,100015,100,101209,100,99985,100,102249,100,99936,200,102275,100,99916,100,102286,100,99894,100
2019-06-28 09:48:10.000000000,100494,205,100143,205,100694,202,100120,202,100712,202,100072,202,100741,100,100055,100,100866,100,100052,200,101004,100,100015,100,101209,100,99985,100,102249,100,99936,200,102275,100,99916,100,102286,100,99894,100
2019-06-28 09:48:17.581947163,100494,205,100143,205,100694,202,100120,202,100712,202,100072,202,100741,100,100055,100,100866,100,100052,200,101004,100,100015,100,101209,100,99985,100,102156,100,99936,200,102249,100,99916,100,102275,100,99894,100
2019-06-28 09:48:20.000000000,100494,255,100143,255,100694,255,100120,255,100712,100,100072,100,100741,100,100055,100,100866,100,100052,200,101004,100,100015,100,101209,100,99985,100,102156,100,99936,200,102249,100,99916,100,102275,100,99894,100
2019-06-28 09:48:23.750234580,100494,255,100143,255,100694,255,100120,255,100712,100,100072,100,100741,100,100055,100,101004,100,100052,200,101209,100,100015,100,102112,100,99985,100,102156,100,99936,200,102249,100,99916,100,102275,100,99894,100
2019-06-28 09:48:30.000000000,100494,410,100143,410,100694,100,100120,100,100712,100,100072,100,100741,100,100055,100,101004,100,100052,200,101209,100,100015,100,102112,100,99985,100,102156,100,99936,200,102249,100,99916,100,102275,100,99894,100
2019-06-28 09:48:33.691990988,100494,410,100143,410,100694,100,100120,100,100712,100,100072,100,100741,100,100055,100,101004,100,100052,200,101209,100,100015,100,101987,100,99985,100,102112,100,99936,100,102156,100,99916,100,102249,100,99894,100
2019-06-28 09:48:40.000000000,100494,178,100143,178,100694,178,100120,178,100712,178,100072,178,100741,178,100055,178,101004,100,100052,200,101209,100,100015,100,101987,100,99985,100,102112,100,99936,100,102156,100,99916,100,102249,100,99894,100
2019-06-28 09:48:50.000000000,100494,410,100143,410,100694,100,100120,100,100712,100,100072,100,100741,100,100055,100,101004,100,100052,200,101209,100,100015,100,101987,100,99985,100,102112,100,99936,100,102156,100,99916,100,102249,100,99894,100
2019-06-28 09:48:53.639558574,100494,410,100143,410,100694,100,100120,100,100712,100,100055,100,100741,100,100052,200,101004,100,100015,100,101209,100,99985,100,101987,100,99936,100,102112,100,99916,100,102156,100,99894,100,102249,100,99879,100
2019-06-28 09:49:00.000000000,100494,178,100143,178,100694,178,100120,178,100712,178,100055,178,100741,178,100052,278,101004,100,100015,100,101209,100,99985,100,101987,100,99936,100,102112,100,99916,100,102156,100,99894,100,102249,100,99879,100
2019-06-28 09:49:10.000000000,100494,255,100143,255,100694,255,100120,255,100712,100,100055,100,100741,100,100052,200,101004,100,100015,100,101209,100,99985,100,101987,100,99936,100,102112,100,99916,100,102156,100,99894,100,102249,100,99879,100
2019-06-28 09:49:12.745739489,100494,155,100143,255,100694,255,100120,255,100712,100,100055,100,100741,100,100052,200,101004,100,100015,100,101209,100,99985,100,101987,100,99936,100,102112,100,99916,100,102156,100,99879,100,102249,100,99864,100
2019-06-28 09:49:20.000000000,100694,410,100143,410,100712,100,100120,100,100741,100,100055,100,101004,100,100052,200,101209,100,100015,100,101987,100,99985,100,102112,100,99936,100,102156,100,99916,100,102249,100,99879,100,102275,100,99864,100
2019-06-28 09:49:22.228860563,100694,410,100430,100,100712,100,100143,410,100741,100,100120,100,101004,100,100055,100,101209,100,100052,100,101987,100,100015,100,102112,100,99985,100,102156,100,99936,100,102249,100,99916,100,102275,100,99879,100
2019-06-28 09:49:30.000000000,100694,178,100430,178,100712,178,100143,178,100741,178,100120,178,101004,178,100055,178,101209,100,100052,100,101987,100,100015,100,102112,100,99985,100,102156,100,99936,100,102249,100,99916,100,102275,100,99879,100
2019-06-28 09:49:40.000000000,100694,255,100430,255,100712,255,100143,255,100741,100,100120,100,101004,100,100055,100,101209,100,100052,100,101987,100,100015,100,102112,100,99985,100,102156,100,99936,100,102249,100,99916,100,102275,100,99879,100
2019-06-28 09:49:48.880964457,100694,255,100430,255,100712,255,100143,255,100741,100,100120,100,101004,100,100055,100,101209,100,100052,100,101632,100,100015,100,101987,100,99985,100,102112,100,99936,100,102156,100,99916,100,102249,100,99879,100
2019-06-28 09:49:50.000000000,100694,410,100430,410,100712,100,100143,100,100741,100,100120,100,101004,100,100055,100,101209,100,100052,100,101632,100,100015,100,101987,100,99985,100,102112,100,99936,100,102156,100,99916,100,102249,100,99879,100
2019-06-28 09:49:58.798491766,100694,310,100430,410,100712,100,100143,100,100741,100,100120,100,101004,100,100055,100,101209,100,100052,100,101632,100,100015,100,101987,100,99985,100,102112,100,99936,100,102156,100,99916,100,102249,100,99879,100
2019-06-28 09:49:59.988721369,100694,210,100430,410,100712,100,100143,100,100741,100,100120,100,101004,100,100055,100,101209,100,100052,100,101632,100,100015,100,101987,100,99985,100,102112,100,99936,100,102156,100,99916,100,102249,100,99879,100
2019-06-28 09:50:00.000000000,100712,205,100430,205,100741,202,100143,202,101004,202,100120,202,101209,100,100055,100,101632,100,100052,100,101987,100,100015,100,102112,100,99985,100,102156,100,99936,100,102249,100,99916,100,102275,100,99879,100
2019-06-28 09:50:05.584149164,100712,205,100430,205,100741,202,100143,202,101004,202,100120,202,101209,100,100055,100,101632,100,100052,100,101960,100,100015,100,101987,100,99985,100,102112,100,99936,100,102156,100,99916,100,102249,100,99879,100
2019-06-28 09:50:10.000000000,100712,255,100430,255,100741,255,100143,255,101004,100,100120,100,101209,100,100055,100,101632,100,100052,100,101960,100,100015,100,101987,100,99985,100,102112,100,99936,100,102156,100,99916,100,102249,100,99879,100
2019-06-28 09:50:20.000000000,100712,178,100430,178,100741,178,100143,178,101004,178,100120,178,101209,178,100055,178,101632,100,100052,100,101960,100,100015,100,101987,100,99985,100,102112,100,99936,100,102156,100,99916,100,102249,100,99879,100
2019-06-28 09:50:25.407212477,100712,178,100430,178,100741,178,100143,178,101004,178,100120,178,101209,178,100055,178,101834,100,100052,100,101960,100,100015,100,101987,100,99985,100,102112,100,99936,100,102156,100,99916,100,102249,100,99879,100
2019-06-28 09:50:29.527181197,100712,78,100430,178,100741,178,100143,178,101004,78,100120,178,101209,178,100055,178,101834,100,100052,100,101960,100,100015,100,101987,100,99985,100,102112,100,99936,100,102156,100,99916,100,102249,100,99879,100
2019-06-28 09:50:30.000000000,100741,255,100430,255,101209,255,100143,255,101834,100,100120,100,101960,100,100055,100,101987,100,100052,100,102112,100,100015,100,102156,100,99985,100,102249,100,99936,100,102275,100,99916,100,102374,100,99879,100
2019-06-28 09:50:40.000000000,100741,162,100430,162,101209,162,100143,162,101834,162,100120,162,101960,162,100055,162,101987,162,100052,162,102112,100,100015,100,102156,100,99985,100,102249,100,99936,100,102275,100,99916,100,102374,100,99879,100
2019-06-28 09:50:50.000000000,100741,162,100430,162,101209,162,100143,162,101834,162,100120,162,101960,162,100055,162,101987,162,100052,162,102112,100,100015,100,102156,100,99985,100,102249,100,99936,100,102275,100,99916,100,102374,100,99879,100
2019-06-28 09:50:51.901346169,100741,162,100430,162,101209,162,100143,162,101834,162,100120,162,101960,162,100055,162,101987,162,100052,162,102112,100,100015,100,102142,100,99985,100,102156,100,99936,100,102249,100,99916,100,102275,100,99879,100
2019-06-28 09:50:53.053867321,100741,62,100430,162,101209,162,100143,162,101834,162,100120,162,101960,162,100055,162,101987,162,100052,162,102112,100,100015,100,102142,100,99985,100,102156,100,99936,100,102249,100,99879,100,102275,100,,
2019-06-28 09:51:00.000000000,101209,255,100430,255,101834,255,100143,255,101960,100,100120,100,101987,100,100055,100,102112,100,100052,100,102142,100,100015,100,102156,100,99985,100,102249,100,99936,100,102275,100,99879,100,102374,100,,
2019-06-28 09:51:00.500231820,101209,255,100430,255,101834,255,100143,255,101960,100,100120,100,101987,100,100055,100,102112,100,100052,100,102142,100,100015,100,102156,100,99985,100,102158,100,99936,100,102249,100,99879,100,102275,100,,
2019-06-28 09:51:04.837913796,101209,155,100430,255,101834,255,100143,255,101960,100,100120,100,101987,100,100055,100,102112,100,100052,100,102142,100,100015,100,102156,100,99985,100,102158,100,99936,100,102249,100,99879,100,102275,100,,
2019-06-28 09:51:10.000000000,101834,162,100430,162,101960,162,100143,162,101987,162,100120,162,102112,162,100055,162,102142,162,100052,162,102156,100,100015,100,102158,100,99985,100,102249,100,99936,100,102275,100,99879,100,102374,100,,
2019-06-28 09:51:20.000000000,101834,410,100430,410,101960,100,100143,100,101987,100,100120,100,102112,100,100055,100,102142,100,100052,100,102156,100,100015,100,102158,100,99985,100,102249,100,99936,100,102275,100,99879,100,102374,100,,
2019-06-28 09:51:27.177498904,101834,310,100430,410,101960,100,100143,100,101987,100,100120,100,102112,100,100055,100,102142,100,100052,100,102156,100,100015,100,102158,100,99985,100,102249,100,99936,100,102275,100,99879,100,102374,100,,
2019-06-28 09:51:29.738391033,101834,310,101784,100,101960,100,100430,410,101987,100,100143,100,102112,100,100120,100,102142,100,100055,100,102156,100,100052,100,102158,100,100015,100,102249,100,99985,100,102275,100,99936,100,102374,100,99879,100
2019-06-28 09:51:30.000000000,101960,205,101784,205,101987,202,100430,202,102112,202,100143,202,102142,100,100120,100,102156,100,100055,100,102158,100,100052,100,102249,100,100015,100,102275,100,99985,100,102374,100,99936,100,,,99879,100
2019-06-28 09:51:40.000000000,101960,178,101784,178,101987,178,100430,178,102112,178,100143,178,102142,178,100120,178,102156,100,100055,100,102158,100,100052,100,102249,100,100015,100,102275,100,99985,100,102374,100,99936,100,,,99879,100
2019-06-28 09:51:44.961602886,101833,100,101784,178,101960,178,100430,178,101987,178,100143,178,102112,178,100120,178,102142,178,100055,100,102156,100,100052,100,102158,100,100015,100,102249,100,99985,100,102275,100,99936,100,102374,100,99879,100
2019-06-28 09:51:50.000000000,101833,162,101784,162,101960,162,100430,162,101987,162,100143,162,102112,162,100120,162,102142,162,100055,162,102156,100,100052,100,102158,100,100015,100,102249,100,99985,100,102275,100,99936,100,102374,100,99879,100
2019-06-28 09:52:00.000000000,101833,162,101784,162,101960,162,100430,162,101987,162,100143,162,102112,162,100120,162,102142,162,100055,162,102156,100,100052,100,102158,100,100015,100,102249,100,99985,100,102275,100,99936,100,102374,100,99879,100
2019-06-28 09:52:10.000000000,101833,178,101784,178,101960,178,100430,178,101987,178,100143,178,102112,178,100120,178,102142,100,100055,100,102156,100,100052,100,102158,100,100015,100,102249,100,99985,100,102275,100,99936,100,102374,100,99879,100
2019-06-28 09:52:11.929356204,101833,178,101784,178,101960,178,101209,100,101987,178,100430,178,102112,178,100143,178,102142,100,100120,178,102156,100,100055,100,102158,100,100052,100,102249,100,100015,100,102275,100,99985,100,102374,100,99936,100
2019-06-28 09:52:12.202521789,101833,178,101784,178,101960,178,101209,100,101987,178,100430,178,102112,178,100143,178,102142,100,100120,178,102156,100,100055,100,102158,100,100052,100,102249,100,100015,100,102275,100,99985,100,102369,100,99936,100
2019-06-28 09:52:20.000000000,101833,162,101784,162,101960,162,101209,162,101987,162,100430,162,102112,162,100143,162,102142,162,100120,162,102156,100,100055,100,102158,100,100052,100,102249,100,100015,100,102275,100,99985,100,102369,100,99936,100
2019-06-28 09:52:30.000000000,101833,410,101784,410,101960,100,101209,100,101987,100,100430,100,102112,100,100143,100,102142,100,100120,100,102156,100,100055,100,102158,100,100052,100,102249,100,100015,100,102275,100,99985,100,102369,100,99936,100
2019-06-28 09:52:40.000000000,101833,410,101784,410,101960,100,101209,100,101987,100,100430,100,102112,100,100143,100,102142,100,100120,100,102156,100,100055,100,102158,100,100052,100,102249,100,100015,100,102275,100,99985,100,102369,100,99936,100
2019-06-28 09:52:50.000000000,101833,410,101784,410,101960,100,101209,100,101987,100,100430,100,102112,100,100143,100,102142,100,100120,100,102156,100,100055,100,102158,100,100052,100,102249,100,100015,100,102275,100,99985,100,102369,100,99936,100
2019-06-28 09:52:50.148616203,101833,410,101784,410,101960,100,101209,200,101987,100,100143,100,102112,100,100120,100,102142,100,100055,100,102156,100,100052,100,102158,100,100015,100,102249,100,99985,100,102275,100,99936,100,102369,100,99879,100
2019-06-28 09:53:00.000000000,101833,205,101784,205,101960,202,101209,302,101987,202,100143,202,102112,100,100120,100,102142,100,100055,100,102156,100,100052,100,102158,100,100015,100,102249,100,99985,100,102275,100,99936,100,102369,100,99879,100
2019-06-28 09:53:02.844318392,101833,205,101784,105,101960,202,101209,302,101987,202,100143,202,102112,100,100120,100,102142,100,100055,100,102156,100,100052,100,102158,100,100015,100,102249,100,99985,100,102275,100,99936,100,102369,100,99879,100
2019-06-28 09:53:08.118384098,101833,205,101784,105,101960,202,101209,402,101987,202,100143,202,102112,100,100120,100,102142,100,100055,100,102156,100,100052,100,102158,100,100015,100,102249,100,99985,100,102275,100,99936,100,102369,100,99879,100
2019-06-28 09:53:10.000000000,101833,410,101209,610,101960,100,100143,100,101987,100,100120,100,102112,100,100055,100,102142,100,100052,100,102156,100,100015,100,102158,100,99985,100,102249,100,99936,100,102275,100,99879,100,102369,100,,
2019-06-28 09:53:20.000000000,101833,178,101209,378,101960,178,100143,178,101987,178,100120,178,102112,178,100055,178,102142,100,100052,100,102156,100,100015,100,102158,100,99985,100,102249,100,99936,100,102275,100,99879,100,102369,100,,
2019-06-28 09:53:22.447978285,101833,178,101209,378,101960,178,100143,178,101987,178,100120,178,102112,178,100055,178,102142,100,100052,100,102156,100,100015,100,102158,100,99985,100,102249,100,99936,100,102275,100,99879,100,102369,100,,
2019-06-28 09:53:30.000000000,101833,162,101209,362,101960,162,100143,162,101987,162,100120,162,102112,162,100055,162,102142,162,100052,162,102156,100,100015,100,102158,100,99985,100,102249,100,99936,100,102275,100,99879,100,102369,100,,
2019-06-28 09:53:40.000000000,101833,178,101209,378,101960,178,100143,178,101987,178,100120,178,102112,178,100055,178,102142,100,100052,100,102156,100,100015,100,102158,100,99985,100,102249,100,99936,100,102275,100,99879,100,102369,100,,
2019-06-28 09:53:41.453883293,101833,78,101209,378,101960,178,100143,178,101987,178,100120,178,102112,178,100055,178,102142,100,100052,100,102156,100,100015,100,102158,100,99985,100,102249,100,99936,100,102275,100,99879,100,102369,100,,
2019-06-28 09:53:50.000000000,101960,255,101209,455,101987,255,100143,255,102112,100,100120,100,102142,100,100055,100,102156,100,100052,100,102158,100,100015,100,102249,100,99985,100,102275,100,99936,100,102369,100,99879,100,102374,100,,
2019-06-28 09:53:57.514593554,101960,255,101833,100,101987,255,101209,355,102112,100,100143,255,102142,100,100120,100,102156,100,100055,100,102158,100,100052,100,102249,100,100015,100,102275,100,99985,100,102369,100,99936,100,102374,100,99879,100
2019-06-28 09:54:00.000000000,101960,178,101833,178,101987,178,101209,278,102112,178,100143,178,102142,178,100120,178,102156,100,100055,100,102158,100,100052,100,102249,100,100015,100,102275,100,99985,100,102369,100,99936,100,102374,100,99879,100
2019-06-28 09:54:10.000000000,101960,178,101833,178,101987,178,101209,278,102112,178,100143,178,102142,178,100120,178,102156,100,100055,100,102158,100,100052,100,102249,100,100015,100,102275,100,99985,100,102369,100,99936,100,102374,100,99879,100
2019-06-28 09:54:10.381913723,101960,178,101833,178,101987,178,101209,278,102112,178,100143,178,102142,178,100120,178,102156,100,100055,100,102158,100,100052,100,102246,100,100015,100,102249,100,99985,100,102275,100,99936,100,102369,100,99879,100
2019-06-28 09:54:11.698901524,101960,78,101833,178,101987,178,101209,278,102112,178,100143,178,102142,178,100120,178,102156,100,100055,100,102158,100,100052,100,102246,100,100015,100,102249,100,99985,100,102275,100,99936,100,102369,100,99879,100
2019-06-28 09:54:20.000000000,101987,255,101833,255,102112,255,101209,355,102142,100,100143,100,102156,100,100120,100,102158,100,100055,100,102246,100,100052,100,102249,100,100015,100,102275,100,99985,100,102369,100,99936,100,102374,100,99879,100
2019-06-28 09:54:27.554337345,101987,255,101833,155,102112,255,101209,355,102142,100,100143,100,102156,100,100120,100,102158,100,100055,100,102246,100,100052,100,102249,100,100015,100,102275,100,99985,100,102369,100,99936,100,102374,100,99879,100
2019-06-28 09:54:30.000000000,101987,255,101209,355,102112,255,100143,255,102142,100,100120,100,102156,100,100055,100,102158,100,100052,100,102246,100,100015,100,102249,100,99985,100,102275,100,99936,100,102369,100,99879,100,102374,100,,
2019-06-28 09:54:32.731317049,101987,155,101209,355,102112,255,100143,255,102156,100,100120,100,102158,100,100055,100,102246,100,100052,100,102249,100,100015,100,102275,100,99985,100,102369,100,99936,100,102374,100,99879,100,102660,100,,
2019-06-28 09:54:33.830607946,101987,155,101209,355,102112,255,100143,255,102156,100,100120,100,102158,100,100055,100,102246,100,100015,100,102249,100,99985,100,102275,100,99936,100,102369,100,99879,100,102374,100,,,102660,100,,
2019-06-28 09:54:34.502938646,101987,155,101974,100,102112,255,101209,355,102156,100,100143,255,102158,100,100120,100,102246,100,100055,100,102249,100,100015,100,102275,100,99985,100,102369,100,99936,100,102374,100,99879,100,102660,100,,
2019-06-28 09:54:40.000000000,102112,178,101974,178,102156,178,101209,278,102158,178,100143,178,102246,178,100120,178,102249,100,100055,100,102275,100,100015,100,102369,100,99985,100,102374,100,99936,100,102660,100,99879,100,102721,100,,
2019-06-28 09:54:44.356544945,102112,178,102095,100,102156,178,101974,178,102158,178,101209,278,102246,178,100143,178,102249,100,100120,178,102275,100,100055,100,102369,100,100015,100,102374,100,99985,100,102660,100,99936,100,102721,100,99879,100
2019-06-28 09:54:46.355785193,102112,178,102095,100,102156,178,101974,178,102158,178,101832,100,102246,178,101209,278,102249,100,100143,178,102275,100,100120,178,102369,100,100055,100,102374,100,100015,100,102660,100,99985,100,102721,100,99936,100
2019-06-28 09:54:48.719839384,102112,178,102095,100,102156,178,101974,178,102158,178,101947,100,102246,178,101832,100,102249,100,101209,278,102275,100,100143,178,102369,100,100120,178,102374,100,100055,100,102660,100,100015,100,102721,100,99985,100
2019-06-28 09:54:50.000000000,102112,178,102095,178,102156,178,101974,178,102158,178,101947,178,102246,178,101832,178,102249,100,101209,200,102275,100,100143,100,102369,100,100120,100,102374,100,100055,100,102660,100,100015,100,102721,100,99985,100
2019-06-28 09:54:52.559334727,102112,178,102095,178,102156,178,101974,178,102158,178,101947,178,102246,178,101832,178,102249,100,101209,200,102275,100,100120,100,102369,100,100055,100,102374,100,100015,100,102660,100,99985,100,102721,100,99936,100
2019-06-28 09:54:56.221602971,102112,178,102095,78,102156,178,101974,178,102158,178,101947,178,102246,178,101832,178,102249,100,101209,200,102275,100,100120,100,102369,100,100055,100,102374,100,100015,100,102660,100,99985,100,102721,100,99936,100
2019-06-28 09:55:00.000000000,102112,162,101974,162,102156,162,101947,162,102158,162,101832,162,102246,162,101209,262,102249,162,100120,162,102275,100,100055,100,102369,100,100015,100,102374,100,99985,100,102660,100,99936,100,102721,100,99879,100
2019-06-28 09:55:02.037741464,102112,162,102087,100,102156,62,101974,162,102158,162,101947,162,102246,162,101832,162,102249,162,101209,262,102275,100,100120,162,102369,100,100055,100,102374,100,100015,100,102660,100,99985,100,102721,100,99936,100
2019-06-28 09:55:02.898070149,102095,100,102087,100,102112,162,101974,162,102156,62,101947,162,102158,162,101832,162,102246,162,101209,262,102249,162,100120,162,102275,100,100055,100,102369,100,100015,100,102374,100,99985,100,102660,100,99936,100
2019-06-28 09:55:10.000000000,102095,410,102087,410,102112,100,101974,100,102158,100,101947,100,102246,100,101832,100,102249,100,101209,200,102275,100,100120,100,102369,100,100055,100,102374,100,100015,100,102660,100,99985,100,102721,100,99936,100
2019-06-28 09:55:20.000000000,102095,255,102087,255,102112,255,101974,255,102158,100,101947,100,102246,100,101832,100,102249,100,101209,200,102275,100,100120,100,102369,100,100055,100,102374,100,100015,100,102660,100,99985,100,102721,100,99936,100
2019-06-28 09:55:30.000000000,102095,178,102087,178,102112,178,101974,178,102158,178,101947,178,102246,178,101832,178,102249,100,101209,200,102275,100,100120,100,102369,100,100055,100,102374,100,100015,100,102660,100,99985,100,102721,100,99936,100
2019-06-28 09:55:40.000000000,102095,205,102087,205,102112,202,101974,202,102158,202,101947,202,102246,100,101832,100,102249,100,101209,200,102275,100,100120,100,102369,100,100055,100,102374,100,100015,100,102660,100,99985,100,102721,100,99936,100
2019-06-28 09:55:46.656672437,102095,205,102087,105,102112,202,101974,202,102158,202,101947,202,102246,100,101832,100,102249,100,101209,200,102275,100,100120,100,102369,100,100055,100,102374,100,100015,100,102660,100,99985,100,102721,100,99936,100
2019-06-28 09:55:50.000000000,102095,410,101974,410,102112,100,101947,100,102158,100,101832,100,102246,100,101209,200,102249,100,100120,100,102275,100,100055,100,102369,100,100015,100,102374,100,99985,100,102660,100,99936,100,102721,100,,
2019-06-28 09:55:57.425109136,102095,410,101974,410,102112,100,101947,100,102158,100,101832,100,102246,100,101209,200,102249,100,100055,100,102275,100,100015,100,102369,100,99985,100,102374,100,99936,100,102660,100,,,102721,100,,
2019-06-28 09:56:00.000000000,102095,162,101974,162,102112,162,101947,162,102158,162,101832,162,102246,162,101209,262,102249,162,100055,162,102275,100,100015,100,102369,100,99985,100,102374,100,99936,100,102660,100,,,102721,100,,
2019-06-28 09:56:10.000000000,102095,410,101974,410,102112,100,101947,100,102158,100,101832,100,102246,100,101209,200,102249,100,100055,100,102275,100,100015,100,102369,100,99985,100,102374,100,99936,100,102660,100,,,102721,100,,
2019-06-28 09:56:18.677945978,102095,410,101974,310,102112,100,101947,100,102158,100,101832,100,102246,100,101209,200,102249,100,100055,100,102275,100,100015,100,102369,100,99985,100,102374,100,99936,100,102660,100,,,102721,100,,
2019-06-28 09:56:20.000000000,102095,178,101947,178,102112,178,101832,178,102158,178,101209,278,102246,178,100055,178,102249,100,100015,100,102275,100,99985,100,102369,100,99936,100,102374,100,,,102660,100,,,102721,100,,
2019-06-28 09:56:21.101448525,102095,178,101947,78,102112,178,101832,178,102158,178,101209,278,102246,178,100055,178,102249,100,100015,100,102275,100,99985,100,102369,100,99936,100,102374,100,,,102660,100,,,102721,100,,
2019-06-28 09:56:30.000000000,102095,255,101832,255,102112,255,101209,355,102158,100,100055,100,102246,100,100015,100,102249,100,99985,100,102275,100,99936,100,102369,100,,,102374,100,,,102660,100,,,102721,100,,
2019-06-28 09:56:40.000000000,102095,205,101832,205,102112,202,101209,302,102158,202,100055,202,102246,100,100015,100,102249,100,99985,100,102275,100,99936,100,102369,100,,,102374,100,,,102660,100,,,102721,100,,
2019-06-28 09:56:49.419487868,102095,205,101832,205,102112,202,101634,100,102158,202,101209,302,102246,100,100055,202,102249,100,100015,100,102275,100,99985,100,102369,100,99936,100,102374,100,,,102660,100,,,102721,100,,
2019-06-28 09:56:50.000000000,102095,255,101832,255,102112,255,101634,255,102158,100,101209,200,102246,100,100055,100,102249,100,100015,100,102275,100,99985,100,102369,100,99936,100,102374,100,,,102660,100,,,102721,100,,
2019-06-28 09:56:56.716410286,102095,255,101842,100,102112,255,101832,255,102158,100,101634,255,102246,100,101209,200,102249,100,100055,100,102275,100,100015,100,102369,100,99985,100,102374,100,99936,100,102660,100,,,102721,100,,
2019-06-28 09:56:58.744244343,102095,255,101919,100,102112,255,101842,100,102158,100,101832,255,102246,100,101634,255,102249,100,101209,200,102275,100,100055,100,102369,100,100015,100,102374,100,99985,100,102660,100,99936,100,102721,100,,
2019-06-28 09:57:00.000000000,102095,162,101919,162,102112,162,101842,162,102158,162,101832,162,102246,162,101634,162,102249,162,101209,262,102275,100,100055,100,102369,100,100015,100,102374,100,99985,100,102660,100,99936,100,102721,100,,
2019-06-28 09:57:06.072769981,102095,162,101919,162,102112,162,101848,100,102158,162,101842,162,102246,162,101832,162,102249,162,101634,162,102275,100,101209,262,102369,100,100055,100,102374,100,100015,100,102660,100,99985,100,102721,100,99936,100
2019-06-28 09:57:10.000000000,102095,255,101919,255,102112,255,101848,255,102158,100,101842,100,102246,100,101832,100,102249,100,101634,100,102275,100,101209,200,102369,100,100055,100,102374,100,100015,100,102660,100,99985,100,102721,100,99936,100
2019-06-28 09:57:12.689281828,102095,255,101919,255,102112,255,101848,255,102158,100,101842,200,102246,100,101832,100,102249,100,101634,100,102275,100,101209,200,102369,100,100055,100,102374,100,100015,100,102660,100,99985,100,102721,100,99936,100
2019-06-28 09:57:16.292699085,102095,255,101919,255,102112,255,101906,100,102158,100,101848,255,102246,100,101842,200,102275,100,101832,100,102369,100,101634,100,102374,100,101209,200,102660,100,100055,100,102721,100,100015,100,,,99985,100
2019-06-28 09:57:20.000000000,102095,205,101919,205,102112,202,101906,202,102158,202,101848,202,102246,100,101842,200,102275,100,101832,100,102369,100,101634,100,102374,100,101209,200,102660,100,100055,100,102721,100,100015,100,,,99985,100
2019-06-28 09:57:25.199037952,102095,205,101939,100,102112,202,101919,205,102158,202,101906,202,102246,100,101848,202,102275,100,101842,200,102369,100,101832,100,102374,100,101634,100,102660,100,101209,200,102721,100,100055,100,,,100015,100
2019-06-28 09:57:30.000000000,102095,178,101939,178,102112,178,101919,178,102158,178,101906,178,102246,178,101848,178,102275,100,101842,200,102369,100,101832,100,102374,100,101634,100,102660,100,101209,200,102721,100,100055,100,,,100015,100
2019-06-28 09:57:35.650626136,102095,178,101939,178,102112,178,101919,178,102158,178,101906,178,102246,178,101848,178,102275,100,101842,200,102369,100,101832,100,102374,100,101797,100,102660,100,101634,100,,,101209,200,,,100055,100
2019-06-28 09:57:40.000000000,102095,410,101939,410,102112,100,101919,100,102158,100,101906,100,102246,100,101848,100,102275,100,101842,200,102369,100,101832,100,102374,100,101797,100,102660,100,101634,100,,,101209,200,,,100055,100
2019-06-28 09:57:50.000000000,102095,255,101939,255,102112,255,101919,255,102158,100,101906,100,102246,100,101848,100,102275,100,101842,200,102369,100,101832,100,102374,100,101797,100,102660,100,101634,100,,,101209,200,,,100055,100
2019-06-28 09:57:58.033879034,102095,255,101939,255,102112,255,101920,100,102158,100,101919,255,102246,100,101906,100,102275,100,101848,100,102369,100,101842,200,102374,100,101832,100,102660,100,101797,100,,,101634,100,,,101209,200
2019-06-28 09:58:00.000000000,102095,255,101939,255,102112,255,101920,255,102158,100,101919,100,102246,100,101906,100,102275,100,101848,100,102369,100,101842,200,102374,100,101832,100,102660,100,101797,100,,,101634,100,,,101209,200
2019-06-28 09:58:08.096568463,102095,255,101939,255,102112,255,101920,255,102158,100,101919,100,102246,100,101906,100,102275,100,101848,100,102369,100,101842,200,102374,100,101832,100,102660,100,101797,100,,,101634,100,,,101209,200
2019-06-28 09:58:10.000000000,102095,162,101939,162,102112,162,101920,162,102158,162,101919,162,102246,162,101906,162,102275,162,101848,162,102369,100,101842,200,102374,100,101832,100,102660,100,101797,100,,,101634,100,,,101209,200
2019-06-28 09:58:20.000000000,102095,410,101939,410,102112,100,101920,100,102158,100,101919,100,102246,100,101906,100,102275,100,101848,100,102369,100,101842,200,102374,100,101832,100,102660,100,101797,100,,,101634,100,,,101209,200
2019-06-28 09:58:26.824122616,102095,410,101939,410,102112,100,101920,100,102158,100,101919,100,102246,100,101906,100,102275,100,101848,100,102369,100,101842,200,102374,100,101832,100,102660,100,101797,100,,,101634,100,,,101578,100
2019-06-28 09:58:30.000000000,102095,178,101939,178,102112,178,101920,178,102158,178,101919,178,102246,178,101906,178,102275,100,101848,100,102369,100,101842,200,102374,100,101832,100,102660,100,101797,100,,,101634,100,,,101578,100
2019-06-28 09:58:36.037675116,101974,100,101939,178,102095,178,101920,178,102112,178,101919,178,102158,178,101906,178,102246,178,101848,100,102275,100,101842,200,102369,100,101832,100,102374,100,101797,100,102660,100,101634,100,,,101578,100
2019-06-28 09:58:38.892343476,101974,100,101939,78,102095,178,101920,178,102112,178,101919,178,102158,178,101906,178,102246,178,101848,100,102275,100,101842,200,102369,100,101832,100,102374,100,101797,100,102660,100,101634,100,,,101578,100
2019-06-28 09:58:39.558108626,101974,100,101939,78,102095,178,101920,178,102112,178,101919,178,102158,178,101906,178,102246,178,101848,100,102275,100,101842,200,102369,100,101832,100,102374,100,101797,100,102660,100,101634,100,,,101578,100
2019-06-28 09:58:40.000000000,101974,255,101920,255,102095,255,101919,255,102112,100,101906,100,102158,100,101848,100,102246,100,101842,200,102275,100,101832,100,102369,100,101797,100,102374,100,101634,100,102660,100,101578,100,,,101361,100
2019-06-28 09:58:43.775049186,101974,255,101920,155,102095,255,101919,255,102112,100,101906,100,102158,100,101848,100,102246,100,101842,200,102275,100,101832,100,102369,100,101797,100,102374,100,101634,100,102660,100,101578,100,,,101361,100
2019-06-28 09:58:50.000000000,101974,205,101919,205,102095,202,101906,202,102112,202,101848,202,102158,100,101842,200,102246,100,101832,100,102275,100,101797,100,102369,100,101634,100,102374,100,101578,100,102660,100,101361,100,,,101209,200
2019-06-28 09:59:00.000000000,101974,205,101919,205,102095,202,101906,202,102112,202,101848,202,102158,100,101842,200,102246,100,101832,100,102275,100,101797,100,102369,100,101634,100,102374,100,101578,100,102660,100,101361,100,,,101209,200
2019-06-28 09:59:10.000000000,101974,178,101919,178,102095,178,101906,178,102112,178,101848,178,102158,178,101842,278,102246,100,101832,100,102275,100,101797,100,102369,100,101634,100,102374,100,101578,100,102660,100,101361,100,,,101209,200
2019-06-28 09:59:20.000000000,101974,410,101919,410,102095,100,101906,100,102112,100,101848,100,102158,100,101842,200,102246,100,101832,100,102275,100,101797,100,102369,100,101634,100,102374,100,101578,100,102660,100,101361,100,,,101209,200
2019-06-28 09:59:30.000000000,101974,178,101919,178,102095,178,101906,178,102112,178,101848,178,102158,178,101842,278,102246,100,101832,100,102275,100,101797,100,102369,100,101634,100,102374,100,101578,100,102660,100,101361,100,,,101209,200
2019-06-28 09:59:40.000000000,101974,410,101919,410,102095,100,101906,100,102112,100,101848,100,102158,100,101842,200,102246,100,101832,100,102275,100,101797,100,102369,100,101634,100,102374,100,101578,100,102660,100,101361,100,,,101209,200
2019-06-28 09:59:50.000000000,101974,410,101919,410,102095,100,101906,100,102112,100,101848,100,102158,100,101842,200,102246,100,101832,100,102275,100,101797,100,102369,100,101634,100,102374,100,101578,100,102660,100,101361,100,,,101209,200
2019-06-28 09:59:50.098514625,101974,410,101919,410,102095,100,101906,100,102112,100,101848,100,102158,100,101842,200,102246,100,101797,100,102275,100,101634,100,102369,100,101578,100,102374,100,101361,100,102660,100,101209,200,,,100055,100
2019-06-28 09:59:55.287135750,101974,410,101919,310,102095,100,101906,100,102112,100,101848,100,102158,100,101842,200,102246,100,101797,100,102275,100,101634,100,102369,100,101578,100,102374,100,101361,100,102660,100,101209,200,,,100055,100
2019-06-28 10:00:00.000000000,101974,178,101906,178,102095,178,101848,178,102112,178,101842,278,102158,178,101797,178,102246,100,101634,100,102275,100,101578,100,102369,100,101361,100,102374,100,101209,200,102660,100,100055,100,,,100015,100
2019-06-28 10:00:10.000000000,101974,205,101906,205,102095,202,101848,202,102112,202,101842,302,102158,100,101797,100,102246,100,101634,100,102275,100,101578,100,102369,100,101361,100,102374,100,101209,200,102660,100,100055,100,,,100015,100
2019-06-28 10:00:11.744214716,101920,100,101906,205,101974,205,101848,202,102095,202,101842,302,102112,202,101797,100,102158,100,101634,100,102246,100,101578,100,102275,100,101361,100,102369,100,101209,200,102374,100,100055,100,102660,100,100015,100
2019-06-28 10:00:13.012402916,101920,100,101906,105,101974,205,101848,202,102095,202,101842,302,102112,202,101797,100,102158,100,101634,100,102246,100,101578,100,102275,100,101361,100,102369,100,101209,200,102374,100,100055,100,,,100015,100
2019-06-28 10:00:20.000000000,101920,178,101848,178,101974,178,101842,278,102095,178,101797,178,102112,178,101634,178,102158,100,101578,100,102246,100,101361,100,102275,100,101209,200,102369,100,100055,100,102374,100,100015,100,,,99936,100
2019-06-28 10:00:22.123967032,101920,178,101848,78,101974,178,101842,278,102095,178,101797,178,102112,178,101634,178,102158,100,101578,100,102246,100,101361,100,102275,100,101209,200,102369,100,100055,100,102374,100,100015,100,,,99936,100
2019-06-28 10:00:27.393677104,101906,100,101848,78,101920,178,101842,278,101974,178,101797,178,102095,178,101634,178,102112,178,101578,100,102158,100,101361,100,102246,100,101209,200,102275,100,100055,100,102369,100,100015,100,102374,100,99936,100
2019-06-28 10:00:30.000000000,101906,410,101842,510,101920,100,101797,100,101974,100,101634,100,102095,100,101578,100,102112,100,101361,100,102158,100,101209,200,102246,100,100055,100,102275,100,100015,100,102369,100,99936,100,102374,100,,
2019-06-28 10:00:40.000000000,101906,178,101842,278,101920,178,101797,178,101974,178,101634,178,102095,178,101578,178,102112,100,101361,100,102158,100,101209,200,102246,100,100055,100,102275,100,100015,100,102369,100,99936,100,102374,100,,
2019-06-28 10:00:50.000000000,101906,162,101842,262,101920,162,101797,162,101974,162,101634,162,102095,162,101578,162,102112,162,101361,162,102158,100,101209,200,102246,100,100055,100,102275,100,100015,100,102369,100,99936,100,102374,100,,
2019-06-28 10:00:55.338307704,101906,262,101842,262,101920,162,101797,162,101974,162,101634,162,102095,162,101578,162,102112,162,101361,162,102158,100,101209,200,102246,100,100055,100,102275,100,100015,100,102369,100,99936,100,102374,100,,
2019-06-28 10:01:00.000000000,101906,262,101842,262,101920,162,101797,162,101974,162,101634,162,102095,162,101578,162,102112,162,101361,162,102158,100,101209,200,102246,100,100055,100,102275,100,100015,100,102369,100,99936,100,102374,100,,
2019-06-28 10:01:10.000000000,101906,355,101842,355,101920,255,101797,255,101974,100,101634,100,102095,100,101578,100,102112,100,101361,100,102158,100,101209,200,102246,100,100055,100,102275,100,100015,100,102369,100,99936,100,102374,100,,
2019-06-28 10:01:11.160273378,101906,355,101842,355,101920,255,101797,255,101974,100,101634,100,102095,100,101578,100,102112,100,101361,100,102158,100,101209,200,102246,100,100879,100,102275,100,100055,100,102369,100,100015,100,102374,100,99936,100
2019-06-28 10:01:18.167548202,101906,355,101842,355,101920,255,101797,255,101974,100,101634,100,102095,100,101578,100,102112,100,101361,100,102158,100,101209,200,102246,100,101174,100,102275,100,100879,100,102369,100,100055,100,102374,100,100015,100
2019-06-28 10:01:19.590312233,101906,355,101842,355,101920,255,101797,255,101974,100,101634,100,102095,100,101578,100,102112,100,101361,100,102158,100,101209,200,102246,100,101174,100,102275,100,100879,100,102369,100,100856,100,102374,100,100015,100
2019-06-28 10:01:20.000000000,101906,278,101842,278,101920,178,101797,178,101974,178,101634,178,102095,178,101578,178,102112,100,101361,100,102158,100,101209,200,102246,100,101174,100,102275,100,100879,100,102369,100,100856,100,102374,100,100015,100
2019-06-28 10:01:30.000000000,101906,355,101842,355,101920,255,101797,255,101974,100,101634,100,102095,100,101578,100,102112,100,101361,100,102158,100,101209,200,102246,100,101174,100,102275,100,100879,100,102369,100,100856,100,102374,100,100015,100
2019-06-28 10:01:40.000000000,101906,355,101842,355,101920,255,101797,255,101974,100,101634,100,102095,100,101578,100,102112,100,101361,100,102158,100,101209,200,102246,100,101174,100,102275,100,100879,100,102369,100,100856,100,102374,100,100015,100
2019-06-28 10:01:44.630940642,101906,355,101842,255,101920,255,101797,255,101974,100,101634,100,102095,100,101578,100,102112,100,101361,100,102158,100,101209,200,102246,100,101174,100,102275,100,100879,100,102369,100,100856,100,102374,100,100015,100
2019-06-28 10:01:47.730328212,101906,355,101842,155,101920,255,101797,255,101974,100,101634,100,102095,100,101578,100,102112,100,101361,100,102158,100,101209,200,102246,100,100879,100,102275,100,100856,100,102369,100,100015,100,102374,100,,
2019-06-28 10:01:50.000000000,101906,510,101797,410,101920,100,101634,100,101974,100,101578,100,102095,100,101361,100,102112,100,101209,200,102158,100,100879,100,102246,100,100856,100,102275,100,100015,100,102369,100,,,102374,100,,
2019-06-28 10:01:54.758054993,101906,510,101797,310,101920,100,101634,100,101974,100,101578,100,102095,100,101361,100,102112,100,101209,200,102158,100,100879,100,102246,100,100856,100,102275,100,100015,100,102369,100,,,102374,100,,
2019-06-28 10:02:00.000000000,101906,510,101634,410,101920,100,101578,100,101974,100,101361,100,102095,100,101209,200,102112,100,100879,100,102158,100,100856,100,102246,100,100015,100,102275,100,,,102369,100,,,102374,100,,
2019-06-28 10:02:10.000000000,101906,262,101634,162,101920,162,101578,162,101974,162,101361,162,102095,162,101209,262,102112,162,100879,162,102158,100,100856,100,102246,100,100015,100,102275,100,,,102369,100,,,102374,100,,
2019-06-28 10:02:20.000000000,101906,355,101634,255,101920,255,101578,255,101974,100,101361,100,102095,100,101209,200,102112,100,100879,100,102158,100,100856,100,102246,100,100015,100,102275,100,,,102369,100,,,102374,100,,
2019-06-28 10:02:30.000000000,101906,305,101634,205,101920,202,101578,202,101974,202,101361,202,102095,100,101209,200,102112,100,100879,100,102158,100,100856,100,102246,100,100015,100,102275,100,,,102369,100,,,102374,100,,
2019-06-28 10:02:38.706250122,101906,305,101634,105,101920,202,101578,202,101974,202,101361,202,102095,100,101209,200,102112,100,100879,100,102158,100,100856,100,102246,100,100015,100,102275,100,,,102369,100,,,102374,100,,
2019-06-28 10:02:40.000000000,101906,305,101578,205,101920,202,101361,202,101974,202,101209,302,102095,100,100879,100,102112,100,100856,100,102158,100,100015,100,102246,100,,,102275,100,,,102369,100,,,102374,100,,
2019-06-28 10:02:50.000000000,101906,510,101578,410,101920,100,101361,100,101974,100,101209,200,102095,100,100879,100,102112,100,100856,100,102158,100,100015,100,102246,100,,,102275,100,,,102369,100,,,102374,100,,
2019-06-28 10:03:00.000000000,101906,510,101578,410,101920,100,101361,100,101974,100,101209,200,102095,100,100879,100,102112,100,100856,100,102158,100,100015,100,102246,100,,,102275,100,,,102369,100,,,102374,100,,
2019-06-28 10:03:10.000000000,101906,278,101578,178,101920,178,101361,178,101974,178,101209,278,102095,178,100879,178,102112,100,100856,100,102158,100,100015,100,102246,100,,,102275,100,,,102369,100,,,102374,100,,
2019-06-28 10:03:20.000000000,101906,278,101578,178,101920,178,101361,178,101974,178,101209,278,102095,178,100879,178,102112,100,100856,100,102158,100,100015,100,102246,100,,,102275,100,,,102369,100,,,102374,100,,
2019-06-28 10:03:30.000000000,101906,355,101578,255,101920,255,101361,255,101974,100,101209,200,102095,100,100879,100,102112,100,100856,100,102158,100,100015,100,102246,100,,,102275,100,,,102369,100,,,102374,100,,
2019-06-28 10:03:40.000000000,101906,262,101578,162,101920,162,101361,162,101974,162,101209,262,102095,162,100879,162,102112,162,100856,162,102158,100,100015,100,102246,100,,,102275,100,,,102369,100,,,102374,100,,
2019-06-28 10:03:43.524013889,101797,100,101578,162,101906,262,101361,162,101920,162,101209,262,101974,162,100879,162,102095,62,100856,162,102112,162,100015,100,102158,100,,,102246,100,,,102275,100,,,102369,100,,
2019-06-28 10:03:50.000000000,101797,255,101578,255,101906,355,101361,255,101920,100,101209,200,101974,100,100879,100,102112,100,100856,100,102158,100,100015,100,102246,100,,,102275,100,,,102369,100,,,102374,100,,
2019-06-28 10:03:55.959850136,101797,255,101578,155,101906,355,101361,255,101920,100,101209,200,101974,100,100879,100,102112,100,100856,100,102158,100,100015,100,102275,100,,,102369,100,,,102374,100,,,,,,
2019-06-28 10:03:59.461314951,101797,255,101578,55,101906,355,101361,255,101920,100,101209,200,101974,100,100879,100,102112,100,100856,100,102158,100,100015,100,102275,100,,,102369,100,,,102374,100,,,,,,
2019-06-28 10:04:00.000000000,101797,162,101361,162,101906,262,101209,262,101920,162,100879,162,101974,162,100856,162,102112,162,100015,162,102158,100,,,102275,100,,,102369,100,,,102374,100,,,,,,
2019-06-28 10:04:03.874468565,101578,100,101361,162,101797,162,101209,262,101906,262,100879,162,101920,162,100856,162,101974,162,100015,162,102112,162,,,102158,100,,,102275,100,,,102369,100,,,102374,100,,
2019-06-28 10:04:10.000000000,101578,205,101361,205,101797,202,101209,302,101906,302,100879,202,101920,100,100856,100,101974,100,100015,100,102112,100,,,102158,100,,,102275,100,,,102369,100,,,102374,100,,
2019-06-28 10:04:20.000000000,101578,410,101361,410,101797,100,101209,200,101906,200,100879,100,101920,100,100856,100,101974,100,100015,100,102112,100,,,102158,100,,,102275,100,,,102369,100,,,102374,100,,
2019-06-28 10:04:26.804523558,101578,410,101361,310,101797,100,101209,200,101906,200,100879,100,101920,100,100856,100,101974,100,100015,100,102112,100,,,102158,100,,,102275,100,,,102369,100,,,102374,100,,
2019-06-28 10:04:30.000000000,101578,162,101209,262,101797,162,100879,162,101906,262,100856,162,101920,162,100015,162,101974,162,100014,62,102112,100,,,102158,100,,,102275,100,,,102369,100,,,102374,100,,
2019-06-28 10:04:40.000000000,101578,255,101209,355,101797,255,100879,255,101906,200,100856,100,101920,100,100015,100,101974,100,,,102112,100,,,102158,100,,,102275,100,,,102369,100,,,102374,100,,
2019-06-28 10:04:40.055179879,101578,255,101209,255,101797,255,100879,255,101906,200,100856,100,101920,100,100015,100,101974,100,,,102112,100,,,102158,100,,,102275,100,,,102369,100,,,102374,100,,
2019-06-28 10:04:44.446345881,101578,255,101209,255,101797,255,100879,255,101906,200,100856,100,101920,100,100405,100,101974,100,100015,100,102112,100,,,102275,100,,,102369,100,,,102374,100,,,,,,
2019-06-28 10:04:50.000000000,101578,205,101209,205,101797,202,100879,202,101906,302,100856,202,101920,100,100405,100,101974,100,100015,100,102112,100,,,102275,100,,,102369,100,,,102374,100,,,,,,
2019-06-28 10:05:00.000000000,101578,178,101209,178,101797,178,100879,178,101906,278,100856,178,101920,178,100405,178,101974,100,100015,100,102112,100,,,102275,100,,,102369,100,,,102374,100,,,,,,
2019-06-28 10:05:00.334214229,101361,100,101209,178,101578,178,100879,178,101797,178,100856,178,101906,278,100405,178,101920,178,100015,100,101974,100,,,102112,100,,,102275,100,,,102369,100,,,102374,100,,
2019-06-28 10:05:10.000000000,101361,410,101209,410,101578,100,100879,100,101797,100,100856,100,101906,200,100405,100,101920,100,100015,100,101974,100,,,102112,100,,,102275,100,,,102369,100,,,102374,100,,
2019-06-28 10:05:20.000000000,101361,410,101209,410,101578,100,100879,100,101797,100,100856,100,101906,200,100405,100,101920,100,100015,100,101974,100,,,102112,100,,,102275,100,,,102369,100,,,102374,100,,
2019-06-28 10:05:27.811340089,101361,410,101209,310,101578,100,100879,100,101797,100,100856,100,101906,200,100405,100,101920,100,100015,100,101974,100,,,102275,100,,,102369,100,,,102374,100,,,,,,
2019-06-28 10:05:30.000000000,101361,205,100879,205,101578,202,100856,202,101797,202,100405,202,101906,200,100015,100,101920,100,,,101974,100,,,102275,100,,,102369,100,,,102374,100,,,,,,
2019-06-28 10:05:40.000000000,101361,205,100879,205,101578,202,100856,202,101797,202,100405,202,101906,200,100015,100,101920,100,,,101974,100,,,102275,100,,,102369,100,,,102374,100,,,,,,
2019-06-28 10:05:50.000000000,101361,205,100879,205,101578,202,100856,202,101797,202,100405,202,101906,200,100015,100,101920,100,,,101974,100,,,102275,100,,,102369,100,,,102374,100,,,,,,
2019-06-28 10:05:51.813873379,101361,205,100879,205,101578,202,100874,100,101797,202,100856,202,101906,200,100405,202,101920,100,100015,100,101974,100,,,102275,100,,,102369,100,,,102374,100,,,,,,
2019-06-28 10:06:00.000000000,101361,162,100879,162,101578,162,100874,162,101797,162,100856,162,101906,262,100405,162,101920,162,100015,162,101974,100,,,102275,100,,,102369,100,,,102374,100,,,,,,
2019-06-28 10:06:08.364683062,101361,162,100879,162,101578,162,100874,162,101797,162,100856,162,101906,262,100644,100,101920,162,100405,162,101974,100,100015,162,102275,100,,,102369,100,,,102374,100,,,,,,
