,ask_price_1,ask_size_1,bid_price_1,bid_size_1,ask_price_2,ask_size_2,bid_price_2,bid_size_2,ask_price_3,ask_size_3,bid_price_3,bid_size_3,ask_price_4,ask_size_4,bid_price_4,bid_size_4,ask_price_5,ask_size_5,bid_price_5,bid_size_5,ask_price_6,ask_size_6,bid_price_6,bid_size_6,ask_price_7,ask_size_7,bid_price_7,bid_size_7,ask_price_8,ask_size_8,bid_price_8,bid_size_8,ask_price_9,ask_size_9,bid_price_9,bid_size_9,ask_price_10,ask_size_10,bid_price_10,bid_size_10
2019-06-28 09:30:00.000000001,,,100014,100,,,,,,,,,,,,,,,,,,,,,,,,,,,,,,,,,,,,
2019-06-28 09:30:00.000000002,,,99827,100,,,,,,,,,,,,,,,,,,,,,,,,,,,,,,,,,,,,
2019-06-28 09:30:00.000000004,,,99902,100,,,99899,100,,,99827,100,,,,,,,,,,,,,,,,,,,,,,,,,,,,
2019-06-28 09:30:00.000000005,100024,100,99902,100,,,99899,100,,,99827,100,,,,,,,,,,,,,,,,,,,,,,,,,,,,
2019-06-28 09:30:00.000000010,100024,100,99944,100,,,99902,100,,,99899,100,,,99827,100,,,,,,,,,,,,,,,,,,,,,,,,
2019-06-28 09:30:00.000000013,100024,100,99977,100,,,99944,100,,,99902,100,,,99899,100,,,99878,100,,,99827,100,,,,,,,,,,,,,,,,
2019-06-28 09:30:00.000000014,100024,100,99977,100,100036,100,99944,100,,,99902,100,,,99899,100,,,99878,100,,,99827,100,,,,,,,,,,,,,,,,
2019-06-28 09:30:00.000000016,100024,100,99977,100,100036,100,99944,100,,,99902,100,,,99899,100,,,99878,200,,,99827,100,,,,,,,,,,,,,,,,
2019-06-28 09:30:00.000000021,100024,100,99977,100,100036,100,99944,100,100114,100,99941,100,,,99902,100,,,99899,100,,,99878,200,,,99827,100,,,,,,,,,,,,
2019-06-28 09:30:00.000000022,100024,100,99977,100,100036,100,99944,100,100114,100,99941,100,,,99902,100,,,99900,100,,,99899,100,,,99878,200,,,99827,100,,,,,,,,
2019-06-28 09:30:00.000000025,100008,100,99988,100,100024,100,99977,100,100036,100,99944,100,100043,100,99941,100,100114,100,99902,100,,,99900,100,,,99899,100,,,99878,200,,,99827,100,,,,
2019-06-28 09:30:00.000000026,99991,100,99988,100,100008,100,99977,100,100024,100,99944,100,100036,100,99941,100,100043,100,99902,100,100114,100,99900,100,,,99899,100,,,99878,200,,,99827,100,,,,
2019-06-28 09:30:00.000000029,99991,100,99988,100,100008,100,99977,100,100024,100,99944,100,100036,100,99941,100,100043,100,99902,100,100114,100,99900,100,,,99899,100,,,99878,200,,,99846,100,,,99827,100
2019-06-28 09:30:00.000000031,99991,100,99988,100,100008,100,99977,100,100024,100,99973,100,100036,100,99944,100,100043,100,99941,100,100114,100,99902,100,,,99900,100,,,99899,100,,,99878,200,,,99846,100
2019-06-28 09:30:00.000000034,99991,200,99988,100,100008,100,99977,100,100024,100,99973,100,100036,100,99944,100,100043,100,99941,100,100114,100,99902,100,,,99900,100,,,99899,100,,,99878,200,,,99846,100
2019-06-28 09:30:00.000000038,99991,200,99977,100,100008,100,99973,100,100024,100,99944,100,100036,100,99941,100,100043,100,99902,100,100114,100,99900,100,,,99899,100,,,99878,200,,,99846,100,,,99827,100
2019-06-28 09:30:00.000000041,99991,200,99977,100,100008,100,99973,100,100024,100,99944,100,100036,100,99941,100,100043,100,99902,100,100098,100,99900,100,100114,100,99899,100,,,99878,200,,,99846,100,,,99827,100
2019-06-28 09:30:00.000000043,99991,200,99977,100,100008,100,99973,100,100024,100,99945,100,100036,100,99944,100,100043,100,99941,100,100098,100,99933,100,100114,100,99902,100,,,99900,100,,,99899,100,,,99878,200
2019-06-28 09:30:00.000000044,99991,200,99977,100,100008,100,99973,100,100018,100,99945,100,100024,100,99944,100,100036,100,99941,100,100043,100,99933,100,100098,100,99902,100,100114,100,99900,100,,,99899,100,,,99878,200
2019-06-28 09:30:00.000000046,99991,100,99977,100,100008,100,99973,100,100018,100,99945,100,100024,100,99944,100,100036,100,99941,100,100043,100,99933,100,100098,100,99902,100,100114,100,99900,100,,,99899,100,,,99878,200
2019-06-28 09:30:00.000000048,100008,100,99977,100,100018,100,99973,100,100024,100,99945,100,100036,100,99944,100,100043,100,99941,100,100098,100,99933,100,100114,100,99902,100,,,99900,100,,,99899,100,,,99878,200
2019-06-28 09:30:00.000000050,100008,100,99977,100,100018,100,99973,100,100024,100,99945,100,100036,100,99944,100,100043,100,99941,100,100058,100,99933,100,100098,100,99902,100,100114,100,99900,100,,,99899,100,,,99878,200
2019-06-28 09:30:00.000000051,100008,100,99977,100,100018,100,99973,100,100024,100,99945,100,100036,100,99944,100,100043,100,99941,100,100058,100,99933,100,100098,100,99902,100,100114,100,99900,100,,,99899,100,,,99878,200
2019-06-28 09:30:00.000000055,100008,100,99977,100,100018,100,99973,100,100024,100,99945,100,100036,100,99944,100,100043,100,99941,100,100058,100,99933,100,100098,100,99902,100,100114,100,99900,100,,,99899,100,,,99878,200
2019-06-28 09:30:00.000000057,99995,100,99977,100,100008,100,99973,100,100018,100,99945,100,100024,100,99944,100,100036,100,99941,100,100043,100,99933,100,100058,100,99902,100,100098,100,99900,100,100114,100,99899,100,,,99878,200
2019-06-28 09:30:00.000000058,99995,100,99977,100,100008,100,99973,100,100018,100,99945,100,100024,100,99944,100,100036,100,99941,100,100043,100,99933,100,100058,100,99902,100,100098,100,99900,100,100114,100,99899,100,,,99878,200
2019-06-28 09:30:00.000000059,99995,100,99977,100,99998,100,99973,100,100008,100,99945,100,100018,100,99944,100,100024,100,99941,100,100036,100,99933,100,100043,100,99902,100,100058,100,99900,100,100098,100,99899,100,100114,100,99878,200
2019-06-28 09:30:00.000000060,99998,100,99985,100,100008,100,99977,100,100018,100,99973,100,100024,100,99945,100,100036,100,99944,100,100043,100,99941,100,100058,100,99933,100,100098,100,99902,100,100114,100,99900,100,,,99899,100
2019-06-28 09:30:00.000000061,99998,100,99985,100,100008,100,99977,100,100018,100,99973,100,100024,100,99945,100,100036,100,99944,100,100043,100,99941,100,100058,100,99933,100,100098,100,99902,100,100114,100,99900,100,,,99899,100
2019-06-28 09:30:00.000000062,99998,100,99985,100,100008,100,99977,100,100018,100,99973,100,100024,100,99945,100,100036,100,99944,100,100043,100,99941,100,100058,100,99933,100,100085,100,99902,100,100087,100,99900,100,100098,100,99899,100
2019-06-28 09:30:00.000000063,99998,100,99991,100,100008,100,99985,100,100018,100,99977,100,100024,100,99973,100,100031,100,99945,100,100036,100,99944,100,100043,100,99941,100,100058,100,99933,100,100085,100,99902,100,100087,100,99900,100
2019-06-28 09:30:00.000000065,99998,100,99991,100,100007,100,99985,100,100008,100,99977,100,100018,100,99973,100,100024,100,99945,100,100031,100,99944,100,100036,100,99941,100,100043,100,99933,100,100058,100,99921,100,100085,100,99902,100
2019-06-28 09:30:00.000000066,99998,100,99991,100,100007,100,99985,100,100008,100,99977,100,100018,100,99973,100,100024,100,99945,100,100031,100,99944,100,100036,100,99941,100,100042,100,99933,100,100043,100,99921,100,100058,100,99902,100
2019-06-28 09:30:00.000000067,99998,100,99991,200,100007,100,99985,100,100008,100,99977,100,100018,100,99973,100,100024,100,99945,100,100031,100,99944,100,100036,100,99941,100,100042,100,99933,100,100043,100,99921,100,100058,100,99902,100
2019-06-28 09:30:00.000000068,99998,100,99991,200,100007,100,99985,100,100008,100,99977,100,100018,100,99973,100,100024,100,99945,100,100031,100,99944,100,100036,100,99941,100,100042,100,99933,100,100043,100,99921,100,100058,100,99902,100
2019-06-28 09:30:00.000000072,99996,100,99991,200,99998,100,99985,100,100007,100,99977,100,100008,100,99973,100,100018,100,99945,100,100024,100,99944,100,100031,100,99941,100,100036,100,99933,100,100042,100,99921,100,100043,100,99902,100
2019-06-28 09:30:00.000000073,99993,100,99991,200,99996,100,99985,100,99998,100,99977,100,100007,100,99973,100,100008,100,99945,100,100018,100,99944,100,100024,100,99941,100,100031,100,99933,100,100036,100,99921,100,100042,100,99902,100
2019-06-28 09:30:00.000000076,99993,100,99991,200,99996,100,99985,100,99998,100,99977,100,100007,100,99973,100,100008,100,99945,100,100018,100,99944,100,100024,100,99941,100,100031,100,99933,100,100036,100,99921,100,100042,100,99902,100
2019-06-28 09:30:00.000000078,99993,100,99991,200,99996,100,99985,100,99998,100,99977,100,100007,100,99973,100,100008,100,99964,100,100018,100,99945,100,100024,100,99944,100,100031,100,99941,100,100036,100,99933,100,100042,100,99921,100
2019-06-28 09:30:00.000000080,99996,100,99991,200,99998,100,99985,100,100007,100,99977,100,100008,100,99973,100,100018,100,99964,100,100024,100,99945,100,100031,100,99944,100,100036,100,99941,100,100042,100,99933,100,100043,100,99921,100
2019-06-28 09:30:00.000000081,99995,100,99991,200,99996,100,99985,100,99998,100,99977,100,100007,100,99973,100,100008,100,99964,100,100018,100,99945,100,100024,100,99944,100,100031,100,99941,100,100036,100,99933,100,100042,100,99921,100
2019-06-28 09:30:00.000000083,99995,100,99991,200,99996,100,99985,100,99998,100,99977,100,100007,100,99973,100,100008,100,99964,100,100018,100,99945,100,100024,100,99944,100,100031,100,99941,100,100036,100,99933,100,100042,100,99921,100
2019-06-28 09:30:00.000000085,99995,100,99991,200,99996,100,99985,100,99998,100,99977,100,100007,100,99973,100,100008,100,99964,100,100018,100,99945,100,100024,100,99944,100,100031,100,99941,100,100036,100,99933,100,100042,100,99921,100
2019-06-28 09:30:00.000000088,99995,200,99991,200,99996,100,99985,100,99998,100,99977,100,100007,100,99973,100,100008,100,99964,100,100018,100,99945,100,100024,100,99944,100,100031,100,99941,100,100036,100,99933,100,100042,100,99921,100
2019-06-28 09:30:00.000000092,99995,200,99991,200,99996,100,99985,100,99998,100,99977,100,100007,100,99973,100,100008,100,99964,100,100018,100,99945,100,100024,100,99944,100,100031,100,99941,100,100036,100,99933,100,100042,100,99921,100
2019-06-28 09:30:00.000000095,99995,200,99991,200,99996,100,99985,100,99998,100,99977,100,100007,100,99973,100,100008,100,99964,100,100018,100,99945,100,100024,100,99944,100,100031,100,99941,100,100036,100,99933,200,100042,100,99921,100
2019-06-28 09:30:00.000000096,99995,100,99991,200,99996,100,99985,100,99998,100,99977,100,100007,100,99973,100,100008,100,99964,100,100018,100,99945,100,100024,100,99944,100,100031,100,99941,100,100036,100,99933,200,100042,100,99921,100
2019-06-28 09:30:10.000000000,99995,210,99991,310,99996,207,99985,207,99998,207,99977,207,100007,100,99973,100,100008,100,99964,100,100018,100,99945,100,100024,100,99944,100,100031,100,99941,100,100036,100,99933,200,100042,100,99921,100
2019-06-28 09:30:11.192319449,99995,210,99991,310,99996,207,99985,207,99998,207,99977,207,100007,100,99973,100,100008,100,99964,100,100018,100,99945,100,100024,100,99944,100,100031,100,99941,100,100036,100,99933,200,100042,100,99921,100
2019-06-28 09:30:20.000000000,99995,181,99991,281,99996,181,99985,181,99998,181,99977,181,100007,181,99973,181,100008,100,99964,100,100018,100,99945,100,100024,100,99944,100,100031,100,99941,100,100036,100,99933,200,100042,100,99921,100
2019-06-28 09:30:30.000000000,99995,424,99991,524,99996,100,99985,100,99998,100,99977,100,100007,100,99973,100,100008,100,99964,100,100018,100,99945,100,100024,100,99944,100,100031,100,99941,100,100036,100,99933,200,100042,100,99921,100
2019-06-28 09:30:35.039506238,99995,424,99991,524,99996,100,99985,100,99998,100,99977,100,100007,100,99973,100,100008,100,99964,100,100018,100,99945,100,100024,100,99944,100,100031,100,99941,100,100036,100,99933,200,100042,100,99921,100
2019-06-28 09:30:40.000000000,99995,262,99991,362,99996,262,99985,262,99998,100,99977,100,100007,100,99973,100,100008,100,99964,100,100018,100,99945,100,100024,100,99944,100,100031,100,99941,100,100036,100,99933,200,100042,100,99921,100
2019-06-28 09:30:43.784202637,99995,262,99991,362,99996,262,99985,262,99998,100,99977,100,100007,100,99973,100,100008,100,99964,100,100018,100,99945,100,100024,100,99944,100,100031,100,99941,100,100036,100,99933,200,100042,100,99921,100
2019-06-28 09:30:46.850831473,99995,162,99991,362,99996,262,99985,262,99998,100,99977,100,100007,100,99973,100,100008,100,99964,100,100018,100,99945,100,100024,100,99944,100,100031,100,99941,100,100036,100,99933,200,100042,100,99921,100
2019-06-28 09:30:47.291677210,99995,162,99991,362,99996,262,99985,262,99998,100,99977,100,100007,100,99973,100,100008,100,99964,100,100018,100,99945,100,100024,100,99944,100,100031,100,99941,100,100036,100,99933,200,100042,100,99921,100
2019-06-28 09:30:50.000000000,99996,262,99991,362,99998,262,99985,262,100007,100,99977,100,100008,100,99973,100,100018,100,99964,100,100024,100,99945,100,100031,100,99944,100,100036,100,99941,100,100042,100,99933,200,100043,100,99921,100
2019-06-28 09:30:51.847592171,99996,162,99991,362,99998,262,99985,262,100007,100,99977,100,100008,100,99973,100,100018,100,99964,100,100024,100,99945,100,100031,100,99944,100,100036,100,99941,100,100042,100,99933,200,100043,100,99921,100
2019-06-28 09:30:53.966181397,99996,162,99991,362,99998,262,99985,262,100007,100,99977,100,100008,100,99973,100,100018,100,99964,100,100024,100,99945,100,100031,100,99944,100,100036,100,99941,100,100042,100,99933,200,100043,100,99921,100
2019-06-28 09:30:57.805985538,99996,62,99991,362,99998,262,99985,262,100007,100,99977,100,100008,100,99973,100,100018,100,99964,100,100024,100,99945,100,100031,100,99944,100,100036,100,99941,100,100042,100,99933,200,100043,100,99921,100
2019-06-28 09:31:00.000000000,99998,181,99991,281,100007,181,99985,181,100008,181,99977,181,100018,181,99973,181,100024,100,99964,100,100031,100,99945,100,100036,100,99944,100,100042,100,99941,100,100043,100,99933,200,100058,100,99921,100
2019-06-28 09:31:01.492215945,99998,181,99996,100,100007,181,99991,281,100008,181,99985,181,100018,181,99977,181,100024,100,99973,181,100031,100,99964,100,100036,100,99945,100,100042,100,99944,100,100058,100,99941,100,100073,100,99933,200
2019-06-28 09:31:09.049674606,99998,181,99996,200,100007,181,99991,281,100008,181,99985,181,100018,181,99977,181,100024,100,99973,181,100031,100,99964,100,100036,100,99945,100,100042,100,99944,100,100058,100,99941,100,100073,100,99933,200
2019-06-28 09:31:10.000000000,99998,210,99996,310,100007,207,99991,307,100008,207,99985,207,100018,100,99977,100,100024,100,99973,100,100031,100,99964,100,100036,100,99945,100,100042,100,99944,100,100058,100,99941,100,100073,100,99933,200
2019-06-28 09:31:20.000000000,99998,424,99996,524,100007,100,99991,200,100008,100,99985,100,100018,100,99977,100,100024,100,99973,100,100031,100,99964,100,100036,100,99945,100,100042,100,99944,100,100058,100,99941,100,100073,100,99933,200
2019-06-28 09:31:30.000000000,99998,262,99996,362,100007,262,99991,362,100008,100,99985,100,100018,100,99977,100,100024,100,99973,100,100031,100,99964,100,100036,100,99945,100,100042,100,99944,100,100058,100,99941,100,100073,100,99933,200
2019-06-28 09:31:40.000000000,99998,210,99996,310,100007,207,99991,307,100008,207,99985,207,100018,100,99977,100,100024,100,99973,100,100031,100,99964,100,100036,100,99945,100,100042,100,99944,100,100058,100,99941,100,100073,100,99933,200
2019-06-28 09:31:50.000000000,99998,424,99996,524,100007,100,99991,200,100008,100,99985,100,100018,100,99977,100,100024,100,99973,100,100031,100,99964,100,100036,100,99945,100,100042,100,99944,100,100058,100,99941,100,100073,100,99933,200
2019-06-28 09:31:52.769560664,99998,324,99996,524,100007,100,99991,200,100008,100,99985,100,100018,100,99977,100,100024,100,99973,100,100031,100,99964,100,100036,100,99944,100,100042,100,99941,100,100058,100,99933,200,100073,100,99921,100
2019-06-28 09:32:00.000000000,100007,424,99996,524,100008,100,99991,200,100018,100,99985,100,100024,100,99977,100,100031,100,99973,100,100036,100,99964,100,100042,100,99944,100,100058,100,99941,100,100073,100,99933,200,100076,100,99921,100
2019-06-28 09:32:08.077048441,100007,424,99996,524,100008,100,99991,200,100018,100,99985,100,100024,100,99977,100,100031,100,99973,100,100036,100,99964,100,100042,100,99944,100,100058,100,99941,100,100073,100,99933,200,100076,100,99921,100
2019-06-28 09:32:10.000000000,100007,210,99996,310,100008,207,99991,307,100018,207,99985,207,100024,100,99977,100,100031,100,99973,100,100036,100,99964,100,100042,100,99944,100,100058,100,99941,100,100073,100,99933,200,100076,100,99921,100
2019-06-28 09:32:18.530072835,100007,110,99996,310,100008,207,99991,307,100018,207,99985,207,100024,100,99977,100,100031,100,99973,100,100036,100,99964,100,100042,100,99944,100,100058,100,99941,100,100073,100,99933,200,100076,100,99921,100
2019-06-28 09:32:20.000000000,100008,165,99996,265,100018,165,99991,265,100024,165,99985,165,100031,165,99977,165,100036,165,99973,165,100042,100,99964,100,100058,100,99944,100,100073,100,99941,100,100076,100,99933,200,100085,100,99921,100
2019-06-28 09:32:28.892221304,100008,65,99996,265,100018,165,99991,265,100024,165,99985,165,100031,165,99977,165,100036,165,99973,165,100042,100,99964,100,100058,100,99944,100,100073,100,99941,100,100076,100,99933,200,100085,100,99921,100
2019-06-28 09:32:30.000000000,100018,210,99996,310,100024,207,99991,307,100031,207,99985,207,100036,100,99977,100,100042,100,99973,100,100058,100,99964,100,100073,100,99944,100,100076,100,99941,100,100085,100,99933,200,100087,200,99921,100
2019-06-28 09:32:36.528828904,100018,210,100007,100,100024,207,99996,310,100031,207,99991,307,100036,100,99985,207,100042,100,99977,100,100058,100,99973,100,100073,100,99964,100,100076,100,99944,100,100085,100,99941,100,100087,200,99933,200
2019-06-28 09:32:37.262105905,100018,210,100007,100,100024,207,99996,310,100031,207,99991,307,100036,100,99985,207,100058,100,99977,100,100073,100,99973,100,100076,100,99964,100,100085,100,99944,100,100087,200,99941,100,100109,100,99933,200
2019-06-28 09:32:40.000000000,100018,262,100007,262,100024,262,99996,362,100031,100,99991,200,100036,100,99985,100,100058,100,99977,100,100073,100,99973,100,100076,100,99964,100,100085,100,99944,100,100087,200,99941,100,100109,100,99933,200
2019-06-28 09:32:42.295963618,100018,162,100007,262,100024,262,99996,362,100031,100,99991,200,100036,100,99985,100,100058,100,99977,100,100073,100,99973,100,100076,100,99964,100,100085,100,99944,100,100087,200,99941,100,100109,100,99933,200
2019-06-28 09:32:42.335862079,100018,162,100007,262,100024,262,99996,362,100031,100,99991,200,100035,100,99985,100,100036,100,99977,100,100058,100,99973,100,100073,100,99964,100,100076,100,99944,100,100085,100,99941,100,100087,200,99933,200
2019-06-28 09:32:50.000000000,100024,210,100007,210,100031,207,99996,307,100035,207,99991,307,100036,100,99985,100,100058,100,99977,100,100073,100,99973,100,100076,100,99964,100,100085,100,99944,100,100087,200,99941,100,100109,100,99933,200
2019-06-28 09:32:59.201241763,100024,210,100007,210,100031,207,99996,307,100035,207,99991,307,100036,100,99985,100,100058,100,99977,100,100071,100,99973,100,100073,100,99964,100,100076,100,99944,100,100085,100,99941,100,100087,200,99933,200
2019-06-28 09:32:59.354781271,100024,210,100007,210,100031,207,99996,307,100035,207,99991,307,100036,100,99985,100,100058,100,99977,100,100071,100,99973,100,100073,100,99964,100,100076,100,99946,100,100085,100,99944,100,100087,200,99941,100
2019-06-28 09:33:00.000000000,100024,262,100007,262,100031,262,99996,362,100035,100,99991,200,100036,100,99985,100,100058,100,99977,100,100071,100,99973,100,100073,100,99964,100,100076,100,99946,100,100085,100,99944,100,100087,200,99941,100
2019-06-28 09:33:03.321038879,100024,262,100007,262,100031,262,99996,362,100035,100,99991,200,100036,100,99985,100,100058,100,99977,100,100071,100,99973,100,100073,100,99964,100,100076,100,99950,100,100085,100,99946,100,100087,200,99944,100
2019-06-28 09:33:10.000000000,100024,210,100007,210,100031,207,99996,307,100035,207,99991,307,100036,100,99985,100,100058,100,99977,100,100071,100,99973,100,100073,100,99964,100,100076,100,99950,100,100085,100,99946,100,100087,200,99944,100
2019-06-28 09:33:12.582972071,100024,210,100007,110,100031,207,99996,307,100035,207,99991,307,100036,100,99985,100,100058,100,99977,100,100071,100,99973,100,100073,100,99964,100,100076,100,99950,100,100085,100,99946,100,100087,200,99944,100
2019-06-28 09:33:20.000000000,100024,210,99996,310,100031,207,99991,307,100035,207,99985,207,100036,100,99977,100,100058,100,99973,100,100071,100,99964,100,100073,100,99950,100,100076,100,99946,100,100085,100,99944,100,100087,200,99941,100
2019-06-28 09:33:25.071584425,100024,210,99996,310,100031,207,99991,207,100035,207,99985,207,100036,100,99977,100,100058,100,99973,100,100071,100,99964,100,100073,100,99950,100,100076,100,99946,100,100085,100,99944,100,100087,200,99941,100
2019-06-28 09:33:30.000000000,100024,210,99996,310,100031,207,99991,207,100035,207,99985,207,100036,100,99977,100,100058,100,99973,100,100071,100,99964,100,100073,100,99950,100,100076,100,99946,100,100085,100,99944,100,100087,200,99941,100
2019-06-28 09:33:31.108582895,100004,100,99996,310,100024,210,99991,207,100031,207,99985,207,100035,207,99977,100,100036,100,99973,100,100058,100,99964,100,100071,100,99950,100,100073,100,99946,100,100085,100,99944,100,100087,200,99941,100
2019-06-28 09:33:32.032929574,100004,100,99996,310,100024,210,99991,207,100031,207,99985,207,100035,207,99977,100,100036,100,99973,100,100058,100,99964,100,100071,100,99950,100,100073,100,99946,100,100085,100,99944,100,100087,200,99941,100
2019-06-28 09:33:39.087944799,100024,210,99996,310,100031,207,99991,207,100035,207,99985,207,100036,100,99977,100,100058,100,99973,100,100071,100,99964,100,100073,100,99950,100,100085,100,99946,100,100087,200,99944,100,100109,100,99941,100
2019-06-28 09:33:40.000000000,100024,210,99996,310,100031,207,99991,207,100035,207,99985,207,100036,100,99977,100,100058,100,99973,100,100071,100,99964,100,100073,100,99950,100,100085,100,99946,100,100087,200,99944,100,100109,100,99941,100
2019-06-28 09:33:44.990607779,100024,210,100008,100,100031,207,99996,310,100035,207,99991,107,100036,100,99985,207,100058,100,99977,100,100071,100,99973,100,100073,100,99964,100,100085,100,99950,100,100087,200,99946,100,100109,100,99944,100
2019-06-28 09:33:50.000000000,100024,424,100008,424,100031,100,99996,200,100035,100,99985,100,100036,100,99977,100,100058,100,99973,100,100071,100,99964,100,100073,100,99950,100,100085,100,99946,100,100087,200,99944,100,100109,100,99941,100
2019-06-28 09:33:58.696745785,100024,424,100008,424,100031,100,99996,200,100035,100,99985,100,100036,100,99973,100,100058,100,99964,100,100071,100,99950,100,100073,100,99946,100,100085,100,99944,100,100087,200,99941,100,100109,100,99933,200
2019-06-28 09:34:00.000000000,100024,181,100008,181,100031,181,99996,281,100035,181,99985,181,100036,181,99973,181,100058,100,99964,100,100071,100,99950,100,100073,100,99946,100,100085,100,99944,100,100087,200,99941,100,100109,100,99933,200
2019-06-28 09:34:06.330067348,100024,181,100008,181,100031,181,100000,100,100035,181,99996,281,100036,181,99985,81,100058,100,99973,181,100071,100,99964,100,100073,100,99950,100,100085,100,99946,100,100087,200,99944,100,100109,100,99941,100
2019-06-28 09:34:09.599199103,100024,181,100008,181,100031,181,100000,100,100035,181,99996,281,100036,181,99985,81,100058,100,99973,81,100071,100,99964,100,100073,100,99950,100,100085,100,99946,100,100087,200,99944,100,100109,100,99941,100
2019-06-28 09:34:10.000000000,100024,165,100008,165,100031,165,100000,165,100035,165,99996,265,100036,165,99964,165,100058,165,99950,165,100071,100,99946,100,100073,100,99944,100,100085,100,99941,100,100087,200,99933,200,100109,100,99921,100
2019-06-28 09:34:20.000000000,100024,262,100008,262,100031,262,100000,262,100035,100,99996,200,100036,100,99964,100,100058,100,99950,100,100071,100,99946,100,100073,100,99944,100,100085,100,99941,100,100087,200,99933,200,100109,100,99921,100
2019-06-28 09:34:30.000000000,100024,262,100008,262,100031,262,100000,262,100035,100,99996,200,100036,100,99964,100,100058,100,99950,100,100071,100,99946,100,100073,100,99944,100,100085,100,99941,100,100087,200,99933,200,100109,100,99921,100
2019-06-28 09:34:40.000000000,100024,424,100008,424,100031,100,100000,100,100035,100,99996,200,100036,100,99964,100,100058,100,99950,100,100071,100,99946,100,100073,100,99944,100,100085,100,99941,100,100087,200,99933,200,100109,100,99921,100
2019-06-28 09:34:41.782797034,100024,424,100008,324,100031,100,100000,100,100035,100,99996,200,100036,100,99964,100,100058,100,99950,100,100071,100,99946,100,100073,100,99944,100,100085,100,99941,100,100087,200,99933,200,100109,100,99921,100
2019-06-28 09:34:45.520815361,100024,424,100008,324,100031,100,100000,100,100035,100,99996,200,100036,100,99964,100,100058,100,99950,100,100071,100,99946,100,100073,100,99944,100,100085,100,99941,100,100087,200,99933,200,100109,100,99921,100
2019-06-28 09:34:45.765859766,100024,424,100008,324,100031,100,100000,100,100035,100,99996,200,100036,100,99964,100,100058,100,99950,100,100071,100,99946,100,100073,100,99944,100,100085,100,99941,100,100087,200,99933,200,100109,100,99921,100
2019-06-28 09:34:50.000000000,100024,424,100000,424,100031,100,99996,200,100035,100,99964,100,100036,100,99950,100,100058,100,99946,100,100071,100,99944,100,100073,100,99941,100,100085,100,99933,200,100087,200,99921,100,100109,100,99902,100
2019-06-28 09:35:00.000000000,100024,424,100000,424,100031,100,99996,200,100035,100,99964,100,100036,100,99950,100,100058,100,99946,100,100071,100,99944,100,100073,100,99941,100,100085,100,99933,200,100087,200,99921,100,100109,100,99902,100
2019-06-28 09:35:10.000000000,100024,424,100000,424,100031,100,99996,200,100035,100,99964,100,100036,100,99950,100,100058,100,99946,100,100071,100,99944,100,100073,100,99941,100,100085,100,99933,200,100087,200,99921,100,100109,100,99902,100
2019-06-28 09:35:20.000000000,100024,424,100000,424,100031,100,99996,200,100035,100,99964,100,100036,100,99950,100,100058,100,99946,100,100071,100,99944,100,100073,100,99941,100,100085,100,99933,200,100087,200,99921,100,100109,100,99902,100
2019-06-28 09:35:30.000000000,100024,210,100000,210,100031,207,99996,307,100035,207,99964,207,100036,100,99950,100,100058,100,99946,100,100071,100,99944,100,100073,100,99941,100,100085,100,99933,200,100087,200,99921,100,100109,100,99902,100
2019-06-28 09:35:40.000000000,100024,210,100000,210,100031,207,99996,307,100035,207,99964,207,100036,100,99950,100,100058,100,99946,100,100071,100,99944,100,100073,100,99941,100,100085,100,99933,200,100087,200,99921,100,100109,100,99902,100
2019-06-28 09:35:50.000000000,100024,210,100000,210,100031,207,99996,307,100035,207,99964,207,100036,100,99950,100,100058,100,99946,100,100071,100,99944,100,100073,100,99941,100,100085,100,99933,200,100087,200,99921,100,100109,100,99902,100
2019-06-28 09:36:00.000000000,100024,262,100000,262,100031,262,99996,362,100035,100,99964,100,100036,100,99950,100,100058,100,99946,100,100071,100,99944,100,100073,100,99941,100,100085,100,99933,200,100087,200,99921,100,100109,100,99902,100
2019-06-28 09:36:10.000000000,100024,181,100000,181,100031,181,99996,281,100035,181,99964,181,100036,181,99950,181,100058,100,99946,100,100071,100,99944,100,100073,100,99941,100,100085,100,99933,200,100087,200,99921,100,100109,100,99902,100
2019-06-28 09:36:20.000000000,100024,181,100000,181,100031,181,99996,281,100035,181,99964,181,100036,181,99950,181,100058,100,99946,100,100071,100,99944,100,100073,100,99941,100,100085,100,99933,200,100087,200,99921,100,100109,100,99902,100
2019-06-28 09:36:29.590228041,100008,100,100000,181,100024,181,99996,281,100031,181,99964,181,100035,181,99950,181,100036,181,99946,100,100058,100,99944,100,100071,100,99941,100,100073,100,99933,200,100085,100,99921,100,100087,200,99902,100
2019-06-28 09:36:30.000000000,100008,424,100000,424,100024,100,99996,200,100031,100,99964,100,100035,100,99950,100,100036,100,99946,100,100058,100,99944,100,100071,100,99941,100,100073,100,99933,200,100085,100,99921,100,100087,200,99902,100
2019-06-28 09:36:40.000000000,100008,424,100000,424,100024,100,99996,200,100031,100,99964,100,100035,100,99950,100,100036,100,99946,100,100058,100,99944,100,100071,100,99941,100,100073,100,99933,200,100085,100,99921,100,100087,200,99902,100
2019-06-28 09:36:50.000000000,100008,424,100000,424,100024,100,99996,200,100031,100,99964,100,100035,100,99950,100,100036,100,99946,100,100058,100,99944,100,100071,100,99941,100,100073,100,99933,200,100085,100,99921,100,100087,200,99902,100
2019-06-28 09:36:55.281419007,100008,424,100000,424,100024,100,99996,200,100031,100,99964,100,100035,100,99950,100,100036,100,99946,100,100058,100,99944,100,100071,100,99941,100,100073,100,99933,200,100085,100,99921,100,100087,200,99902,100
2019-06-28 09:37:00.000000000,100008,181,100000,181,100024,181,99996,281,100031,181,99964,181,100035,181,99950,181,100036,100,99946,100,100058,100,99944,100,100071,100,99941,100,100073,100,99933,200,100085,100,99921,100,100087,200,99902,100
2019-06-28 09:37:10.000000000,100008,262,100000,262,100024,262,99996,362,100031,100,99964,100,100035,100,99950,100,100036,100,99946,100,100058,100,99944,100,100071,100,99941,100,100073,100,99933,200,100085,100,99921,100,100087,200,99902,100
2019-06-28 09:37:13.038628764,100008,262,100000,162,100024,262,99996,362,100031,100,99964,100,100035,100,99950,100,100036,100,99946,100,100058,100,99944,100,100071,100,99941,100,100073,100,99933,200,100085,100,99921,100,100087,200,99902,100
2019-06-28 09:37:14.064356832,100008,262,100000,62,100024,262,99996,362,100031,100,99964,100,100035,100,99950,100,100036,100,99946,100,100058,100,99944,100,100071,100,99941,100,100073,100,99933,200,100085,100,99921,100,100087,200,99902,100
2019-06-28 09:37:20.000000000,100008,210,99996,310,100024,207,99964,207,100031,207,99950,207,100035,100,99946,100,100036,100,99944,100,100058,100,99941,100,100071,100,99933,200,100073,100,99921,100,100085,100,99902,100,100087,200,99900,100
2019-06-28 09:37:30.000000000,100008,210,99996,310,100024,207,99964,207,100031,207,99950,207,100035,100,99946,100,100036,100,99944,100,100058,100,99941,100,100071,100,99933,200,100073,100,99921,100,100085,100,99902,100,100087,200,99900,100
2019-06-28 09:37:40.000000000,100008,424,99996,524,100024,100,99964,100,100031,100,99950,100,100035,100,99946,100,100036,100,99944,100,100058,100,99941,100,100071,100,99933,200,100073,100,99921,100,100085,100,99902,100,100087,200,99900,100
2019-06-28 09:37:50.000000000,100008,424,99996,524,100024,100,99964,100,100031,100,99950,100,100035,100,99946,100,100036,100,99944,100,100058,100,99941,100,100071,100,99933,200,100073,100,99921,100,100085,100,99902,100,100087,200,99900,100
2019-06-28 09:38:00.000000000,100008,210,99996,310,100024,207,99964,207,100031,207,99950,207,100035,100,99946,100,100036,100,99944,100,100058,100,99941,100,100071,100,99933,200,100073,100,99921,100,100085,100,99902,100,100087,200,99900,100
2019-06-28 09:38:10.000000000,100008,424,99996,524,100024,100,99964,100,100031,100,99950,100,100035,100,99946,100,100036,100,99944,100,100058,100,99941,100,100071,100,99933,200,100073,100,99921,100,100085,100,99902,100,100087,200,99900,100
2019-06-28 09:38:20.000000000,100008,165,99996,265,100024,165,99964,165,100031,165,99950,165,100035,165,99946,165,100036,165,99944,165,100058,100,99941,100,100071,100,99933,200,100073,100,99921,100,100085,100,99902,100,100087,200,99900,100
2019-06-28 09:38:30.000000000,100008,262,99996,362,100024,262,99964,262,100031,100,99950,100,100035,100,99946,100,100036,100,99944,100,100058,100,99941,100,100071,100,99933,200,100073,100,99921,100,100085,100,99902,100,100087,200,99900,100
2019-06-28 09:38:40.000000000,100008,210,99996,310,100024,207,99964,207,100031,207,99950,207,100035,100,99946,100,100036,100,99944,100,100058,100,99941,100,100071,100,99933,200,100073,100,99921,100,100085,100,99902,100,100087,200,99900,100
2019-06-28 09:38:50.000000000,100008,210,99996,310,100024,207,99964,207,100031,207,99950,207,100035,100,99946,100,100036,100,99944,100,100058,100,99941,100,100071,100,99933,200,100073,100,99921,100,100085,100,99902,100,100087,200,99900,100
2019-06-28 09:38:56.671544446,100008,210,99996,310,100024,207,99964,207,100031,207,99950,207,100035,100,99946,100,100036,100,99944,100,100058,100,99941,100,100071,100,99933,200,100073,100,99921,100,100085,100,99902,100,100087,200,99900,100
2019-06-28 09:38:57.583608068,100000,100,99996,210,100008,210,99964,207,100024,207,99950,207,100031,207,99946,100,100035,100,99944,100,100036,100,99941,100,100058,100,99933,200,100071,100,99921,100,100073,100,99902,100,100085,100,99900,100
2019-06-28 09:39:00.000000000,100000,210,99996,210,100008,207,99964,207,100024,207,99950,207,100031,100,99946,100,100035,100,99944,100,100036,100,99941,100,100058,100,99933,200,100071,100,99921,100,100073,100,99902,100,100085,100,99900,100
2019-06-28 09:39:07.586889654,100000,210,99996,110,100008,207,99964,207,100024,207,99950,207,100031,100,99946,100,100035,100,99944,100,100036,100,99941,100,100058,100,99933,200,100071,100,99921,100,100073,100,99902,100,100085,100,99900,100
2019-06-28 09:39:08.568148448,100000,210,99996,110,100008,207,99964,107,100024,207,99950,207,100031,100,99946,100,100035,100,99944,100,100036,100,99941,100,100058,100,99933,200,100071,100,99921,100,100073,100,99902,100,100085,100,99900,100
2019-06-28 09:39:10.000000000,100000,424,99950,424,100008,100,99946,100,100024,100,99944,100,100031,100,99941,100,100035,100,99933,200,100036,100,99921,100,100058,100,99902,100,100071,100,99900,100,100073,100,99899,100,100085,100,99878,100
2019-06-28 09:39:20.000000000,100000,181,99950,181,100008,181,99946,181,100024,181,99944,181,100031,181,99941,181,100035,100,99933,200,100036,100,99921,100,100058,100,99902,100,100071,100,99900,100,100073,100,99899,100,100085,100,99878,100
2019-06-28 09:39:30.000000000,100000,210,99950,210,100008,207,99946,207,100024,207,99944,207,100031,100,99941,100,100035,100,99933,200,100036,100,99921,100,100058,100,99902,100,100071,100,99900,100,100073,100,99899,100,100085,100,99878,100
2019-06-28 09:39:40.000000000,100000,165,99950,165,100008,165,99946,165,100024,165,99944,165,100031,165,99941,165,100035,165,99933,265,100036,100,99921,100,100058,100,99902,100,100071,100,99900,100,100073,100,99899,100,100085,100,99878,100
2019-06-28 09:39:50.000000000,100000,262,99950,262,100008,262,99946,262,100024,100,99944,100,100031,100,99941,100,100035,100,99933,200,100036,100,99921,100,100058,100,99902,100,100071,100,99900,100,100073,100,99899,100,100085,100,99878,100
2019-06-28 09:40:00.000000000,100000,210,99950,210,100008,207,99946,207,100024,207,99944,207,100031,100,99941,100,100035,100,99933,200,100036,100,99921,100,100058,100,99902,100,100071,100,99900,100,100073,100,99899,100,100085,100,99878,100
2019-06-28 09:40:09.629965199,99999,100,99950,210,100000,110,99946,207,100008,207,99944,207,100024,207,99941,100,100031,100,99933,200,100035,100,99921,100,100036,100,99902,100,100058,100,99900,100,100071,100,99899,100,100073,100,99878,100
2019-06-28 09:40:10.000000000,99999,181,99950,181,100008,181,99946,181,100024,181,99944,181,100031,181,99941,181,100035,100,99933,200,100036,100,99921,100,100058,100,99902,100,100071,100,99900,100,100073,100,99899,100,100085,100,99878,100
2019-06-28 09:40:11.933734251,99999,181,99950,181,100008,181,99946,181,100024,181,99944,181,100031,181,99941,181,100035,100,99933,200,100036,100,99921,100,100058,100,99902,100,100073,100,99900,100,100085,100,99899,100,100087,200,99878,100
2019-06-28 09:40:20.000000000,99999,165,99950,165,100008,165,99946,165,100024,165,99944,165,100031,165,99941,165,100035,165,99933,265,100036,100,99921,100,100058,100,99902,100,100073,100,99900,100,100085,100,99899,100,100087,200,99878,100
2019-06-28 09:40:30.000000000,99999,165,99950,165,100008,165,99946,165,100024,165,99944,165,100031,165,99941,165,100035,165,99933,265,100036,100,99921,100,100058,100,99902,100,100073,100,99900,100,100085,100,99899,100,100087,200,99878,100
2019-06-28 09:40:38.947408456,99999,165,99950,65,100008,165,99946,165,100024,165,99944,165,100031,165,99941,165,100035,165,99933,265,100036,100,99921,100,100058,100,99902,100,100073,100,99900,100,100085,100,99899,100,100087,200,99878,100
2019-06-28 09:40:40.000000000,99999,181,99946,181,100008,181,99944,181,100024,181,99941,181,100031,181,99933,281,100035,100,99921,100,100036,100,99902,100,100058,100,99900,100,100073,100,99899,100,100085,100,99878,100,100087,200,99870,100
2019-06-28 09:40:50.000000000,99999,165,99946,165,100008,165,99944,165,100024,165,99941,165,100031,165,99933,265,100035,165,99921,165,100036,100,99902,100,100058,100,99900,100,100073,100,99899,100,100085,100,99878,100,100087,200,99870,100
2019-06-28 09:41:00.000000000,99999,165,99946,165,100008,165,99944,165,100024,165,99941,165,100031,165,99933,265,100035,165,99921,165,100036,100,99902,100,100058,100,99900,100,100073,100,99899,100,100085,100,99878,100,100087,200,99870,100
2019-06-28 09:41:01.065655663,99999,165,99946,65,100008,165,99944,165,100024,165,99941,165,100031,165,99933,265,100035,165,99921,165,100036,100,99902,100,100058,100,99900,100,100073,100,99899,100,100085,100,99878,100,100087,200,99870,100
2019-06-28 09:41:10.000000000,99999,165,99944,165,100008,165,99941,165,100024,165,99933,265,100031,165,99921,165,100035,165,99902,165,100036,100,99900,100,100058,100,99899,100,100073,100,99878,100,100085,100,99870,100,100087,200,99862,100
2019-06-28 09:41:17.278651370,99999,165,99944,65,100008,165,99941,165,100024,165,99933,265,100031,165,99921,165,100035,165,99902,165,100036,100,99900,100,100058,100,99899,100,100073,100,99878,100,100085,100,99870,100,100087,200,99846,100
2019-06-28 09:41:20.000000000,99999,165,99941,165,100008,165,99933,265,100024,165,99921,165,100031,165,99902,165,100035,165,99900,165,100036,100,99899,100,100058,100,99878,100,100073,100,99870,100,100085,100,99846,100,100087,200,99827,100
2019-06-28 09:41:30.000000000,99999,210,99941,210,100008,207,99933,307,100024,207,99921,207,100031,100,99902,100,100035,100,99900,100,100036,100,99899,100,100058,100,99878,100,100073,100,99870,100,100085,100,99846,100,100087,200,99827,100
2019-06-28 09:41:40.000000000,99999,210,99941,210,100008,207,99933,307,100024,207,99921,207,100031,100,99902,100,100035,100,99900,100,100036,100,99899,100,100058,100,99878,100,100073,100,99870,100,100085,100,99846,100,100087,200,99827,100
2019-06-28 09:41:50.000000000,99999,210,99941,210,100008,207,99933,307,100024,207,99921,207,100031,100,99902,100,100035,100,99900,100,100036,100,99899,100,100058,100,99878,100,100073,100,99870,100,100085,100,99846,100,100087,200,99827,100
2019-06-28 09:41:57.841295816,99999,210,99941,210,100008,207,99933,307,100024,207,99921,207,100035,100,99902,100,100036,100,99900,100,100058,100,99899,100,100073,100,99878,100,100085,100,99870,100,100087,200,99846,100,100109,100,99827,100
2019-06-28 09:42:00.000000000,99999,210,99941,210,100008,207,99933,307,100024,207,99921,207,100035,100,99902,100,100036,100,99900,100,100058,100,99899,100,100073,100,99878,100,100085,100,99870,100,100087,200,99846,100,100109,100,99827,100
2019-06-28 09:42:10.000000000,99999,210,99941,210,100008,207,99933,307,100024,207,99921,207,100035,100,99902,100,100036,100,99900,100,100058,100,99899,100,100073,100,99878,100,100085,100,99870,100,100087,200,99846,100,100109,100,99827,100
2019-06-28 09:42:20.000000000,99999,262,99941,262,100008,262,99933,362,100024,100,99921,100,100035,100,99902,100,100036,100,99900,100,100058,100,99899,100,100073,100,99878,100,100085,100,99870,100,100087,200,99846,100,100109,100,99827,100
2019-06-28 09:42:21.967474504,99946,100,99941,262,99999,262,99933,362,100008,262,99921,100,100024,100,99902,100,100035,100,99900,100,100036,100,99899,100,100058,100,99878,100,100073,100,99870,100,100085,100,99846,100,100087,200,99827,100
2019-06-28 09:42:22.613412781,99946,200,99941,262,99999,262,99933,362,100008,262,99921,100,100035,100,99902,100,100036,100,99900,100,100058,100,99899,100,100073,100,99878,100,100085,100,99870,100,100087,200,99846,100,100109,100,99827,100
2019-06-28 09:42:25.960331844,99946,300,99941,262,99999,262,99933,362,100008,262,99921,100,100035,100,99902,100,100036,100,99900,100,100058,100,99899,100,100073,100,99878,100,100085,100,99870,100,100087,200,99846,100,100109,100,99827,100
2019-06-28 09:42:30.000000000,99946,381,99941,181,99999,181,99933,281,100008,181,99921,181,100035,181,99902,181,100036,100,99900,100,100058,100,99899,100,100073,100,99878,100,100085,100,99870,100,100087,200,99846,100,100109,100,99827,100
2019-06-28 09:42:34.094376876,99946,381,99941,81,99999,181,99933,281,100008,181,99921,181,100035,181,99902,181,100036,100,99900,100,100058,100,99899,100,100073,100,99878,100,100085,100,99870,100,100087,200,99846,100,100109,100,99827,100
2019-06-28 09:42:40.000000000,99946,365,99933,265,99999,165,99921,165,100008,165,99902,165,100035,165,99900,165,100036,165,99899,165,100058,100,99878,100,100073,100,99870,100,100085,100,99846,100,100087,200,99827,100,100109,100,99823,100
2019-06-28 09:42:50.000000000,99946,365,99933,265,99999,165,99921,165,100008,165,99902,165,100035,165,99900,165,100036,165,99899,165,100058,100,99878,100,100073,100,99870,100,100085,100,99846,100,100087,200,99827,100,100109,100,99823,100
2019-06-28 09:43:00.000000000,99946,365,99933,265,99999,165,99921,165,100008,165,99902,165,100035,165,99900,165,100036,165,99899,165,100058,100,99878,100,100073,100,99870,100,100085,100,99846,100,100087,200,99827,100,100109,100,99823,100
2019-06-28 09:43:10.000000000,99946,381,99933,281,99999,181,99921,181,100008,181,99902,181,100035,181,99900,181,100036,100,99899,100,100058,100,99878,100,100073,100,99870,100,100085,100,99846,100,100087,200,99827,100,100109,100,99823,100
2019-06-28 09:43:20.000000000,99946,381,99933,281,99999,181,99921,181,100008,181,99902,181,100035,181,99900,181,100036,100,99899,100,100058,100,99878,100,100073,100,99870,100,100085,100,99846,100,100087,200,99827,100,100109,100,99823,100
2019-06-28 09:43:30.000000000,99946,624,99933,524,99999,100,99921,100,100008,100,99902,100,100035,100,99900,100,100036,100,99899,100,100058,100,99878,100,100073,100,99870,100,100085,100,99846,100,100087,200,99827,100,100109,100,99823,100
2019-06-28 09:43:30.713043091,99946,624,99933,524,99999,100,99921,100,100008,100,99902,100,100035,100,99900,100,100036,100,99899,100,100058,100,99878,100,100073,100,99870,100,100085,100,99846,100,100087,200,99827,100,100109,100,99823,100
2019-06-28 09:43:40.000000000,99946,624,99933,524,99999,100,99921,100,100008,100,99902,100,100035,100,99900,100,100036,100,99899,100,100058,100,99878,100,100073,100,99870,100,100085,100,99846,100,100087,200,99827,100,100109,100,99823,100
2019-06-28 09:43:43.295864941,99946,624,99933,524,99999,100,99921,100,100008,100,99900,100,100035,100,99899,100,100036,100,99878,100,100058,100,99870,100,100073,100,99846,100,100085,100,99827,100,100087,200,99823,100,100109,100,99804,100
2019-06-28 09:43:47.524736079,99946,624,99933,524,99999,100,99921,100,100008,100,99900,100,100035,100,99899,100,100036,100,99878,100,100058,100,99870,100,100073,100,99846,100,100085,100,99827,100,100087,200,99823,100,100109,100,99761,100
2019-06-28 09:43:50.000000000,99946,624,99933,524,99999,100,99921,100,100008,100,99900,100,100035,100,99899,100,100036,100,99878,100,100058,100,99870,100,100073,100,99846,100,100085,100,99827,100,100087,200,99823,100,100109,100,99761,100
2019-06-28 09:44:00.000000000,99946,365,99933,265,99999,165,99921,165,100008,165,99900,165,100035,165,99899,165,100036,165,99878,165,100058,100,99870,100,100073,100,99846,100,100085,100,99827,100,100087,200,99823,100,100109,100,99761,100
2019-06-28 09:44:00.382552785,99944,100,99933,265,99946,365,99921,165,99999,165,99900,165,100008,165,99899,165,100035,165,99878,165,100036,165,99870,100,100058,100,99846,100,100073,100,99827,100,100085,100,99823,100,100087,200,99761,100
2019-06-28 09:44:10.000000000,99944,165,99933,265,99946,365,99921,165,99999,165,99900,165,100008,165,99899,165,100035,165,99878,165,100036,100,99870,100,100058,100,99846,100,100073,100,99827,100,100085,100,99823,100,100087,200,99761,100
2019-06-28 09:44:14.855721539,99944,165,99933,265,99946,365,99921,165,99999,165,99900,165,100008,165,99899,165,100035,165,99878,165,100036,100,99870,100,100058,100,99846,100,100085,100,99827,100,100087,200,99823,100,100109,100,99761,100
2019-06-28 09:44:20.000000000,99944,262,99933,362,99946,462,99921,262,99999,100,99900,100,100008,100,99899,100,100035,100,99878,100,100036,100,99870,100,100058,100,99846,100,100085,100,99827,100,100087,200,99823,100,100109,100,99761,100
2019-06-28 09:44:30.000000000,99944,262,99933,362,99946,462,99921,262,99999,100,99900,100,100008,100,99899,100,100035,100,99878,100,100036,100,99870,100,100058,100,99846,100,100085,100,99827,100,100087,200,99823,100,100109,100,99761,100
2019-06-28 09:44:33.210014899,99944,262,99933,362,99946,462,99921,262,99999,100,99900,100,100008,100,99899,100,100035,100,99878,100,100036,100,99870,100,100058,100,99846,100,100085,100,99827,100,100087,200,99823,100,100109,100,99761,100
2019-06-28 09:44:39.474109376,99944,362,99933,362,99946,462,99921,262,99999,100,99900,100,100008,100,99899,100,100035,100,99878,100,100036,100,99870,100,100058,100,99846,100,100085,100,99827,100,100087,200,99823,100,100109,100,99761,100
2019-06-28 09:44:40.000000000,99944,281,99933,281,99946,381,99921,181,99999,181,99900,181,100008,181,99899,181,100035,100,99878,100,100036,100,99870,100,100058,100,99846,100,100085,100,99827,100,100087,200,99823,100,100109,100,99761,100
2019-06-28 09:44:50.000000000,99944,265,99933,265,99946,365,99921,165,99999,165,99900,165,100008,165,99899,165,100035,165,99878,165,100036,100,99870,100,100058,100,99846,100,100085,100,99827,100,100087,200,99823,100,100109,100,99761,100
2019-06-28 09:45:00.000000000,99944,524,99933,524,99946,300,99921,100,99999,100,99900,100,100008,100,99899,100,100035,100,99878,100,100036,100,99870,100,100058,100,99846,100,100085,100,99827,100,100087,200,99823,100,100109,100,99761,100
2019-06-28 09:45:04.276653526,99944,524,99933,524,99946,300,99921,100,99999,100,99900,100,100008,100,99899,100,100035,100,99878,100,100036,100,99870,100,100058,100,99846,100,100085,100,99827,100,100087,200,99823,100,100109,100,99761,100
2019-06-28 09:45:10.000000000,99944,265,99933,265,99946,365,99921,165,99999,165,99900,165,100008,165,99899,165,100035,165,99878,165,100036,100,99870,100,100058,100,99846,100,100085,100,99827,100,100087,200,99823,100,100109,100,99761,100
2019-06-28 09:45:20.000000000,99944,310,99933,310,99946,407,99921,207,99999,207,99900,207,100008,100,99899,100,100035,100,99878,100,100036,100,99870,100,100058,100,99846,100,100085,100,99827,100,100087,200,99823,100,100109,100,99761,100
2019-06-28 09:45:30.000000000,99944,281,99933,281,99946,381,99921,181,99999,181,99900,181,100008,181,99899,181,100035,100,99878,100,100036,100,99870,100,100058,100,99846,100,100085,100,99827,100,100087,200,99823,100,100109,100,99761,100
2019-06-28 09:45:40.000000000,99944,281,99933,281,99946,381,99921,181,99999,181,99900,181,100008,181,99899,181,100035,100,99878,100,100036,100,99870,100,100058,100,99846,100,100085,100,99827,100,100087,200,99823,100,100109,100,99761,100
2019-06-28 09:45:50.000000000,99944,265,99933,265,99946,365,99921,165,99999,165,99900,165,100008,165,99899,165,100035,165,99878,165,100036,100,99870,100,100058,100,99846,100,100085,100,99827,100,100087,200,99823,100,100109,100,99761,100
2019-06-28 09:46:00.000000000,99944,524,99933,524,99946,300,99921,100,99999,100,99900,100,100008,100,99899,100,100035,100,99878,100,100036,100,99870,100,100058,100,99846,100,100085,100,99827,100,100087,200,99823,100,100109,100,99761,100
2019-06-28 09:46:10.000000000,99944,362,99933,362,99946,462,99921,262,99999,100,99900,100,100008,100,99899,100,100035,100,99878,100,100036,100,99870,100,100058,100,99846,100,100085,100,99827,100,100087,200,99823,100,100109,100,99761,100
2019-06-28 09:46:20.000000000,99944,362,99933,362,99946,462,99921,262,99999,100,99900,100,100008,100,99899,100,100035,100,99878,100,100036,100,99870,100,100058,100,99846,100,100085,100,99827,100,100087,200,99823,100,100109,100,99761,100
2019-06-28 09:46:28.403874330,99944,362,99933,262,99946,462,99921,262,99999,100,99900,100,100008,100,99899,100,100035,100,99878,100,100036,100,99870,100,100085,100,99846,100,100087,200,99827,100,100109,100,99823,100,100183,100,99761,100
2019-06-28 09:46:30.000000000,99944,362,99933,262,99946,462,99921,262,99999,100,99900,100,100008,100,99899,100,100035,100,99878,100,100036,100,99870,100,100085,100,99846,100,100087,200,99827,100,100109,100,99823,100,100183,100,99761,100
2019-06-28 09:46:40.000000000,99944,362,99933,262,99946,462,99921,262,99999,100,99900,100,100008,100,99899,100,100035,100,99878,100,100036,100,99870,100,100085,100,99846,100,100087,200,99827,100,100109,100,99823,100,100183,100,99761,100
2019-06-28 09:46:50.000000000,99944,310,99933,210,99946,407,99921,207,99999,207,99900,207,100008,100,99899,100,100035,100,99878,100,100036,100,99870,100,100085,100,99846,100,100087,200,99827,100,100109,100,99823,100,100183,100,99761,100
2019-06-28 09:46:55.433089338,99944,310,99933,110,99946,407,99921,207,99999,207,99900,207,100008,100,99899,100,100035,100,99878,100,100036,100,99870,100,100085,100,99846,100,100087,200,99827,100,100109,100,99823,100,100183,100,99761,100
2019-06-28 09:47:00.000000000,99944,524,99921,424,99946,300,99900,100,99999,100,99899,100,100008,100,99878,100,100035,100,99870,100,100036,100,99846,100,100085,100,99827,100,100087,200,99823,100,100109,100,99761,100,100183,100,99749,100
2019-06-28 09:47:07.475727550,99944,524,99921,324,99946,300,99900,100,99999,100,99899,100,100008,100,99878,100,100035,100,99870,100,100036,100,99846,100,100085,100,99827,100,100087,200,99823,100,100109,100,99761,100,100183,100,99749,100
2019-06-28 09:47:10.000000000,99944,281,99900,181,99946,381,99899,181,99999,181,99878,181,100008,181,99870,181,100035,100,99846,100,100036,100,99827,100,100085,100,99823,100,100087,200,99761,100,100109,100,99749,100,100183,100,99451,100
2019-06-28 09:47:20.000000000,99944,310,99900,210,99946,407,99899,207,99999,207,99878,207,100008,100,99870,100,100035,100,99846,100,100036,100,99827,100,100085,100,99823,100,100087,200,99761,100,100109,100,99749,100,100183,100,99451,100
2019-06-28 09:47:26.403471293,99944,310,99900,210,99946,407,99899,207,99999,207,99878,207,100008,100,99870,100,100035,100,99846,100,100036,100,99827,100,100085,100,99823,100,100087,200,99761,100,100109,100,99749,100,100183,100,99451,100
2019-06-28 09:47:30.000000000,99944,362,99900,262,99946,462,99899,262,99999,100,99878,100,100008,100,99870,100,100035,100,99846,100,100036,100,99827,100,100085,100,99823,100,100087,200,99761,100,100109,100,99749,100,100183,100,99451,100
2019-06-28 09:47:37.273678093,99944,362,99900,162,99946,462,99899,262,99999,100,99878,100,100008,100,99870,100,100035,100,99846,100,100036,100,99827,100,100085,100,99823,100,100087,200,99761,100,100109,100,99749,100,100183,100,99451,100
2019-06-28 09:47:40.000000000,99944,310,99899,210,99946,407,99878,207,99999,207,99870,207,100008,100,99846,100,100035,100,99827,100,100036,100,99823,100,100085,100,99761,100,100087,200,99749,100,100109,100,99451,100,100183,100,99359,100
2019-06-28 09:47:50.000000000,99944,310,99899,210,99946,407,99878,207,99999,207,99870,207,100008,100,99846,100,100035,100,99827,100,100036,100,99823,100,100085,100,99761,100,100087,200,99749,100,100109,100,99451,100,100183,100,99359,100
2019-06-28 09:48:00.000000000,99944,281,99899,181,99946,381,99878,181,99999,181,99870,181,100008,181,99846,181,100035,100,99827,100,100036,100,99823,100,100085,100,99761,100,100087,200,99749,100,100109,100,99451,100,100183,100,99359,100
2019-06-28 09:48:00.845428395,99944,281,99899,181,99946,381,99878,181,99999,181,99870,181,100008,181,99846,181,100035,100,99827,100,100036,100,99823,100,100085,100,99761,100,100087,200,99451,100,100109,100,99359,100,100183,100,99167,100
2019-06-28 09:48:09.243908081,99944,281,99899,81,99946,381,99878,181,99999,181,99870,181,100008,181,99846,181,100035,100,99827,100,100036,100,99823,100,100085,100,99761,100,100087,200,99451,100,100109,100,99359,100,100183,100,99167,100
2019-06-28 09:48:10.000000000,99944,265,99878,165,99946,365,99870,165,99999,165,99846,165,100008,165,99827,165,100035,165,99823,165,100036,100,99761,100,100085,100,99451,100,100087,200,99359,100,100109,100,99167,100,100183,100,99033,100
2019-06-28 09:48:13.870991401,99900,100,99878,165,99944,265,99870,165,99946,265,99846,165,99999,165,99827,165,100008,165,99823,165,100035,165,99761,100,100036,100,99451,100,100085,100,99359,100,100087,200,99167,100,100109,100,99033,100
2019-06-28 09:48:20.000000000,99900,262,99878,262,99944,362,99870,262,99946,200,99846,100,99999,100,99827,100,100008,100,99823,100,100035,100,99761,100,100036,100,99451,100,100085,100,99359,100,100087,200,99167,100,100109,100,99033,100
2019-06-28 09:48:20.921721854,99900,262,99878,262,99944,362,99870,262,99946,200,99846,100,99999,100,99827,100,100008,100,99823,100,100035,100,99761,100,100036,100,99451,100,100085,100,99359,100,100087,200,99167,100,100109,100,99033,100
2019-06-28 09:48:30.000000000,99900,262,99878,262,99944,362,99870,262,99946,200,99846,100,99999,100,99827,100,100008,100,99823,100,100035,100,99761,100,100036,100,99451,100,100085,100,99359,100,100087,200,99167,100,100109,100,99033,100
2019-06-28 09:48:30.826513968,99900,362,99878,262,99944,362,99870,262,99946,200,99827,100,99999,100,99823,100,100008,100,99761,100,100035,100,99451,100,100036,100,99359,100,100085,100,99167,100,100087,200,99033,100,100109,100,98870,100
2019-06-28 09:48:35.245106209,99900,362,99878,162,99944,362,99870,262,99946,200,99827,100,99999,100,99823,100,100008,100,99761,100,100035,100,99451,100,100036,100,99359,100,100085,100,99167,100,100087,200,99033,100,100109,100,98870,100
2019-06-28 09:48:38.796831668,99900,362,99878,62,99944,362,99870,262,99946,200,99827,100,99999,100,99823,100,100008,100,99761,100,100035,100,99451,100,100036,100,99359,100,100085,100,99167,100,100087,200,99033,100,100109,100,98870,100
2019-06-28 09:48:40.000000000,99900,362,99870,262,99944,362,99827,262,99946,200,99823,100,99999,100,99761,100,100008,100,99451,100,100035,100,99359,100,100036,100,99167,100,100085,100,99033,100,100087,200,98870,100,100109,100,98511,100
2019-06-28 09:48:49.119223808,99900,362,99870,262,99944,362,99827,262,99946,100,99823,100,99999,100,99761,100,100008,100,99451,100,100035,100,99359,100,100036,100,99167,100,100085,100,99033,100,100087,200,98870,100,100109,100,98511,100
2019-06-28 09:48:50.000000000,99900,310,99870,210,99944,307,99827,207,99946,207,99823,207,99999,100,99761,100,100008,100,99451,100,100035,100,99359,100,100036,100,99167,100,100085,100,99033,100,100087,200,98870,100,100109,100,98511,100
2019-06-28 09:48:58.591672264,99900,310,99870,110,99944,307,99827,207,99946,207,99823,207,99999,100,99761,100,100008,100,99451,100,100035,100,99359,100,100036,100,99033,100,100085,100,98870,100,100087,200,98511,100,100109,100,98441,100
2019-06-28 09:49:00.000000000,99900,362,99827,262,99944,362,99823,262,99946,100,99761,100,99999,100,99451,100,100008,100,99359,100,100035,100,99033,100,100036,100,98870,100,100085,100,98511,100,100087,200,98441,100,100109,100,98398,100
2019-06-28 09:49:10.000000000,99900,310,99827,210,99944,307,99823,207,99946,207,99761,207,99999,100,99451,100,100008,100,99359,100,100035,100,99033,100,100036,100,98870,100,100085,100,98511,100,100087,200,98441,100,100109,100,98398,100
2019-06-28 09:49:20.000000000,99900,265,99827,165,99944,265,99823,165,99946,165,99761,165,99999,165,99451,165,100008,165,99359,165,100035,100,99033,100,100036,100,98870,100,100085,100,98511,100,100087,200,98441,100,100109,100,98398,100
2019-06-28 09:49:28.220902353,99900,265,99827,165,99944,265,99823,165,99946,165,99761,165,99999,165,99451,65,100008,165,99359,165,100035,100,99049,100,100036,100,99033,100,100085,100,98870,100,100087,200,98511,100,100109,100,98441,100
2019-06-28 09:49:30.000000000,99900,362,99827,262,99944,362,99823,262,99946,100,99761,100,99999,100,99359,100,100008,100,99049,100,100035,100,99033,100,100036,100,98870,100,100085,100,98511,100,100087,200,98441,100,100109,100,98398,100
2019-06-28 09:49:40.000000000,99900,524,99827,424,99944,200,99823,100,99946,100,99761,100,99999,100,99359,100,100008,100,99049,100,100035,100,99033,100,100036,100,98870,100,100085,100,98511,100,100087,200,98441,100,100109,100,98398,100
2019-06-28 09:49:50.000000000,99900,281,99827,181,99944,281,99823,181,99946,181,99761,181,99999,181,99359,181,100008,100,99049,100,100035,100,99033,100,100036,100,98870,100,100085,100,98511,100,100087,200,98441,100,100109,100,98398,100
2019-06-28 09:49:58.771383306,99900,281,99827,181,99944,281,99823,181,99946,181,99761,81,99999,181,99398,100,100008,100,99359,181,100035,100,99049,100,100036,100,99033,100,100085,100,98870,100,100087,200,98511,100,100109,100,98441,100
2019-06-28 09:50:00.000000000,99900,265,99827,165,99944,265,99823,165,99946,165,99398,165,99999,165,99359,165,100008,165,99049,165,100035,100,99033,100,100036,100,98870,100,100085,100,98511,100,100087,200,98441,100,100109,100,98398,100
2019-06-28 09:50:10.000000000,99900,524,99827,424,99944,200,99823,100,99946,100,99398,100,99999,100,99359,100,100008,100,99049,100,100035,100,99033,100,100036,100,98870,100,100085,100,98511,100,100087,200,98441,100,100109,100,98398,100
2019-06-28 09:50:13.360048320,99900,524,99827,424,99944,200,99823,100,99946,100,99398,100,99999,100,99388,100,100008,100,99359,100,100035,100,99049,100,100036,100,99033,100,100085,100,98870,100,100087,200,98511,100,100109,100,98441,100
2019-06-28 09:50:20.000000000,99900,265,99827,165,99944,265,99823,165,99946,165,99398,165,99999,165,99388,165,100008,165,99359,165,100035,100,99049,100,100036,100,99033,100,100085,100,98870,100,100087,200,98511,100,100109,100,98441,100
2019-06-28 09:50:24.715724909,99878,100,99827,165,99900,265,99823,165,99944,265,99398,165,99946,165,99388,165,99999,165,99359,165,100008,165,99049,100,100035,100,99033,100,100036,100,98870,100,100085,100,98511,100,100087,200,98441,100
2019-06-28 09:50:30.000000000,99878,424,99827,424,99900,200,99823,100,99944,200,99398,100,99946,100,99388,100,99999,100,99359,100,100008,100,99049,100,100035,100,99033,100,100036,100,98870,100,100085,100,98511,100,100087,200,98441,100
2019-06-28 09:50:40.000000000,99878,165,99827,165,99900,265,99823,165,99944,265,99398,165,99946,165,99388,165,99999,165,99359,165,100008,100,99049,100,100035,100,99033,100,100036,100,98870,100,100085,100,98511,100,100087,200,98441,100
2019-06-28 09:50:44.859486243,99878,165,99827,65,99900,265,99823,165,99944,265,99398,165,99946,165,99388,165,99999,165,99359,165,100008,100,99049,100,100035,100,99033,100,100036,100,98870,100,100085,100,98511,100,100087,200,98441,100
2019-06-28 09:50:50.000000000,99878,181,99823,181,99900,281,99398,181,99944,281,99388,181,99946,181,99359,181,99999,100,99049,100,100008,100,99033,100,100035,100,98870,100,100036,100,98511,100,100085,100,98441,100,100087,200,98398,100
2019-06-28 09:51:00.000000000,99878,181,99823,181,99900,281,99398,181,99944,281,99388,181,99946,181,99359,181,99999,100,99049,100,100008,100,99033,100,100035,100,98870,100,100036,100,98511,100,100085,100,98441,100,100087,200,98398,100
2019-06-28 09:51:09.141133669,99878,181,99823,81,99900,281,99398,81,99944,281,99388,181,99946,181,99359,181,99999,100,99049,100,100008,100,99033,100,100035,100,98870,100,100036,100,98511,100,100085,100,98441,100,100087,200,98398,100
2019-06-28 09:51:10.000000000,99878,210,99388,210,99900,307,99359,207,99944,307,99049,207,99946,100,99033,100,99999,100,98870,100,100008,100,98511,100,100035,100,98441,100,100036,100,98398,100,100085,100,,,100087,200,,
2019-06-28 09:51:20.000000000,99878,181,99388,181,99900,281,99359,181,99944,281,99049,181,99946,181,99033,181,99999,100,98870,100,100008,100,98511,100,100035,100,98441,100,100036,100,98398,100,100085,100,,,100087,200,,
2019-06-28 09:51:28.483248039,99878,181,99388,181,99891,100,99359,181,99900,281,99049,181,99944,281,99033,181,99946,181,98870,100,99999,100,98511,100,100008,100,98441,100,100035,100,98398,100,100036,100,,,100085,100,,
2019-06-28 09:51:30.000000000,99878,262,99388,262,99891,262,99359,262,99900,200,99049,100,99944,200,99033,100,99946,100,98870,100,99999,100,98511,100,100008,100,98441,100,100035,100,98398,100,100036,100,,,100085,100,,
2019-06-28 09:51:40.000000000,99878,165,99388,165,99891,165,99359,165,99900,265,99049,165,99944,265,99033,165,99946,165,98870,165,99999,100,98511,100,100008,100,98441,100,100035,100,98398,100,100036,100,,,100085,100,,
2019-06-28 09:51:50.000000000,99878,210,99388,210,99891,207,99359,207,99900,307,99049,207,99944,200,99033,100,99946,100,98870,100,99999,100,98511,100,100008,100,98441,100,100035,100,98398,100,100036,100,,,100085,100,,
2019-06-28 09:52:00.000000000,99878,181,99388,181,99891,181,99359,181,99900,281,99049,181,99944,281,99033,181,99946,100,98870,100,99999,100,98511,100,100008,100,98441,100,100035,100,98398,100,100036,100,,,100085,100,,
2019-06-28 09:52:02.874151585,99878,181,99388,181,99891,181,99359,81,99900,281,99049,181,99944,281,99033,181,99946,100,98870,100,99999,100,98511,100,100008,100,98441,100,100035,100,98398,100,100036,100,,,100085,100,,
2019-06-28 09:52:08.185411180,99878,81,99388,181,99891,181,99359,81,99900,281,99049,181,99944,281,99033,181,99946,100,98870,100,99999,100,98511,100,100008,100,98441,100,100035,100,98398,100,100036,100,,,100085,100,,
2019-06-28 09:52:09.881865170,99878,81,99388,181,99891,181,99359,81,99900,181,99049,181,99944,281,99033,181,99946,100,98870,100,99999,100,98511,100,100008,100,98441,100,100035,100,98398,100,100036,100,,,100085,100,,
2019-06-28 09:52:10.000000000,99891,181,99388,181,99900,181,99049,181,99944,281,99033,181,99946,181,98870,181,99999,100,98511,100,100008,100,98441,100,100035,100,98398,100,100036,100,,,100085,100,,,100087,200,,
2019-06-28 09:52:20.000000000,99891,210,99388,210,99900,207,99049,207,99944,307,99033,207,99946,100,98870,100,99999,100,98511,100,100008,100,98441,100,100035,100,98398,100,100036,100,,,100085,100,,,100087,200,,
2019-06-28 09:52:21.637239844,99891,110,99388,210,99900,207,99049,207,99944,307,99033,207,99946,100,98870,100,99999,100,98511,100,100008,100,98441,100,100035,100,98398,100,100036,100,,,100085,100,,,100087,200,,
2019-06-28 09:52:30.000000000,99900,210,99388,210,99944,307,99049,207,99946,207,99033,207,99999,100,98870,100,100008,100,98511,100,100035,100,98441,100,100036,100,98398,100,100085,100,,,100087,200,,,100109,100,,
2019-06-28 09:52:40.000000000,99900,262,99388,262,99944,362,99049,262,99946,100,99033,100,99999,100,98870,100,100008,100,98511,100,100035,100,98441,100,100036,100,98398,100,100085,100,,,100087,200,,,100109,100,,
2019-06-28 09:52:43.745887880,99900,162,99388,262,99944,362,99049,262,99946,100,99033,100,99999,100,98870,100,100008,100,98511,100,100035,100,98441,100,100036,100,98398,100,100085,100,,,100087,200,,,100109,100,,
2019-06-28 09:52:50.000000000,99944,362,99388,262,99946,262,99049,262,99999,100,99033,100,100008,100,98870,100,100035,100,98511,100,100036,100,98441,100,100085,100,98398,100,100087,200,,,100109,100,,,100183,100,,
2019-06-28 09:52:56.663973674,99944,262,99891,100,99946,262,99388,262,99999,100,99049,262,100008,100,99033,100,100035,100,98870,100,100036,100,98511,100,100085,100,98441,100,100087,200,98398,100,100109,100,,,100183,100,,
2019-06-28 09:53:00.000000000,99944,165,99891,165,99946,165,99388,165,99999,165,99049,165,100008,165,99033,165,100035,165,98870,165,100036,100,98511,100,100085,100,98441,100,100087,200,98398,100,100109,100,,,100183,100,,
2019-06-28 09:53:02.448614845,99944,65,99891,165,99946,165,99388,165,99999,165,99049,165,100008,165,99033,165,100035,165,98870,165,100036,100,98511,100,100085,100,98441,100,100087,200,98398,100,100109,100,,,100183,100,,
2019-06-28 09:53:10.000000000,99946,165,99891,165,99999,165,99388,165,100008,165,99049,165,100035,165,99033,165,100036,165,98870,165,100085,100,98511,100,100087,200,98441,100,100109,100,98398,100,100183,100,,,100306,100,,
2019-06-28 09:53:20.000000000,99946,210,99891,210,99999,207,99388,207,100008,207,99049,207,100035,100,99033,100,100036,100,98870,100,100085,100,98511,100,100087,200,98441,100,100109,100,98398,100,100183,100,,,100306,100,,
2019-06-28 09:53:20.590266860,99946,210,99891,210,99999,207,99388,207,100008,207,99049,207,100035,100,99033,100,100036,100,98870,100,100085,100,98511,100,100087,200,98441,100,100109,100,98398,100,100183,100,,,100306,100,,
2019-06-28 09:53:30.000000000,99946,210,99891,210,99999,207,99388,207,100008,207,99049,207,100035,100,99033,100,100036,100,98870,100,100085,100,98511,100,100087,200,98441,100,100109,100,98398,100,100183,100,,,100306,100,,
2019-06-28 09:53:31.469806159,99946,210,99891,210,99999,207,99388,207,100008,207,99049,207,100035,100,99033,100,100036,100,98870,100,100085,100,98511,100,100087,200,98441,100,100109,100,98398,100,100183,100,,,100306,100,,
2019-06-28 09:53:40.000000000,99946,165,99891,165,99999,165,99388,165,100008,165,99049,165,100035,165,99033,165,100036,165,98870,165,100085,100,98511,100,100087,200,98441,100,100109,100,98398,100,100183,100,,,100306,100,,
2019-06-28 09:53:42.680871560,99946,65,99891,165,99999,165,99388,165,100008,165,99049,165,100035,165,99033,165,100036,165,98870,165,100085,100,98511,100,100087,200,98441,100,100109,100,98398,100,100183,100,,,100306,100,,
2019-06-28 09:53:50.000000000,99999,210,99891,210,100008,207,99388,207,100035,207,99049,207,100036,100,99033,100,100085,100,98870,100,100087,200,98511,100,100109,100,98441,100,100183,100,98398,100,100306,100,,,100342,100,,
2019-06-28 09:53:56.760578426,99999,210,99944,100,100008,207,99891,210,100035,207,99388,207,100036,100,99049,207,100085,100,99033,100,100087,200,98870,100,100109,100,98511,100,100183,100,98441,100,100306,100,98398,100,100342,100,,
2019-06-28 09:54:00.000000000,99999,210,99944,210,100008,207,99891,207,100035,207,99388,207,100036,100,99049,100,100085,100,99033,100,100087,200,98870,100,100109,100,98511,100,100183,100,98441,100,100306,100,98398,100,100342,100,,
2019-06-28 09:54:03.710162061,99999,210,99944,210,100008,107,99891,207,100035,207,99388,207,100036,100,99049,100,100085,100,99033,100,100087,200,98870,100,100109,100,98511,100,100183,100,98441,100,100306,100,98398,100,100342,100,,
2019-06-28 09:54:04.894607395,99999,110,99944,210,100008,107,99891,207,100035,207,99388,207,100036,100,99049,100,100085,100,99033,100,100087,200,98870,100,100109,100,98511,100,100183,100,98441,100,100306,100,98398,100,100342,100,,
2019-06-28 09:54:08.638812588,99999,10,99944,210,100008,107,99891,207,100035,107,99388,207,100036,100,99049,100,100085,100,99033,100,100087,200,98870,100,100109,100,98511,100,100183,100,98441,100,100306,100,98398,100,100342,100,,
2019-06-28 09:54:10.000000000,100036,210,99944,210,100085,207,99891,207,100087,307,99388,207,100109,100,99049,100,100183,100,99033,100,100306,100,98870,100,100342,100,98511,100,100347,100,98441,100,100515,100,98398,100,100854,100,,
2019-06-28 09:54:20.000000000,100036,181,99944,181,100085,181,99891,181,100087,281,99388,181,100109,181,99049,181,100183,100,99033,100,100306,100,98870,100,100342,100,98511,100,100347,100,98441,100,100515,100,98398,100,100854,100,,
2019-06-28 09:54:29.079535783,100036,181,99944,181,100085,181,99891,181,100087,281,99388,181,100109,181,99049,181,100165,100,99033,100,100183,100,98870,100,100306,100,98511,100,100342,100,98441,100,100347,100,98398,100,100515,100,,
2019-06-28 09:54:30.000000000,100036,424,99944,424,100085,100,99891,100,100087,200,99388,100,100109,100,99049,100,100165,100,99033,100,100183,100,98870,100,100306,100,98511,100,100342,100,98441,100,100347,100,98398,100,100515,100,,
2019-06-28 09:54:40.000000000,100036,181,99944,181,100085,181,99891,181,100087,281,99388,181,100109,181,99049,181,100165,100,99033,100,100183,100,98870,100,100306,100,98511,100,100342,100,98441,100,100347,100,98398,100,100515,100,,
2019-06-28 09:54:50.000000000,100036,262,99944,262,100085,262,99891,262,100087,200,99388,100,100109,100,99049,100,100165,100,99033,100,100183,100,98870,100,100306,100,98511,100,100342,100,98441,100,100347,100,98398,100,100515,100,,
2019-06-28 09:55:00.000000000,100036,181,99944,181,100085,181,99891,181,100087,281,99388,181,100109,181,99049,181,100165,100,99033,100,100183,100,98870,100,100306,100,98511,100,100342,100,98441,100,100347,100,98398,100,100515,100,,
2019-06-28 09:55:04.318506728,100036,81,99944,181,100085,181,99891,181,100087,281,99388,181,100109,81,99049,181,100165,100,99033,100,100183,100,98870,100,100306,100,98511,100,100342,100,98441,100,100347,100,98398,100,100515,100,,
2019-06-28 09:55:10.000000000,100085,210,99944,210,100087,307,99891,207,100165,207,99388,207,100183,100,99049,100,100306,100,99033,100,100342,100,98870,100,100347,100,98511,100,100515,100,98441,100,100854,100,98398,100,,,,
2019-06-28 09:55:20.000000000,100085,424,99944,424,100087,200,99891,100,100165,100,99388,100,100183,100,99049,100,100306,100,99033,100,100342,100,98870,100,100347,100,98511,100,100515,100,98441,100,100854,100,98398,100,,,,
2019-06-28 09:55:23.761442949,100085,324,99944,424,100087,200,99891,100,100165,100,99388,100,100183,100,99049,100,100306,100,99033,100,100342,100,98870,100,100347,100,98511,100,100515,100,98441,100,100854,100,98398,100,,,,
2019-06-28 09:55:30.000000000,100087,265,99944,165,100165,165,99891,165,100183,165,99388,165,100306,165,99049,165,100342,165,99033,165,100347,100,98870,100,100515,100,98511,100,100854,100,98441,100,,,98398,100,,,,
2019-06-28 09:55:35.657471722,100087,265,99944,165,100165,165,99891,165,100183,165,99388,165,100306,165,99049,165,100342,165,99033,165,100347,100,98870,100,100484,100,98511,100,100515,100,98441,100,100854,100,98398,100,,,,
2019-06-28 09:55:39.676529887,100087,165,99944,165,100165,165,99891,165,100183,165,99388,165,100306,165,99049,165,100342,165,99033,165,100347,100,98870,100,100484,100,98511,100,100515,100,98441,100,100854,100,,,,,,
2019-06-28 09:55:40.000000000,100087,210,99944,210,100165,207,99891,207,100183,207,99388,207,100306,100,99049,100,100342,100,99033,100,100347,100,98870,100,100484,100,98511,100,100515,100,98441,100,100854,100,,,,,,
2019-06-28 09:55:50.000000000,100087,165,99944,165,100165,165,99891,165,100183,165,99388,165,100306,165,99049,165,100342,165,99033,165,100347,100,98870,100,100484,100,98511,100,100515,100,98441,100,100854,100,,,,,,
2019-06-28 09:56:00.000000000,100087,424,99944,424,100165,100,99891,100,100183,100,99388,100,100306,100,99049,100,100342,100,99033,100,100347,100,98870,100,100484,100,98511,100,100515,100,98441,100,100854,100,,,,,,
2019-06-28 09:56:10.000000000,100087,181,99944,181,100165,181,99891,181,100183,181,99388,181,100306,181,99049,181,100342,100,99033,100,100347,100,98870,100,100484,100,98511,100,100515,100,98441,100,100854,100,,,,,,
2019-06-28 09:56:16.400536933,100087,81,99944,181,100165,181,99891,181,100183,181,99388,181,100306,181,99049,181,100342,100,99033,100,100347,100,98511,100,100484,100,98441,100,100515,100,,,100854,100,,,,,,
2019-06-28 09:56:20.000000000,100165,181,99944,181,100183,181,99891,181,100306,181,99388,181,100342,181,99049,181,100347,100,99033,100,100484,100,98511,100,100515,100,98441,100,100854,100,,,,,,,,,,
2019-06-28 09:56:24.763292342,100165,181,99944,181,100183,181,99891,181,100306,181,99388,181,100342,181,99049,181,100347,100,99033,100,100484,100,98511,100,100515,100,98441,100,100838,100,,,100854,100,,,,,,
2019-06-28 09:56:25.184152642,100165,181,99944,181,100183,181,99891,181,100306,181,99388,181,100342,181,99049,181,100347,100,99033,100,100484,100,98441,100,100515,100,,,100543,100,,,100838,100,,,100854,100,,
2019-06-28 09:56:30.000000000,100165,181,99944,181,100183,181,99891,181,100306,181,99388,181,100342,181,99049,181,100347,100,99033,100,100484,100,98441,100,100515,100,,,100543,100,,,100838,100,,,100854,100,,
2019-06-28 09:56:40.000000000,100165,210,99944,210,100183,207,99891,207,100306,207,99388,207,100342,100,99049,100,100347,100,99033,100,100484,100,98441,100,100515,100,,,100543,100,,,100838,100,,,100854,100,,
2019-06-28 09:56:50.000000000,100165,424,99944,424,100183,100,99891,100,100306,100,99388,100,100342,100,99049,100,100347,100,99033,100,100484,100,98441,100,100515,100,,,100543,100,,,100838,100,,,100854,100,,
2019-06-28 09:56:53.893622244,100165,424,100087,100,100183,100,99944,424,100306,100,99891,100,100342,100,99388,100,100347,100,99049,100,100484,100,99033,100,100515,100,98441,100,100543,100,,,100838,100,,,100854,100,,
2019-06-28 09:56:59.044080195,100165,324,100087,100,100183,100,99944,424,100306,100,99891,100,100342,100,99388,100,100347,100,99049,100,100484,100,99033,100,100515,100,98441,100,100543,100,,,100838,100,,,100854,100,,
2019-06-28 09:57:00.000000000,100183,181,100087,181,100306,181,99944,181,100342,181,99891,181,100347,181,99388,181,100484,100,99049,100,100515,100,99033,100,100543,100,98441,100,100838,100,,,100854,100,,,,,,
2019-06-28 09:57:06.497557722,100183,81,100087,181,100306,181,99944,181,100342,181,99891,181,100347,181,99388,181,100484,100,99049,100,100515,100,99033,100,100543,100,98441,100,100838,100,,,100854,100,,,,,,
2019-06-28 09:57:10.000000000,100306,181,100087,181,100342,181,99944,181,100347,181,99891,181,100484,181,99388,181,100515,100,99049,100,100543,100,99033,100,100838,100,98441,100,100854,100,,,,,,,,,,
2019-06-28 09:57:14.936291194,100306,81,100087,181,100342,181,99944,181,100347,181,99891,181,100484,181,99388,181,100515,100,99049,100,100543,100,98441,100,100838,100,,,100854,100,,,,,,,,,,
2019-06-28 09:57:20.000000000,100342,210,100087,210,100347,207,99944,207,100484,207,99891,207,100515,100,99388,100,100543,100,99049,100,100838,100,98441,100,100854,100,,,,,,,,,,,,,,
2019-06-28 09:57:30.000000000,100342,424,100087,424,100347,100,99944,100,100484,100,99891,100,100515,100,99388,100,100543,100,99049,100,100838,100,98441,100,100854,100,,,,,,,,,,,,,,
2019-06-28 09:57:40.000000000,100342,210,100087,210,100347,207,99944,207,100484,207,99891,207,100515,100,99388,100,100543,100,99049,100,100838,100,98441,100,100854,100,,,,,,,,,,,,,,
2019-06-28 09:57:42.481195374,100342,110,100087,210,100347,207,99944,207,100484,207,99891,207,100515,100,99388,100,100543,100,99049,100,100838,100,98441,100,100854,100,,,,,,,,,,,,,,
2019-06-28 09:57:50.000000000,100347,181,100087,181,100484,181,99944,181,100515,181,99891,181,100543,181,99388,181,100838,100,99049,100,100854,100,98441,100,,,,,,,,,,,,,,,,
2019-06-28 09:58:00.000000000,100347,165,100087,165,100484,165,99944,165,100515,165,99891,165,100543,165,99388,165,100838,165,99049,165,100854,100,98441,100,,,,,,,,,,,,,,,,
2019-06-28 09:58:10.000000000,100347,165,100087,165,100484,165,99944,165,100515,165,99891,165,100543,165,99388,165,100838,165,99049,165,100854,100,98441,100,,,,,,,,,,,,,,,,
2019-06-28 09:58:20.000000000,100347,262,100087,262,100484,262,99944,262,100515,100,99891,100,100543,100,99388,100,100838,100,99049,100,100854,100,98441,100,,,,,,,,,,,,,,,,
2019-06-28 09:58:28.888904167,100347,162,100087,262,100484,262,99944,262,100515,100,99891,100,100543,100,99388,100,100838,100,99049,100,100854,100,98441,100,,,,,,,,,,,,,,,,
2019-06-28 09:58:30.000000000,100484,165,100087,165,100515,165,99944,165,100543,165,99891,165,100838,165,99388,165,100854,165,99049,165,,,98441,100,,,,,,,,,,,,,,,,
2019-06-28 09:58:40.000000000,100484,424,100087,424,100515,100,99944,100,100543,100,99891,100,100838,100,99388,100,100854,100,99049,100,,,98441,100,,,,,,,,,,,,,,,,
2019-06-28 09:58:50.000000000,100484,165,100087,165,100515,165,99944,165,100543,165,99891,165,100838,165,99388,165,100854,165,99049,165,,,98441,100,,,,,,,,,,,,,,,,
2019-06-28 09:58:58.553324950,100484,165,100087,165,100515,165,100073,100,100543,165,99944,165,100838,165,99891,165,100854,165,99388,165,,,99049,165,,,98441,100,,,,,,,,,,,,
2019-06-28 09:58:58.998939737,100271,100,100087,165,100484,165,100073,100,100515,165,99944,165,100543,165,99891,165,100838,165,99388,165,100854,165,99049,65,,,98441,100,,,,,,,,,,,,
2019-06-28 09:59:00.000000000,100271,262,100087,262,100484,262,100073,262,100515,100,99944,100,100543,100,99891,100,100838,100,99388,100,100854,100,98441,100,,,,,,,,,,,,,,,,
2019-06-28 09:59:10.000000000,100271,424,100087,424,100484,100,100073,100,100515,100,99944,100,100543,100,99891,100,100838,100,99388,100,100854,100,98441,100,,,,,,,,,,,,,,,,
2019-06-28 09:59:14.445375631,100271,324,100087,424,100484,100,100073,100,100515,100,99944,100,100543,100,99891,100,100838,100,99388,100,100854,100,98441,100,,,,,,,,,,,,,,,,
2019-06-28 09:59:18.505581076,100271,224,100087,424,100484,100,100073,100,100515,100,99944,100,100543,100,99891,100,100838,100,99388,100,100854,100,98441,100,,,,,,,,,,,,,,,,
2019-06-28 09:59:20.000000000,100484,424,100087,424,100515,100,100073,100,100543,100,99944,100,100838,100,99891,100,100854,100,99388,100,,,98441,100,,,,,,,,,,,,,,,,
2019-06-28 09:59:30.000000000,100484,165,100087,165,100515,165,100073,165,100543,165,99944,165,100838,165,99891,165,100854,165,99388,165,,,98441,100,,,,,,,,,,,,,,,,
2019-06-28 09:59:32.682240412,100484,65,100087,165,100515,165,100073,165,100543,165,99944,165,100838,165,99891,165,100854,165,99388,165,,,98441,100,,,,,,,,,,,,,,,,
2019-06-28 09:59:39.004637767,100484,65,100271,100,100515,165,100087,165,100543,165,100073,165,100838,165,99944,165,100854,165,99891,165,,,99388,165,,,98441,100,,,,,,,,,,,,
2019-06-28 09:59:40.000000000,100515,181,100271,181,100543,181,100087,181,100838,181,100073,181,100854,181,99944,181,,,99891,100,,,99388,100,,,98441,100,,,,,,,,,,,,
2019-06-28 09:59:50.000000000,100515,262,100271,262,100543,262,100087,262,100838,100,100073,100,100854,100,99944,100,,,99891,100,,,99388,100,,,98441,100,,,,,,,,,,,,
2019-06-28 10:00:00.000000000,100515,210,100271,210,100543,207,100087,207,100838,207,100073,207,100854,100,99944,100,,,99891,100,,,99388,100,,,98441,100,,,,,,,,,,,,
2019-06-28 10:00:10.000000000,100515,210,100271,210,100543,207,100087,207,100838,207,100073,207,100854,100,99944,100,,,99891,100,,,99388,100,,,98441,100,,,,,,,,,,,,
2019-06-28 10:00:11.322825531,100515,210,100271,210,100532,100,100087,207,100543,207,100073,207,100838,207,99944,100,100854,100,99891,100,,,99388,100,,,98441,100,,,,,,,,,,,,
2019-06-28 10:00:19.293046588,100515,210,100271,110,100532,100,100087,207,100543,107,100073,207,100838,207,99944,100,100854,100,99891,100,,,99388,100,,,98441,100,,,,,,,,,,,,
2019-06-28 10:00:20.000000000,100515,210,100087,210,100532,207,100073,207,100838,207,99944,207,100854,100,99891,100,,,99388,100,,,98441,100,,,,,,,,,,,,,,,,
2019-06-28 10:00:30.000000000,100515,424,100087,424,100532,100,100073,100,100838,100,99944,100,100854,100,99891,100,,,99388,100,,,98441,100,,,,,,,,,,,,,,,,
2019-06-28 10:00:40.000000000,100515,424,100087,424,100532,100,100073,100,100838,100,99944,100,100854,100,99891,100,,,99388,100,,,98441,100,,,,,,,,,,,,,,,,
2019-06-28 10:00:42.632662057,100515,424,100326,100,100532,100,100087,424,100838,100,100073,100,100854,100,99944,100,,,99891,100,,,99388,100,,,98441,100,,,,,,,,,,,,
2019-06-28 10:00:49.664292910,100458,100,100326,100,100515,424,100087,424,100532,100,100073,100,100838,100,99944,100,100854,100,99891,100,,,99388,100,,,98441,100,,,,,,,,,,,,
2019-06-28 10:00:50.000000000,100458,424,100326,424,100515,100,100087,100,100532,100,100073,100,100838,100,99944,100,100854,100,99891,100,,,99388,100,,,98441,100,,,,,,,,,,,,
2019-06-28 10:01:00.000000000,100458,210,100326,210,100515,207,100087,207,100532,207,100073,207,100838,100,99944,100,100854,100,99891,100,,,99388,100,,,98441,100,,,,,,,,,,,,
2019-06-28 10:01:10.000000000,100458,181,100326,181,100515,181,100087,181,100532,181,100073,181,100838,181,99944,181,100854,100,99891,100,,,99388,100,,,98441,100,,,,,,,,,,,,
2019-06-28 10:01:15.221193636,100458,181,100330,100,100515,181,100326,181,100532,181,100087,181,100838,181,100073,181,100854,100,99944,181,,,99891,100,,,99388,100,,,98441,100,,,,,,,,
2019-06-28 10:01:20.000000000,100458,165,100330,165,100515,165,100326,165,100532,165,100087,165,100838,165,100073,165,100854,165,99944,165,,,99891,100,,,99388,100,,,98441,100,,,,,,,,
2019-06-28 10:01:21.087297905,100458,165,100330,165,100515,165,100326,165,100532,165,100272,100,100838,165,100087,165,100854,165,100073,165,,,99944,165,,,99891,100,,,99388,100,,,98441,100,,,,
2019-06-28 10:01:28.536468586,100458,165,100330,165,100515,165,100326,165,100532,165,100272,200,100838,165,100087,165,100854,165,100073,165,,,99944,65,,,99891,100,,,99388,100,,,98441,100,,,,
2019-06-28 10:01:30.000000000,100458,262,100330,262,100515,262,100326,262,100532,100,100272,200,100838,100,100087,100,100854,100,100073,100,,,99891,100,,,99388,100,,,98441,100,,,,,,,,
2019-06-28 10:01:35.884346169,100458,262,100330,262,100515,262,100326,262,100532,100,100272,200,100838,100,100087,100,100854,100,100073,100,,,100052,100,,,99891,100,,,99388,100,,,98441,100,,,,
2019-06-28 10:01:39.222082422,100458,262,100330,262,100515,262,100326,262,100532,100,100272,200,100639,100,100087,100,100838,100,100073,100,100854,100,100052,100,,,99891,100,,,99388,100,,,98441,100,,,,
2019-06-28 10:01:40.000000000,100458,165,100330,165,100515,165,100326,165,100532,165,100272,265,100639,165,100087,165,100838,165,100073,165,100854,100,100052,100,,,99891,100,,,99388,100,,,98441,100,,,,
2019-06-28 10:01:49.851905648,100458,165,100330,165,100483,100,100326,165,100515,165,100272,265,100532,165,100087,165,100639,165,100073,165,100838,165,100052,100,100854,100,99891,100,,,99388,100,,,98441,100,,,,
2019-06-28 10:01:50.000000000,100458,165,100330,165,100483,165,100326,165,100515,165,100272,265,100532,165,100087,165,100639,165,100073,165,100838,100,100052,100,100854,100,99891,100,,,99388,100,,,98441,100,,,,
2019-06-28 10:01:56.005767327,100458,165,100330,165,100483,165,100326,165,100515,165,100272,265,100532,165,100087,165,100639,165,100073,165,100838,100,100062,100,100854,100,100052,100,,,99891,100,,,99388,100,,,98441,100
2019-06-28 10:02:00.000000000,100458,424,100330,424,100483,100,100326,100,100515,100,100272,200,100532,100,100087,100,100639,100,100073,100,100838,100,100062,100,100854,100,100052,100,,,99891,100,,,99388,100,,,98441,100
2019-06-28 10:02:10.000000000,100458,424,100330,424,100483,100,100326,100,100515,100,100272,200,100532,100,100087,100,100639,100,100073,100,100838,100,100062,100,100854,100,100052,100,,,99891,100,,,99388,100,,,98441,100
2019-06-28 10:02:20.000000000,100458,165,100330,165,100483,165,100326,165,100515,165,100272,265,100532,165,100087,165,100639,165,100073,165,100838,100,100062,100,100854,100,100052,100,,,99891,100,,,99388,100,,,98441,100
2019-06-28 10:02:21.867245086,100445,100,100330,165,100458,165,100326,165,100483,165,100272,265,100515,165,100087,165,100532,165,100073,165,100639,165,100062,100,100838,100,100052,100,100854,100,99891,100,,,99388,100,,,98441,100
2019-06-28 10:02:30.000000000,100445,210,100330,210,100458,207,100326,207,100483,207,100272,307,100515,100,100087,100,100532,100,100073,100,100639,100,100062,100,100838,100,100052,100,100854,100,99891,100,,,99388,100,,,98441,100
2019-06-28 10:02:40.000000000,100445,424,100330,424,100458,100,100326,100,100483,100,100272,200,100515,100,100087,100,100532,100,100073,100,100639,100,100062,100,100838,100,100052,100,100854,100,99891,100,,,99388,100,,,98441,100
2019-06-28 10:02:48.097624114,100445,424,100330,324,100458,100,100326,100,100483,100,100272,200,100515,100,100087,100,100532,100,100073,100,100639,100,100062,100,100838,100,100052,100,100854,100,99891,100,,,99388,100,,,98441,100
2019-06-28 10:02:50.000000000,100445,424,100326,424,100458,100,100272,200,100483,100,100087,100,100515,100,100073,100,100532,100,100062,100,100639,100,100052,100,100838,100,99891,100,100854,100,99388,100,,,98441,100,,,,
2019-06-28 10:03:00.000000000,100445,181,100326,181,100458,181,100272,281,100483,181,100087,181,100515,181,100073,181,100532,100,100062,100,100639,100,100052,100,100838,100,99891,100,100854,100,99388,100,,,98441,100,,,,
2019-06-28 10:03:10.000000000,100445,424,100326,424,100458,100,100272,200,100483,100,100087,100,100515,100,100073,100,100532,100,100062,100,100639,100,100052,100,100838,100,99891,100,100854,100,99388,100,,,98441,100,,,,
2019-06-28 10:03:15.386655606,100330,100,100326,424,100445,424,100272,100,100458,100,100087,100,100483,100,100073,100,100515,100,100062,100,100532,100,100052,100,100639,100,99891,100,100838,100,99388,100,100854,100,98441,100,,,,
2019-06-28 10:03:20.000000000,100330,181,100326,181,100445,181,100272,181,100458,181,100087,181,100483,181,100073,181,100515,100,100062,100,100532,100,100052,100,100639,100,99891,100,100838,100,99388,100,100854,100,98441,100,,,,
2019-06-28 10:03:30.000000000,100330,181,100326,181,100445,181,100272,181,100458,181,100087,181,100483,181,100073,181,100515,100,100062,100,100532,100,100052,100,100639,100,99891,100,100838,100,99388,100,100854,100,98441,100,,,,
2019-06-28 10:03:40.000000000,100330,165,100326,165,100445,165,100272,165,100458,165,100087,165,100483,165,100073,165,100515,165,100062,165,100532,100,100052,100,100639,100,99891,100,100838,100,99388,100,100854,100,98441,100,,,,
2019-06-28 10:03:50.000000000,100330,262,100326,262,100445,262,100272,262,100458,100,100087,100,100483,100,100073,100,100515,100,100062,100,100532,100,100052,100,100639,100,99891,100,100838,100,99388,100,100854,100,98441,100,,,,
2019-06-28 10:04:00.000000000,100330,210,100326,210,100445,207,100272,207,100458,207,100087,207,100483,100,100073,100,100515,100,100062,100,100532,100,100052,100,100639,100,99891,100,100838,100,99388,100,100854,100,98441,100,,,,
2019-06-28 10:04:09.104054850,100330,210,100326,210,100445,207,100272,207,100458,207,100087,207,100483,100,100073,100,100515,100,100062,100,100532,100,100052,100,100639,100,99891,100,100838,100,99388,100,100854,100,98441,100,100909,100,,
2019-06-28 10:04:10.000000000,100330,424,100326,424,100445,100,100272,100,100458,100,100087,100,100483,100,100073,100,100515,100,100062,100,100532,100,100052,100,100639,100,99891,100,100838,100,99388,100,100854,100,98441,100,100909,100,,
2019-06-28 10:04:20.000000000,100330,262,100326,262,100445,262,100272,262,100458,100,100087,100,100483,100,100073,100,100515,100,100062,100,100532,100,100052,100,100639,100,99891,100,100838,100,99388,100,100854,100,98441,100,100909,100,,
2019-06-28 10:04:21.040506120,100330,162,100326,262,100445,262,100272,262,100458,100,100087,100,100483,100,100073,100,100515,100,100062,100,100532,100,100052,100,100639,100,99891,100,100838,100,99388,100,100854,100,98441,100,100909,100,,
2019-06-28 10:04:24.284462480,100330,62,100326,262,100445,262,100272,262,100458,100,100087,100,100483,100,100073,100,100515,100,100062,100,100532,100,100052,100,100639,100,99891,100,100838,100,99388,100,100854,100,98441,100,100909,100,,
2019-06-28 10:04:30.000000000,100445,424,100326,424,100458,100,100272,100,100483,100,100087,100,100515,100,100073,100,100532,100,100062,100,100639,100,100052,100,100838,100,99891,100,100854,100,99388,100,100909,100,98441,100,,,,
2019-06-28 10:04:39.225251950,100329,100,100326,424,100445,424,100272,100,100458,100,100087,100,100483,100,100073,100,100515,100,100062,100,100532,100,100052,100,100639,100,99891,100,100838,100,99388,100,100854,100,98441,100,100909,100,,
2019-06-28 10:04:40.000000000,100329,210,100326,210,100445,207,100272,207,100458,207,100087,207,100483,100,100073,100,100515,100,100062,100,100532,100,100052,100,100639,100,99891,100,100838,100,99388,100,100854,100,98441,100,100909,100,,
2019-06-28 10:04:40.855048488,100329,210,100326,210,100445,207,100272,207,100452,100,100087,207,100458,207,100073,100,100483,100,100062,100,100515,100,100052,100,100532,100,99891,100,100639,100,99388,100,100838,100,98441,100,100854,100,,
2019-06-28 10:04:50.000000000,100329,181,100326,181,100445,181,100272,181,100452,181,100087,181,100458,181,100073,181,100483,100,100062,100,100515,100,100052,100,100532,100,99891,100,100639,100,99388,100,100838,100,98441,100,100854,100,,
2019-06-28 10:05:00.000000000,100329,424,100326,424,100445,100,100272,100,100452,100,100087,100,100458,100,100073,100,100483,100,100062,100,100515,100,100052,100,100532,100,99891,100,100639,100,99388,100,100838,100,98441,100,100854,100,,
2019-06-28 10:05:02.151378308,100329,424,100326,324,100445,100,100272,100,100458,100,100087,100,100483,100,100073,100,100515,100,100062,100,100532,100,100052,100,100639,100,99891,100,100838,100,99388,100,100854,100,98441,100,100909,100,,
2019-06-28 10:05:10.000000000,100329,181,100272,181,100445,181,100087,181,100458,181,100073,181,100483,181,100062,181,100515,100,100052,100,100532,100,99891,100,100639,100,99388,100,100838,100,98441,100,100854,100,,,100909,100,,
2019-06-28 10:05:20.000000000,100329,424,100272,424,100445,100,100087,100,100458,100,100073,100,100483,100,100062,100,100515,100,100052,100,100532,100,99891,100,100639,100,99388,100,100838,100,98441,100,100854,100,,,100909,100,,
2019-06-28 10:05:22.094954887,100329,424,100288,100,100445,100,100272,424,100458,100,100087,100,100483,100,100073,100,100515,100,100062,100,100532,100,100052,100,100639,100,99891,100,100838,100,99388,100,100854,100,98441,100,100909,100,,
2019-06-28 10:05:30.000000000,100329,262,100288,262,100445,262,100272,262,100458,100,100087,100,100483,100,100073,100,100515,100,100062,100,100532,100,100052,100,100639,100,99891,100,100838,100,99388,100,100854,100,98441,100,100909,100,,
2019-06-28 10:05:40.000000000,100329,262,100288,262,100445,262,100272,262,100458,100,100087,100,100483,100,100073,100,100515,100,100062,100,100532,100,100052,100,100639,100,99891,100,100838,100,99388,100,100854,100,98441,100,100909,100,,
2019-06-28 10:05:50.000000000,100329,181,100288,181,100445,181,100272,181,100458,181,100087,181,100483,181,100073,181,100515,100,100062,100,100532,100,100052,100,100639,100,99891,100,100838,100,99388,100,100854,100,98441,100,100909,100,,
2019-06-28 10:06:00.000000000,100329,181,100288,181,100445,181,100272,181,100458,181,100087,181,100483,181,100073,181,100515,100,100062,100,100532,100,100052,100,100639,100,99891,100,100838,100,99388,100,100854,100,98441,100,100909,100,,
2019-06-28 10:06:09.700927532,100329,181,100288,181,100445,181,100272,181,100458,181,100087,181,100483,181,100073,181,100515,100,100062,100,100524,100,100052,100,100532,100,99891,100,100639,100,99388,100,100838,100,98441,100,100854,100,,
2019-06-28 10:06:10.000000000,100329,181,100288,181,100445,181,100272,181,100458,181,100087,181,100483,181,100073,181,100515,100,100062,100,100524,100,100052,100,100532,100,99891,100,100639,100,99388,100,100838,100,98441,100,100854,100,,
2019-06-28 10:06:14.502339073,100329,181,100306,100,100445,181,100288,181,100458,181,100272,181,100483,181,100087,181,100515,100,100073,181,100524,100,100062,100,100532,100,100052,100,100639,100,99891,100,100838,100,99388,100,100854,100,98441,100
2019-06-28 10:06:20.000000000,100329,165,100306,165,100445,165,100288,165,100458,165,100272,165,100483,165,100087,165,100515,165,100073,165,100524,100,100062,100,100532,100,100052,100,100639,100,99891,100,100838,100,99388,100,100854,100,98441,100
2019-06-28 10:06:30.000000000,100329,424,100306,424,100445,100,100288,100,100458,100,100272,100,100483,100,100087,100,100515,100,100073,100,100524,100,100062,100,100532,100,100052,100,100639,100,99891,100,100838,100,99388,100,100854,100,98441,100
2019-06-28 10:06:38.244188316,100329,424,100306,424,100445,100,100288,100,100458,100,100272,100,100483,100,100087,100,100515,100,100073,100,100524,100,100062,100,100532,100,100052,100,100639,100,99891,100,100671,100,99388,100,100838,100,98441,100
2019-06-28 10:06:40.000000000,100329,210,100306,210,100445,207,100288,207,100458,207,100272,207,100483,100,100087,100,100515,100,100073,100,100524,100,100062,100,100532,100,100052,100,100639,100,99891,100,100671,100,99388,100,100838,100,98441,100
2019-06-28 10:06:43.912418609,100329,210,100306,210,100445,207,100288,207,100458,207,100272,207,100483,100,100087,100,100520,100,100073,100,100524,100,100062,100,100532,100,100052,100,100639,100,99891,100,100671,100,99388,100,100838,100,98441,100
2019-06-28 10:06:49.849243425,100329,210,100306,210,100445,207,100288,207,100458,207,100272,207,100483,100,100203,100,100520,100,100087,100,100524,100,100073,100,100532,100,100062,100,100639,100,100052,100,100671,100,99891,100,100838,100,99388,100
2019-06-28 10:06:50.000000000,100329,262,100306,262,100445,262,100288,262,100458,100,100272,100,100483,100,100203,100,100520,100,100087,100,100524,100,100073,100,100532,100,100062,100,100639,100,100052,100,100671,100,99891,100,100838,100,99388,100
2019-06-28 10:07:00.000000000,100329,181,100306,181,100445,181,100288,181,100458,181,100272,181,100483,181,100203,181,100520,100,100087,100,100524,100,100073,100,100532,100,100062,100,100639,100,100052,100,100671,100,99891,100,100838,100,99388,100
2019-06-28 10:07:10.000000000,100329,165,100306,165,100445,165,100288,165,100458,165,100272,165,100483,165,100203,165,100520,165,100087,165,100524,100,100073,100,100532,100,100062,100,100639,100,100052,100,100671,100,99891,100,100838,100,99388,100
2019-06-28 10:07:17.695215193,100329,165,100306,165,100445,165,100288,165,100458,165,100272,165,100483,165,100203,165,100520,165,100087,165,100524,100,100073,100,100532,100,100062,100,100671,100,100052,100,100838,100,99891,100,100854,100,99388,100
2019-06-28 10:07:20.000000000,100329,424,100306,424,100445,100,100288,100,100458,100,100272,100,100483,100,100203,100,100520,100,100087,100,100524,100,100073,100,100532,100,100062,100,100671,100,100052,100,100838,100,99891,100,100854,100,99388,100
2019-06-28 10:07:30.000000000,100329,424,100306,424,100445,100,100288,100,100458,100,100272,100,100483,100,100203,100,100520,100,100087,100,100524,100,100073,100,100532,100,100062,100,100671,100,100052,100,100838,100,99891,100,100854,100,99388,100
2019-06-28 10:07:34.520484679,100329,424,100327,100,100445,100,100306,424,100458,100,100288,100,100483,100,100203,100,100520,100,100087,100,100524,100,100073,100,100532,100,100062,100,100671,100,100052,100,100838,100,99891,100,100854,100,99388,100
2019-06-28 10:07:40.000000000,100329,181,100327,181,100445,181,100306,181,100458,181,100288,181,100483,181,100203,181,100520,100,100087,100,100524,100,100073,100,100532,100,100062,100,100671,100,100052,100,100838,100,99891,100,100854,100,99388,100
2019-06-28 10:07:40.081681309,100329,181,100327,281,100445,181,100306,181,100458,181,100288,181,100483,181,100203,181,100520,100,100087,100,100524,100,100073,100,100532,100,100062,100,100671,100,100052,100,100838,100,99891,100,100854,100,99388,100
2019-06-28 10:07:50.000000000,100329,262,100327,362,100445,262,100306,262,100458,100,100288,100,100483,100,100203,100,100520,100,100087,100,100524,100,100073,100,100532,100,100062,100,100671,100,100052,100,100838,100,99891,100,100854,100,99388,100
2019-06-28 10:08:00.000000000,100329,262,100327,362,100445,262,100306,262,100458,100,100288,100,100483,100,100203,100,100520,100,100087,100,100524,100,100073,100,100532,100,100062,100,100671,100,100052,100,100838,100,99891,100,100854,100,99388,100
2019-06-28 10:08:10.000000000,100329,181,100327,281,100445,181,100306,181,100458,181,100288,181,100483,181,100203,181,100520,100,100087,100,100524,100,100073,100,100532,100,100062,100,100671,100,100052,100,100838,100,99891,100,100854,100,99388,100
2019-06-28 10:08:12.313142969,100329,81,100327,281,100445,181,100306,181,100458,181,100288,181,100483,181,100203,181,100520,100,100087,100,100524,100,100073,100,100532,100,100062,100,100671,100,100052,100,100838,100,99891,100,100854,100,99388,100
2019-06-28 10:08:19.759357816,100329,81,100327,281,100445,181,100306,181,100458,181,100288,181,100483,181,100203,181,100520,100,100087,100,100524,100,100073,100,100532,100,100062,100,100594,100,100052,100,100671,100,99891,100,100838,100,99388,100
2019-06-28 10:08:20.000000000,100445,210,100327,310,100458,207,100306,207,100483,207,100288,207,100520,100,100203,100,100524,100,100087,100,100532,100,100073,100,100594,100,100062,100,100671,100,100052,100,100838,100,99891,100,100854,100,99388,100
2019-06-28 10:08:30.000000000,100445,210,100327,310,100458,207,100306,207,100483,207,100288,207,100520,100,100203,100,100524,100,100087,100,100532,100,100073,100,100594,100,100062,100,100671,100,100052,100,100838,100,99891,100,100854,100,99388,100
2019-06-28 10:08:33.907205667,100344,100,100327,310,100445,210,100306,207,100458,207,100288,207,100483,207,100203,100,100520,100,100087,100,100524,100,100073,100,100532,100,100062,100,100594,100,100052,100,100671,100,99891,100,100838,100,99388,100
2019-06-28 10:08:40.000000000,100344,165,100327,265,100445,165,100306,165,100458,165,100288,165,100483,165,100203,165,100520,165,100087,165,100524,100,100073,100,100532,100,100062,100,100594,100,100052,100,100671,100,99891,100,100838,100,99388,100
2019-06-28 10:08:50.000000000,100344,210,100327,310,100445,207,100306,207,100458,207,100288,207,100483,100,100203,100,100520,100,100087,100,100524,100,100073,100,100532,100,100062,100,100594,100,100052,100,100671,100,99891,100,100838,100,99388,100
2019-06-28 10:09:00.000000000,100344,165,100327,265,100445,165,100306,165,100458,165,100288,165,100483,165,100203,165,100520,165,100087,165,100524,100,100073,100,100532,100,100062,100,100594,100,100052,100,100671,100,99891,100,100838,100,99388,100
2019-06-28 10:09:10.000000000,100344,210,100327,310,100445,207,100306,207,100458,207,100288,207,100483,100,100203,100,100520,100,100087,100,100524,100,100073,100,100532,100,100062,100,100594,100,100052,100,100671,100,99891,100,100838,100,99388,100
2019-06-28 10:09:20.000000000,100344,262,100327,362,100445,262,100306,262,100458,100,100288,100,100483,100,100203,100,100520,100,100087,100,100524,100,100073,100,100532,100,100062,100,100594,100,100052,100,100671,100,99891,100,100838,100,99388,100
2019-06-28 10:09:26.619724659,100344,262,100327,362,100445,262,100306,262,100458,100,100288,100,100483,100,100203,100,100520,100,100087,100,100524,100,100073,100,100532,100,100062,100,100594,100,100052,100,100671,100,99891,100,100755,100,99388,100
2019-06-28 10:09:30.000000000,100344,262,100327,362,100445,262,100306,262,100458,100,100288,100,100483,100,100203,100,100520,100,100087,100,100524,100,100073,100,100532,100,100062,100,100594,100,100052,100,100671,100,99891,100,100755,100,99388,100
2019-06-28 10:09:40.000000000,100344,165,100327,265,100445,165,100306,165,100458,165,100288,165,100483,165,100203,165,100520,165,100087,165,100524,100,100073,100,100532,100,100062,100,100594,100,100052,100,100671,100,99891,100,100755,100,99388,100
2019-06-28 10:09:42.365672107,100344,65,100327,265,100445,165,100306,165,100458,165,100288,165,100483,165,100203,165,100520,165,100087,165,100524,100,100073,100,100532,100,100062,100,100594,100,100052,100,100671,100,99891,100,100755,100,99388,100
2019-06-28 10:09:50.000000000,100445,165,100327,265,100458,165,100306,165,100483,165,100288,165,100520,165,100203,165,100524,165,100087,165,100532,100,100073,100,100594,100,100062,100,100671,100,100052,100,100755,100,99891,100,100854,100,99388,100
2019-06-28 10:10:00.000000000,100445,210,100327,310,100458,207,100306,207,100483,207,100288,207,100520,100,100203,100,100524,100,100087,100,100532,100,100073,100,100594,100,100062,100,100671,100,100052,100,100755,100,99891,100,100854,100,99388,100
2019-06-28 10:10:09.221028112,100445,110,100327,310,100458,207,100306,207,100483,207,100288,207,100520,100,100203,100,100524,100,100087,100,100532,100,100073,100,100594,100,100062,100,100671,100,100052,100,100755,100,99891,100,100854,100,98441,100
2019-06-28 10:10:10.000000000,100458,165,100327,265,100483,165,100306,165,100520,165,100288,165,100524,165,100203,165,100532,165,100087,165,100594,100,100073,100,100671,100,100062,100,100755,100,100052,100,100854,100,99891,100,100909,100,98441,100
2019-06-28 10:10:14.070760635,100458,165,100327,265,100483,165,100306,165,100520,165,100288,165,100524,165,100203,165,100532,165,100087,165,100594,100,100073,100,100660,100,100062,100,100671,100,100052,100,100755,100,99891,100,100854,100,98441,100
2019-06-28 10:10:20.000000000,100458,424,100327,524,100483,100,100306,100,100520,100,100288,100,100524,100,100203,100,100532,100,100087,100,100594,100,100073,100,100660,100,100062,100,100671,100,100052,100,100755,100,99891,100,100854,100,98441,100
2019-06-28 10:10:30.000000000,100458,424,100327,524,100483,100,100306,100,100520,100,100288,100,100524,100,100203,100,100532,100,100087,100,100594,100,100073,100,100660,100,100062,100,100671,100,100052,100,100755,100,99891,100,100854,100,98441,100
2019-06-28 10:10:40.000000000,100458,262,100327,362,100483,262,100306,262,100520,100,100288,100,100524,100,100203,100,100532,100,100087,100,100594,100,100073,100,100660,100,100062,100,100671,100,100052,100,100755,100,99891,100,100854,100,98441,100
