,ask_price_1,ask_size_1,bid_price_1,bid_size_1,ask_price_2,ask_size_2,bid_price_2,bid_size_2,ask_price_3,ask_size_3,bid_price_3,bid_size_3,ask_price_4,ask_size_4,bid_price_4,bid_size_4,ask_price_5,ask_size_5,bid_price_5,bid_size_5,ask_price_6,ask_size_6,bid_price_6,bid_size_6,ask_price_7,ask_size_7,bid_price_7,bid_size_7,ask_price_8,ask_size_8,bid_price_8,bid_size_8,ask_price_9,ask_size_9,bid_price_9,bid_size_9,ask_price_10,ask_size_10,bid_price_10,bid_size_10
2019-06-28 09:30:00.000000000,,,99943,100,,,,,,,,,,,,,,,,,,,,,,,,,,,,,,,,,,,,
2019-06-28 09:30:00.000000002,,,99943,100,,,,,,,,,,,,,,,,,,,,,,,,,,,,,,,,,,,,
2019-06-28 09:30:00.000000005,,,99943,100,,,99833,100,,,,,,,,,,,,,,,,,,,,,,,,,,,,,,,,
2019-06-28 09:30:00.000000008,100099,100,99943,100,,,99833,100,,,,,,,,,,,,,,,,,,,,,,,,,,,,,,,,
2019-06-28 09:30:00.000000010,100099,100,100005,100,,,99943,100,,,99833,100,,,99827,100,,,,,,,,,,,,,,,,,,,,,,,,
2019-06-28 09:30:00.000000013,100075,100,100005,100,100099,100,99943,100,,,99879,100,,,99833,100,,,99827,100,,,,,,,,,,,,,,,,,,,,
2019-06-28 09:30:00.000000015,100030,100,100005,100,100075,100,99943,100,100099,100,99879,100,,,99833,100,,,99827,100,,,,,,,,,,,,,,,,,,,,
2019-06-28 09:30:00.000000016,100030,100,100005,100,100075,100,99954,100,100099,100,99943,100,,,99936,100,,,99879,100,,,99833,100,,,99827,100,,,,,,,,,,,,
2019-06-28 09:30:00.000000017,100030,100,100005,100,100075,100,99954,100,100099,100,99943,100,,,99936,100,,,99879,100,,,99873,100,,,99833,100,,,99827,100,,,,,,,,
2019-06-28 09:30:00.000000021,100030,100,100005,100,100058,100,99954,100,100075,100,99943,100,100099,100,99936,100,,,99879,100,,,99873,100,,,99833,100,,,99827,100,,,,,,,,
2019-06-28 09:30:00.000000022,100030,100,100018,100,100058,100,100005,100,100075,100,99954,100,100099,100,99943,100,100104,100,99936,100,,,99879,100,,,99873,100,,,99833,100,,,99827,100,,,,
2019-06-28 09:30:00.000000024,100030,100,100005,100,100058,100,99954,100,100075,100,99943,100,100099,100,99936,100,100104,100,99879,100,,,99873,100,,,99833,100,,,99827,100,,,,,,,,
2019-06-28 09:30:00.000000028,100018,200,100005,100,100030,100,99954,100,100058,100,99943,100,100075,100,99936,100,100099,100,99879,100,100104,100,99873,100,,,99862,100,,,99833,100,,,99827,100,,,,
2019-06-28 09:30:00.000000029,100018,200,100006,100,100019,100,100005,100,100030,100,99954,100,100058,100,99943,100,100075,100,99936,100,100099,100,99879,100,100104,100,99873,100,,,99862,100,,,99833,100,,,99827,100
2019-06-28 09:30:00.000000030,100018,200,100006,100,100019,100,100005,100,100030,100,99954,100,100058,100,99943,100,100075,100,99936,100,100099,100,99879,100,100104,100,99873,100,100275,100,99862,100,,,99833,100,,,99827,100
2019-06-28 09:30:00.000000031,100018,200,100006,100,100019,100,100005,100,100030,100,99954,100,100058,100,99943,100,100075,100,99936,100,100099,100,99879,100,100104,100,99873,100,100167,100,99862,100,100275,100,99833,100,,,99827,100
2019-06-28 09:30:00.000000033,100018,200,100006,100,100019,100,100005,100,100030,100,99954,100,100058,100,99943,100,100075,100,99936,100,100078,100,99922,100,100099,100,99879,100,100104,100,99873,100,100167,100,99862,100,100275,100,99833,100
2019-06-28 09:30:00.000000039,100018,200,100006,200,100019,100,100005,100,100030,100,99961,100,100058,100,99954,100,100075,100,99943,100,100078,100,99936,100,100099,100,99922,100,100104,100,99879,100,100167,100,99873,100,100275,100,99862,100
2019-06-28 09:30:00.000000041,100018,200,100006,200,100019,100,100005,100,100030,100,99961,100,100058,100,99954,100,100075,100,99943,100,100078,100,99936,100,100099,100,99922,100,100104,100,99881,100,100167,100,99879,100,100275,100,99875,100
2019-06-28 09:30:00.000000044,100018,200,100006,200,100019,100,100005,100,100030,100,99961,100,100048,100,99954,100,100058,100,99943,100,100075,100,99936,100,100078,100,99922,100,100099,100,99881,100,100104,100,99879,100,100167,100,99875,100
2019-06-28 09:30:00.000000045,100018,100,100006,200,100019,100,100005,100,100030,100,99961,100,100048,100,99954,100,100058,100,99943,100,100075,100,99936,100,100078,100,99922,100,100099,100,99881,100,100104,100,99879,100,100167,100,99875,100
2019-06-28 09:30:00.000000046,100017,100,100006,200,100018,100,100005,100,100019,100,99961,100,100030,100,99954,100,100048,100,99943,100,100058,100,99936,100,100075,100,99932,100,100078,100,99928,100,100099,100,99922,100,100104,100,99881,100
2019-06-28 09:30:00.000000047,100017,100,100006,100,100018,100,100005,100,100019,100,99961,100,100030,100,99954,100,100048,100,99943,100,100058,100,99936,100,100075,100,99932,100,100078,100,99928,100,100099,100,99922,100,100104,100,99881,100
2019-06-28 09:30:00.000000048,100018,100,100006,100,100019,100,100005,100,100030,100,99961,100,100048,100,99954,100,100058,100,99943,100,100075,100,99936,100,100078,100,99932,100,100099,100,99928,100,100104,100,99922,100,100167,100,99881,100
2019-06-28 09:30:00.000000051,100018,100,100006,100,100019,100,100005,100,100030,100,99961,100,100048,100,99954,100,100058,100,99943,100,100075,100,99936,100,100078,100,99932,100,100099,100,99928,100,100104,100,99922,100,100167,100,99912,100
2019-06-28 09:30:00.000000053,100017,100,100006,100,100018,100,100005,100,100019,100,99961,100,100030,100,99954,100,100048,100,99943,100,100058,100,99936,100,100075,100,99932,100,100078,100,99928,100,100099,100,99922,100,100104,100,99912,100
2019-06-28 09:30:00.000000054,100017,100,100006,100,100018,100,100005,100,100019,100,99961,100,100030,100,99954,100,100048,100,99943,100,100058,100,99936,100,100075,100,99932,100,100078,100,99928,100,100099,100,99922,100,100104,100,99912,100
2019-06-28 09:30:00.000000055,100017,100,100006,100,100018,100,100005,100,100019,100,99961,100,100030,100,99954,100,100048,100,99943,100,100058,100,99936,100,100075,100,99932,100,100078,100,99928,100,100092,100,99922,100,100099,100,99912,100
2019-06-28 09:30:00.000000056,100017,100,100005,100,100018,100,99961,100,100019,100,99954,100,100030,100,99943,100,100048,100,99936,200,100058,100,99932,100,100075,100,99928,100,100078,100,99922,100,100092,100,99912,100,100099,100,99881,100
2019-06-28 09:30:00.000000057,100017,100,100005,100,100018,100,99961,100,100019,100,99954,100,100030,100,99943,100,100048,100,99936,200,100058,100,99932,100,100075,100,99928,100,100078,100,99922,100,100092,100,99912,100,100099,100,99902,100
2019-06-28 09:30:00.000000058,100017,100,100005,100,100018,100,99961,100,100019,100,99954,100,100030,100,99943,100,100048,100,99936,200,100058,100,99932,100,100075,100,99928,100,100078,100,99922,100,100092,100,99912,100,100099,100,99911,100
2019-06-28 09:30:00.000000059,100017,100,100005,100,100018,100,99961,100,100019,100,99954,100,100030,100,99943,100,100048,100,99936,200,100058,100,99932,100,100075,100,99928,100,100078,100,99922,100,100092,100,99912,100,100099,100,99911,100
2019-06-28 09:30:00.000000061,100017,100,100005,100,100018,100,99961,100,100019,100,99954,100,100030,100,99943,100,100048,100,99936,200,100058,100,99932,200,100075,100,99928,100,100078,100,99922,100,100092,100,99912,100,100099,100,99911,100
2019-06-28 09:30:00.000000064,100017,100,100005,100,100018,100,99961,100,100019,100,99954,100,100030,100,99943,100,100048,100,99936,200,100058,100,99932,200,100075,100,99928,100,100078,100,99922,100,100092,100,99912,100,100099,100,99911,100
2019-06-28 09:30:00.000000065,100017,100,100005,100,100018,100,99961,100,100019,100,99954,100,100030,100,99943,100,100048,100,99936,200,100058,100,99932,200,100075,100,99928,100,100076,100,99922,100,100078,100,99912,100,100092,100,99911,100
2019-06-28 09:30:00.000000068,100006,100,100005,100,100017,100,99961,100,100018,100,99954,100,100019,100,99943,100,100030,100,99936,200,100048,100,99932,200,100058,100,99928,100,100075,100,99922,100,100076,100,99912,100,100078,100,99911,100
2019-06-28 09:30:00.000000072,100006,100,100005,100,100016,100,99961,100,100017,100,99954,100,100018,100,99943,100,100019,100,99936,200,100030,100,99932,200,100048,100,99928,100,100058,100,99922,100,100075,100,99912,100,100076,100,99911,100
2019-06-28 09:30:00.000000073,100006,100,100005,100,100016,100,100000,100,100017,100,99961,100,100018,100,99954,100,100019,100,99943,100,100030,100,99936,200,100048,100,99932,200,100058,100,99928,100,100075,100,99922,100,100076,100,99912,100
2019-06-28 09:30:00.000000074,100016,100,100005,100,100017,100,100000,100,100018,100,99961,100,100019,100,99954,100,100030,100,99943,100,100048,100,99936,200,100058,100,99932,200,100075,100,99928,100,100076,100,99922,100,100078,100,99912,100
2019-06-28 09:30:00.000000076,100016,100,100005,100,100017,100,100000,100,100018,100,99961,100,100019,100,99954,100,100030,100,99943,100,100048,100,99936,200,100058,100,99932,200,100061,100,99928,100,100075,100,99922,100,100076,100,99912,100
2019-06-28 09:30:00.000000084,100016,100,100005,100,100017,100,100000,100,100018,100,99961,100,100019,100,99954,100,100030,100,99943,100,100048,100,99936,200,100058,100,99932,200,100061,100,99928,100,100075,100,99922,100,100076,100,99912,100
2019-06-28 09:30:00.000000087,100016,100,100005,100,100017,100,100000,100,100018,100,99961,100,100019,100,99954,100,100030,100,99943,100,100048,100,99936,200,100058,100,99932,200,100061,200,99928,100,100075,100,99922,100,100076,100,99912,100
2019-06-28 09:30:00.000000088,100016,100,100005,100,100017,100,100000,100,100018,100,99961,100,100019,100,99954,100,100030,100,99943,100,100048,100,99936,200,100058,100,99934,100,100061,200,99932,200,100075,100,99928,100,100076,100,99922,100
2019-06-28 09:30:00.000000093,100016,100,100005,100,100017,100,100000,100,100018,100,99961,100,100019,100,99954,100,100030,100,99943,100,100046,100,99936,200,100048,100,99934,100,100058,100,99932,200,100061,200,99928,100,100075,100,99922,100
2019-06-28 09:30:00.000000095,100016,100,100005,100,100017,100,100000,100,100018,100,99961,100,100019,100,99954,100,100030,100,99943,100,100046,100,99936,200,100048,100,99934,100,100058,100,99932,200,100061,200,99931,100,100075,100,99928,100
2019-06-28 09:30:00.000000096,100016,100,100005,100,100017,100,100000,100,100018,100,99961,100,100019,100,99954,100,100030,100,99943,100,100046,100,99936,200,100048,100,99934,100,100058,100,99932,200,100061,200,99931,100,100075,100,99928,100
2019-06-28 09:30:03.065265246,100016,100,100005,100,100017,100,100000,100,100018,100,99961,100,100019,100,99954,100,100030,100,99943,100,100046,100,99936,200,100048,100,99934,100,100058,100,99932,200,100061,200,99931,100,100075,100,99928,100
2019-06-28 09:30:10.000000000,100016,186,100005,186,100017,186,100000,186,100018,186,99961,186,100019,186,99954,186,100030,100,99943,100,100046,100,99936,200,100048,100,99934,100,100058,100,99932,200,100061,200,99931,100,100075,100,99928,100
2019-06-28 09:30:20.000000000,100016,186,100005,186,100017,186,100000,186,100018,186,99961,186,100019,186,99954,186,100030,100,99943,100,100046,100,99936,200,100048,100,99934,100,100058,100,99932,200,100061,200,99931,100,100075,100,99928,100
2019-06-28 09:30:25.962873675,100016,186,100005,186,100017,186,100000,186,100018,186,99961,186,100019,186,99954,186,100030,100,99943,100,100046,100,99936,200,100058,100,99934,100,100061,200,99932,200,100075,100,99931,100,100076,100,99928,100
2019-06-28 09:30:30.000000000,100016,271,100005,271,100017,271,100000,271,100018,100,99961,100,100019,100,99954,100,100030,100,99943,100,100046,100,99936,200,100058,100,99934,100,100061,200,99932,200,100075,100,99931,100,100076,100,99928,100
2019-06-28 09:30:40.000000000,100016,186,100005,186,100017,186,100000,186,100018,186,99961,186,100019,186,99954,186,100030,100,99943,100,100046,100,99936,200,100058,100,99934,100,100061,200,99932,200,100075,100,99931,100,100076,100,99928,100
2019-06-28 09:30:50.000000000,100016,216,100005,216,100017,213,100000,213,100018,213,99961,213,100019,100,99954,100,100030,100,99943,100,100046,100,99936,200,100058,100,99934,100,100061,200,99932,200,100075,100,99931,100,100076,100,99928,100
2019-06-28 09:30:57.993306437,100016,216,100006,100,100017,213,100005,216,100018,213,100000,213,100019,100,99961,213,100030,100,99954,100,100046,100,99943,100,100058,100,99936,200,100061,200,99934,100,100075,100,99932,200,100076,100,99931,100
2019-06-28 09:31:00.000000000,100016,168,100006,168,100017,168,100005,168,100018,168,100000,168,100019,168,99961,168,100030,168,99954,168,100046,100,99943,100,100058,100,99936,200,100061,200,99934,100,100075,100,99932,200,100076,100,99931,100
2019-06-28 09:31:08.473025638,100016,168,100006,168,100017,168,100005,168,100018,168,100000,168,100019,168,99980,100,100030,168,99961,168,100046,100,99954,168,100058,100,99943,100,100061,200,99936,200,100075,100,99934,100,100076,100,99932,200
2019-06-28 09:31:10.000000000,100016,442,100006,442,100017,100,100005,100,100018,100,100000,100,100019,100,99980,100,100030,100,99961,100,100046,100,99954,100,100058,100,99943,100,100061,200,99936,200,100075,100,99934,100,100076,100,99932,200
2019-06-28 09:31:20.000000000,100016,442,100006,442,100017,100,100005,100,100018,100,100000,100,100019,100,99980,100,100030,100,99961,100,100046,100,99954,100,100058,100,99943,100,100061,200,99936,200,100075,100,99934,100,100076,100,99932,200
2019-06-28 09:31:26.932655476,100016,442,100006,442,100017,100,100005,100,100018,100,100000,100,100019,100,99980,100,100030,100,99961,100,100046,100,99954,100,100058,100,99943,100,100061,200,99936,200,100075,100,99934,100,100076,100,99932,200
2019-06-28 09:31:30.000000000,100016,271,100006,271,100017,271,100005,271,100018,100,100000,100,100019,100,99980,100,100030,100,99961,100,100046,100,99954,100,100058,100,99943,100,100061,200,99936,200,100075,100,99934,100,100076,100,99932,200
2019-06-28 09:31:35.606048326,100016,171,100006,271,100017,271,100005,271,100018,100,100000,100,100019,100,99980,100,100030,100,99961,100,100046,100,99954,100,100058,100,99943,100,100061,100,99936,200,100075,100,99934,100,100076,100,99932,200
2019-06-28 09:31:40.000000000,100017,442,100006,442,100018,100,100005,100,100019,100,100000,100,100030,100,99980,100,100046,100,99961,100,100058,100,99954,100,100061,100,99943,100,100075,100,99936,200,100076,100,99934,100,100078,100,99932,200
2019-06-28 09:31:50.000000000,100017,442,100006,442,100018,100,100005,100,100019,100,100000,100,100030,100,99980,100,100046,100,99961,100,100058,100,99954,100,100061,100,99943,100,100075,100,99936,200,100076,100,99934,100,100078,100,99932,200
2019-06-28 09:31:51.906554253,100017,442,100007,100,100018,100,100006,442,100019,100,100005,100,100030,100,100000,100,100046,100,99980,100,100058,100,99961,100,100061,100,99954,100,100075,100,99943,100,100076,100,99936,200,100078,100,99934,100
2019-06-28 09:32:00.000000000,100017,271,100007,271,100018,271,100006,271,100019,100,100005,100,100030,100,100000,100,100046,100,99980,100,100058,100,99961,100,100061,100,99954,100,100075,100,99943,100,100076,100,99936,200,100078,100,99934,100
2019-06-28 09:32:10.000000000,100017,271,100007,271,100018,271,100006,271,100019,100,100005,100,100030,100,100000,100,100046,100,99980,100,100058,100,99961,100,100061,100,99954,100,100075,100,99943,100,100076,100,99936,200,100078,100,99934,100
2019-06-28 09:32:20.000000000,100017,216,100007,216,100018,213,100006,213,100019,213,100005,213,100030,100,100000,100,100046,100,99980,100,100058,100,99961,100,100061,100,99954,100,100075,100,99943,100,100076,100,99936,200,100078,100,99934,100
2019-06-28 09:32:23.485292178,100017,116,100007,216,100018,213,100006,213,100019,213,100005,213,100030,100,100000,100,100046,100,99980,100,100058,100,99961,100,100061,100,99954,100,100075,100,99943,100,100076,100,99936,200,100078,100,99934,100
2019-06-28 09:32:30.000000000,100018,442,100007,442,100019,100,100006,100,100030,100,100005,100,100046,100,100000,100,100058,100,99980,100,100061,100,99961,100,100075,100,99954,100,100076,100,99943,100,100078,100,99936,200,100092,100,99934,100
2019-06-28 09:32:34.449247801,100018,442,100016,100,100019,100,100007,442,100030,100,100006,100,100046,100,100005,100,100058,100,100000,100,100061,100,99980,100,100075,100,99961,100,100076,100,99954,100,100078,100,99943,100,100092,100,99936,200
2019-06-28 09:32:40.000000000,100018,442,100016,442,100019,100,100007,100,100030,100,100006,100,100046,100,100005,100,100058,100,100000,100,100061,100,99980,100,100075,100,99961,100,100076,100,99954,100,100078,100,99943,100,100092,100,99936,200
2019-06-28 09:32:42.676449051,100018,342,100016,442,100019,100,100007,100,100030,100,100006,100,100046,100,100005,100,100058,100,100000,100,100061,100,99980,100,100075,100,99961,100,100076,100,99954,100,100078,100,99943,100,100092,100,99936,200
2019-06-28 09:32:50.000000000,100019,216,100016,216,100030,213,100007,213,100046,213,100006,213,100058,100,100005,100,100061,100,100000,100,100075,100,99980,100,100076,100,99961,100,100078,100,99954,100,100092,100,99943,100,100099,100,99936,200
2019-06-28 09:32:55.937382379,100019,116,100016,216,100030,213,100007,213,100046,113,100006,213,100058,100,100005,100,100061,100,100000,100,100075,100,99980,100,100076,100,99961,100,100078,100,99954,100,100092,100,99943,100,100099,100,99936,200
2019-06-28 09:33:00.000000000,100030,216,100016,216,100058,213,100007,213,100061,213,100006,213,100075,100,100005,100,100076,100,100000,100,100078,100,99980,100,100092,100,99961,100,100099,100,99954,100,100104,100,99943,100,100126,100,99936,200
2019-06-28 09:33:10.000000000,100030,186,100016,186,100058,186,100007,186,100061,186,100006,186,100075,186,100005,186,100076,100,100000,100,100078,100,99980,100,100092,100,99961,100,100099,100,99954,100,100104,100,99943,100,100126,100,99936,200
2019-06-28 09:33:20.000000000,100030,168,100016,168,100058,168,100007,168,100061,168,100006,168,100075,168,100005,168,100076,168,100000,168,100078,100,99980,100,100092,100,99961,100,100099,100,99954,100,100104,100,99943,100,100126,100,99936,200
2019-06-28 09:33:30.000000000,100030,271,100016,271,100058,271,100007,271,100061,100,100006,100,100075,100,100005,100,100076,100,100000,100,100078,100,99980,100,100092,100,99961,100,100099,100,99954,100,100104,100,99943,100,100126,100,99936,200
2019-06-28 09:33:40.000000000,100030,442,100016,442,100058,100,100007,100,100061,100,100006,100,100075,100,100005,100,100076,100,100000,100,100078,100,99980,100,100092,100,99961,100,100099,100,99954,100,100104,100,99943,100,100126,100,99936,200
2019-06-28 09:33:50.000000000,100030,216,100016,216,100058,213,100007,213,100061,213,100006,213,100075,100,100005,100,100076,100,100000,100,100078,100,99980,100,100092,100,99961,100,100099,100,99954,100,100104,100,99943,100,100126,100,99936,200
2019-06-28 09:33:57.364624982,100030,216,100016,216,100058,213,100007,213,100061,213,100006,213,100075,100,100005,100,100076,100,100000,100,100078,100,99980,100,100092,100,99961,100,100099,100,99954,100,100104,100,99943,100,100126,100,99936,200
2019-06-28 09:34:00.000000000,100030,271,100016,271,100058,271,100007,271,100061,100,100006,100,100075,100,100005,100,100076,100,100000,100,100078,100,99980,100,100092,100,99961,100,100099,100,99954,100,100104,100,99943,100,100126,100,99936,200
2019-06-28 09:34:10.000000000,100030,168,100016,168,100058,168,100007,168,100061,168,100006,168,100075,168,100005,168,100076,168,100000,168,100078,100,99980,100,100092,100,99961,100,100099,100,99954,100,100104,100,99943,100,100126,100,99936,200
2019-06-28 09:34:15.066193080,100030,68,100016,168,100058,168,100007,168,100061,168,100006,168,100075,168,100005,168,100076,168,100000,168,100078,100,99980,100,100092,100,99961,100,100099,100,99954,100,100104,100,99943,100,100126,100,99936,200
2019-06-28 09:34:20.000000000,100058,186,100016,186,100061,186,100007,186,100075,186,100006,186,100076,186,100005,186,100078,100,100000,100,100092,100,99980,100,100099,100,99961,100,100104,100,99954,100,100126,100,99943,100,100129,100,99936,200
2019-06-28 09:34:30.000000000,100058,216,100016,216,100061,213,100007,213,100075,213,100006,213,100076,100,100005,100,100078,100,100000,100,100092,100,99980,100,100099,100,99961,100,100104,100,99954,100,100126,100,99943,100,100129,100,99936,200
2019-06-28 09:34:40.000000000,100058,271,100016,271,100061,271,100007,271,100075,100,100006,100,100076,100,100005,100,100078,100,100000,100,100092,100,99980,100,100099,100,99961,100,100104,100,99954,100,100126,100,99943,100,100129,100,99936,200
2019-06-28 09:34:50.000000000,100058,271,100016,271,100061,271,100007,271,100075,100,100006,100,100076,100,100005,100,100078,100,100000,100,100092,100,99980,100,100099,100,99961,100,100104,100,99954,100,100126,100,99943,100,100129,100,99936,200
2019-06-28 09:35:00.000000000,100058,168,100016,168,100061,168,100007,168,100075,168,100006,168,100076,168,100005,168,100078,168,100000,168,100092,100,99980,100,100099,100,99961,100,100104,100,99954,100,100126,100,99943,100,100129,100,99936,200
2019-06-28 09:35:10.000000000,100058,168,100016,168,100061,168,100007,168,100075,168,100006,168,100076,168,100005,168,100078,168,100000,168,100092,100,99980,100,100099,100,99961,100,100104,100,99954,100,100126,100,99943,100,100129,100,99936,200
2019-06-28 09:35:20.000000000,100058,442,100016,442,100061,100,100007,100,100075,100,100006,100,100076,100,100005,100,100078,100,100000,100,100092,100,99980,100,100099,100,99961,100,100104,100,99954,100,100126,100,99943,100,100129,100,99936,200
2019-06-28 09:35:30.000000000,100058,168,100016,168,100061,168,100007,168,100075,168,100006,168,100076,168,100005,168,100078,168,100000,168,100092,100,99980,100,100099,100,99961,100,100104,100,99954,100,100126,100,99943,100,100129,100,99936,200
2019-06-28 09:35:40.000000000,100058,216,100016,216,100061,213,100007,213,100075,213,100006,213,100076,100,100005,100,100078,100,100000,100,100092,100,99980,100,100099,100,99961,100,100104,100,99954,100,100126,100,99943,100,100129,100,99936,200
2019-06-28 09:35:42.145131842,100058,116,100016,216,100061,213,100007,213,100075,213,100006,213,100076,100,100005,100,100078,100,100000,100,100092,100,99980,100,100099,100,99961,100,100104,100,99954,100,100126,100,99936,200,100129,100,99934,100
2019-06-28 09:35:50.000000000,100061,186,100016,186,100075,186,100007,186,100076,186,100006,186,100078,186,100005,186,100092,100,100000,100,100099,100,99980,100,100104,100,99961,100,100126,100,99954,100,100129,100,99936,200,100167,100,99934,100
2019-06-28 09:36:00.000000000,100061,168,100016,168,100075,168,100007,168,100076,168,100006,168,100078,168,100005,168,100092,168,100000,168,100099,100,99980,100,100104,100,99961,100,100126,100,99954,100,100129,100,99936,200,100167,100,99934,100
2019-06-28 09:36:03.891087157,100061,68,100016,168,100075,168,100007,168,100076,168,100006,168,100078,168,100005,168,100092,168,100000,168,100099,100,99980,100,100104,100,99961,100,100126,100,99954,100,100129,100,99936,200,100167,100,99934,100
2019-06-28 09:36:10.000000000,100075,168,100016,168,100076,168,100007,168,100078,168,100006,168,100092,168,100005,168,100099,168,100000,168,100104,100,99980,100,100126,100,99961,100,100129,100,99954,100,100167,100,99936,200,100275,100,99934,100
2019-06-28 09:36:20.000000000,100075,186,100016,186,100076,186,100007,186,100078,186,100006,186,100092,186,100005,186,100099,100,100000,100,100104,100,99980,100,100126,100,99961,100,100129,100,99954,100,100167,100,99936,200,100275,100,99934,100
2019-06-28 09:36:30.000000000,100075,168,100016,168,100076,168,100007,168,100078,168,100006,168,100092,168,100005,168,100099,168,100000,168,100104,100,99980,100,100126,100,99961,100,100129,100,99954,100,100167,100,99936,200,100275,100,99934,100
2019-06-28 09:36:40.000000000,100075,216,100016,216,100076,213,100007,213,100078,213,100006,213,100092,100,100005,100,100099,100,100000,100,100104,100,99980,100,100126,100,99961,100,100129,100,99954,100,100167,100,99936,200,100275,100,99934,100
2019-06-28 09:36:50.000000000,100075,271,100016,271,100076,271,100007,271,100078,100,100006,100,100092,100,100005,100,100099,100,100000,100,100104,100,99980,100,100126,100,99961,100,100129,100,99954,100,100167,100,99936,200,100275,100,99934,100
2019-06-28 09:37:00.000000000,100075,216,100016,216,100076,213,100007,213,100078,213,100006,213,100092,100,100005,100,100099,100,100000,100,100104,100,99980,100,100126,100,99961,100,100129,100,99954,100,100167,100,99936,200,100275,100,99934,100
2019-06-28 09:37:10.000000000,100075,216,100016,216,100076,213,100007,213,100078,213,100006,213,100092,100,100005,100,100099,100,100000,100,100104,100,99980,100,100126,100,99961,100,100129,100,99954,100,100167,100,99936,200,100275,100,99934,100
2019-06-28 09:37:13.434927824,100075,116,100016,216,100076,213,100007,213,100078,213,100006,213,100092,100,100005,100,100099,100,100000,100,100104,100,99980,100,100126,100,99961,100,100129,100,99954,100,100167,100,99936,200,100275,100,99934,100
2019-06-28 09:37:20.000000000,100076,168,100016,168,100078,168,100007,168,100092,168,100006,168,100099,168,100005,168,100104,168,100000,168,100126,100,99980,100,100129,100,99961,100,100167,100,99954,100,100275,100,99936,200,100361,100,99934,100
2019-06-28 09:37:30.000000000,100076,271,100016,271,100078,271,100007,271,100092,100,100006,100,100099,100,100005,100,100104,100,100000,100,100126,100,99980,100,100129,100,99961,100,100167,100,99954,100,100275,100,99936,200,100361,100,99934,100
2019-06-28 09:37:36.255724535,100076,171,100016,271,100078,271,100007,271,100092,100,100006,100,100099,100,100005,100,100104,100,99980,100,100126,100,99961,100,100129,100,99954,100,100167,100,99936,200,100275,100,99934,100,100361,100,99932,200
2019-06-28 09:37:36.945843603,100076,171,100016,271,100078,271,100007,171,100092,100,100006,100,100099,100,100005,100,100104,100,99980,100,100126,100,99961,100,100129,100,99954,100,100167,100,99936,200,100275,100,99934,100,100361,100,99932,200
2019-06-28 09:37:40.000000000,100078,442,100016,442,100092,100,100006,100,100099,100,100005,100,100104,100,99980,100,100126,100,99961,100,100129,100,99954,100,100167,100,99936,200,100275,100,99934,100,100361,100,99932,200,100699,100,99931,100
2019-06-28 09:37:50.000000000,100078,442,100016,442,100092,100,100006,100,100099,100,100005,100,100104,100,99980,100,100126,100,99961,100,100129,100,99954,100,100167,100,99936,200,100275,100,99934,100,100361,100,99932,200,100699,100,99931,100
2019-06-28 09:38:00.000000000,100078,216,100016,216,100092,213,100006,213,100099,213,100005,213,100104,100,99980,100,100126,100,99961,100,100129,100,99954,100,100167,100,99936,200,100275,100,99934,100,100361,100,99932,200,100699,100,99931,100
2019-06-28 09:38:02.629479594,100078,216,100016,216,100092,213,100006,213,100099,213,100005,213,100104,100,99980,100,100126,100,99961,100,100129,100,99954,100,100167,100,99936,200,100275,100,99934,100,100361,100,99932,200,100699,100,99931,100
2019-06-28 09:38:10.000000000,100078,271,100016,271,100092,271,100006,271,100099,100,100005,100,100104,100,99980,100,100126,100,99961,100,100129,100,99954,100,100167,100,99936,200,100275,100,99934,100,100361,100,99932,200,100699,100,99931,100
2019-06-28 09:38:12.990017142,100078,271,100016,271,100092,271,100006,271,100099,100,100005,100,100104,100,99980,100,100126,100,99961,100,100129,100,99954,100,100167,100,99936,200,100275,100,99934,100,100361,100,99932,200,100699,100,99931,100
2019-06-28 09:38:19.192369862,100078,271,100075,100,100092,271,100016,271,100099,100,100006,271,100104,100,100005,100,100126,100,99980,100,100129,100,99961,100,100167,100,99954,100,100275,100,99936,200,100361,100,99934,100,100699,100,99932,200
2019-06-28 09:38:20.000000000,100078,168,100075,168,100092,168,100016,168,100099,168,100006,168,100104,168,100005,168,100126,168,99980,168,100129,100,99961,100,100167,100,99954,100,100275,100,99936,200,100361,100,99934,100,100699,100,99932,200
2019-06-28 09:38:28.818978602,100078,168,100075,268,100092,168,100016,168,100099,168,100006,168,100104,168,100005,168,100126,168,99980,168,100129,100,99961,100,100167,100,99954,100,100275,100,99936,200,100361,100,99934,100,100699,100,99932,200
2019-06-28 09:38:30.000000000,100078,186,100075,286,100092,186,100016,186,100099,186,100006,186,100104,186,100005,186,100126,100,99980,100,100129,100,99961,100,100167,100,99954,100,100275,100,99936,200,100361,100,99934,100,100699,100,99932,200
2019-06-28 09:38:38.374559095,100078,186,100075,286,100092,186,100016,186,100099,186,100006,186,100104,186,100005,186,100126,100,99980,100,100129,100,99961,100,100167,100,99954,100,100275,100,99936,200,100361,100,99934,100,100699,100,99932,200
2019-06-28 09:38:40.000000000,100078,168,100075,268,100092,168,100016,168,100099,168,100006,168,100104,168,100005,168,100126,168,99980,168,100129,100,99961,100,100167,100,99954,100,100275,100,99936,200,100361,100,99934,100,100699,100,99932,200
2019-06-28 09:38:50.000000000,100078,442,100075,542,100092,100,100016,100,100099,100,100006,100,100104,100,100005,100,100126,100,99980,100,100129,100,99961,100,100167,100,99954,100,100275,100,99936,200,100361,100,99934,100,100699,100,99932,200
2019-06-28 09:39:00.000000000,100078,442,100075,542,100092,100,100016,100,100099,100,100006,100,100104,100,100005,100,100126,100,99980,100,100129,100,99961,100,100167,100,99954,100,100275,100,99936,200,100361,100,99934,100,100699,100,99932,200
2019-06-28 09:39:04.946708802,100078,342,100075,542,100092,100,100016,100,100099,100,100006,100,100104,100,100005,100,100126,100,99980,100,100129,100,99961,100,100167,100,99954,100,100275,100,99936,200,100361,100,99934,100,100699,100,99932,200
2019-06-28 09:39:10.000000000,100092,168,100075,268,100099,168,100016,168,100104,168,100006,168,100126,168,100005,168,100129,168,99980,168,100167,100,99961,100,100275,100,99954,100,100361,100,99936,200,100699,100,99934,100,101092,100,99932,200
2019-06-28 09:39:20.000000000,100092,216,100075,316,100099,213,100016,213,100104,213,100006,213,100126,100,100005,100,100129,100,99980,100,100167,100,99961,100,100275,100,99954,100,100361,100,99936,200,100699,100,99934,100,101092,100,99932,200
2019-06-28 09:39:21.061882677,100092,216,100076,100,100099,213,100075,316,100104,213,100016,213,100126,100,100006,213,100129,100,100005,100,100167,100,99980,100,100275,100,99961,100,100361,100,99954,100,100699,100,99936,200,101092,100,99934,100
2019-06-28 09:39:30.000000000,100092,271,100076,271,100099,271,100075,371,100104,100,100016,100,100126,100,100006,100,100129,100,100005,100,100167,100,99980,100,100275,100,99961,100,100361,100,99954,100,100699,100,99936,200,101092,100,99934,100
2019-06-28 09:39:38.443159100,100092,171,100076,271,100099,271,100075,371,100104,100,100016,100,100126,100,100006,100,100129,100,100005,100,100167,100,99980,100,100275,100,99961,100,100361,100,99954,100,100699,100,99936,200,101092,100,99934,100
2019-06-28 09:39:40.000000000,100099,186,100076,186,100104,186,100075,286,100126,186,100016,186,100129,186,100006,186,100167,100,100005,100,100275,100,99980,100,100361,100,99961,100,100699,100,99954,100,101092,100,99936,200,101098,100,99934,100
2019-06-28 09:39:44.694310161,100099,86,100076,186,100104,186,100075,286,100126,186,100016,186,100129,186,100006,186,100167,100,100005,100,100275,100,99980,100,100361,100,99961,100,100699,100,99954,100,101092,100,99936,200,101098,100,99934,100
2019-06-28 09:39:50.000000000,100104,186,100076,186,100126,186,100075,286,100129,186,100016,186,100167,186,100006,186,100275,100,100005,100,100361,100,99980,100,100699,100,99961,100,101092,100,99954,100,101098,100,99936,200,101319,100,99934,100
2019-06-28 09:39:58.668446148,100104,86,100076,186,100126,186,100075,286,100129,186,100016,186,100167,186,100006,186,100275,100,100005,100,100361,100,99980,100,100699,100,99961,100,101092,100,99954,100,101098,100,99936,100,101319,100,99934,100
2019-06-28 09:40:00.000000000,100126,168,100076,168,100129,168,100075,268,100167,168,100016,168,100275,168,100006,168,100361,168,100005,168,100699,100,99980,100,101092,100,99961,100,101098,100,99954,100,101319,100,99936,100,,,99934,100
2019-06-28 09:40:10.000000000,100126,442,100076,442,100129,100,100075,200,100167,100,100016,100,100275,100,100006,100,100361,100,100005,100,100699,100,99980,100,101092,100,99961,100,101098,100,99954,100,101319,100,99936,100,,,99934,100
2019-06-28 09:40:20.000000000,100126,442,100076,442,100129,100,100075,200,100167,100,100016,100,100275,100,100006,100,100361,100,100005,100,100699,100,99980,100,101092,100,99961,100,101098,100,99954,100,101319,100,99936,100,,,99934,100
2019-06-28 09:40:30.000000000,100126,216,100076,216,100129,213,100075,313,100167,213,100016,213,100275,100,100006,100,100361,100,100005,100,100699,100,99980,100,101092,100,99961,100,101098,100,99954,100,101319,100,99936,100,,,99934,100
2019-06-28 09:40:34.924247809,100126,216,100076,116,100129,213,100075,313,100167,213,100016,213,100275,100,100006,100,100361,100,100005,100,100699,100,99980,100,101092,100,99961,100,101098,100,99954,100,101319,100,99936,100,,,99934,100
2019-06-28 09:40:40.000000000,100126,216,100075,316,100129,213,100016,213,100167,213,100006,213,100275,100,100005,100,100361,100,99980,100,100699,100,99961,100,101092,100,99954,100,101098,100,99936,100,101319,100,99934,100,,,99932,200
2019-06-28 09:40:50.000000000,100126,271,100075,371,100129,271,100016,271,100167,100,100006,100,100275,100,100005,100,100361,100,99980,100,100699,100,99961,100,101092,100,99954,100,101098,100,99936,100,101319,100,99934,100,,,99932,200
2019-06-28 09:40:51.928231617,100126,271,100075,371,100129,271,100016,271,100167,100,100006,100,100275,100,100005,100,100361,100,99980,100,100699,100,99961,100,101092,100,99954,100,101319,100,99936,100,101402,100,99934,100,,,99932,200
2019-06-28 09:41:00.000000000,100126,186,100075,286,100129,186,100016,186,100167,186,100006,186,100275,186,100005,186,100361,100,99980,100,100699,100,99961,100,101092,100,99954,100,101319,100,99936,100,101402,100,99934,100,,,99932,200
2019-06-28 09:41:10.000000000,100126,216,100075,316,100129,213,100016,213,100167,213,100006,213,100275,100,100005,100,100361,100,99980,100,100699,100,99961,100,101092,100,99954,100,101319,100,99936,100,101402,100,99934,100,,,99932,200
2019-06-28 09:41:16.889461548,100126,216,100099,100,100129,213,100075,316,100167,213,100016,213,100275,100,100006,213,100361,100,100005,100,100699,100,99980,100,101092,100,99961,100,101319,100,99954,100,101402,100,99936,100,,,99934,100
2019-06-28 09:41:20.000000000,100126,168,100099,168,100129,168,100075,268,100167,168,100016,168,100275,168,100006,168,100361,168,100005,168,100699,100,99980,100,101092,100,99961,100,101319,100,99954,100,101402,100,99936,100,,,99934,100
2019-06-28 09:41:30.000000000,100126,442,100099,442,100129,100,100075,200,100167,100,100016,100,100275,100,100006,100,100361,100,100005,100,100699,100,99980,100,101092,100,99961,100,101319,100,99954,100,101402,100,99936,100,,,99934,100
2019-06-28 09:41:30.849029559,100126,442,100099,442,100129,100,100075,200,100167,100,100016,100,100275,100,100006,100,100361,100,100005,100,100699,100,99980,100,101092,100,99961,100,101319,100,99954,100,101402,100,99936,100,101549,100,99934,100
2019-06-28 09:41:40.000000000,100126,271,100099,271,100129,271,100075,371,100167,100,100016,100,100275,100,100006,100,100361,100,100005,100,100699,100,99980,100,101092,100,99961,100,101319,100,99954,100,101402,100,99936,100,101549,100,99934,100
2019-06-28 09:41:50.000000000,100126,442,100099,442,100129,100,100075,200,100167,100,100016,100,100275,100,100006,100,100361,100,100005,100,100699,100,99980,100,101092,100,99961,100,101319,100,99954,100,101402,100,99936,100,101549,100,99934,100
2019-06-28 09:41:55.924449046,100126,442,100099,442,100129,100,100075,200,100167,100,100016,100,100275,100,100006,100,100361,100,100005,100,100699,100,99980,100,101092,100,99961,100,101196,100,99954,100,101319,100,99936,100,101402,100,99934,100
2019-06-28 09:42:00.000000000,100126,216,100099,216,100129,213,100075,313,100167,213,100016,213,100275,100,100006,100,100361,100,100005,100,100699,100,99980,100,101092,100,99961,100,101196,100,99954,100,101319,100,99936,100,101402,100,99934,100
2019-06-28 09:42:10.000000000,100126,216,100099,216,100129,213,100075,313,100167,213,100016,213,100275,100,100006,100,100361,100,100005,100,100699,100,99980,100,101092,100,99961,100,101196,100,99954,100,101319,100,99936,100,101402,100,99934,100
2019-06-28 09:42:17.097390780,100126,216,100099,316,100129,213,100075,313,100167,213,100016,113,100275,100,100006,100,100361,100,100005,100,100699,100,99980,100,101092,100,99961,100,101196,100,99954,100,101319,100,99936,100,101402,100,99934,100
2019-06-28 09:42:20.000000000,100126,271,100099,371,100129,271,100075,371,100167,100,100006,100,100275,100,100005,100,100361,100,99980,100,100699,100,99961,100,101092,100,99954,100,101196,100,99936,100,101319,100,99934,100,101402,100,99932,200
2019-06-28 09:42:23.914337099,100126,271,100099,471,100129,271,100075,371,100167,100,100006,100,100275,100,100005,100,100361,100,99980,100,100699,100,99961,100,101092,100,99954,100,101196,100,99936,100,101319,100,99934,100,101402,100,99932,200
2019-06-28 09:42:30.000000000,100126,186,100099,386,100129,186,100075,286,100167,186,100006,186,100275,186,100005,186,100361,100,99980,100,100699,100,99961,100,101092,100,99954,100,101196,100,99936,100,101319,100,99934,100,101402,100,99932,200
2019-06-28 09:42:37.799344064,100126,86,100099,386,100129,186,100075,286,100167,186,100006,186,100275,186,100005,186,100361,100,99980,100,100699,100,99961,100,101092,100,99954,100,101196,100,99936,100,101319,100,99934,100,101402,100,99932,200
2019-06-28 09:42:40.000000000,100129,186,100099,386,100167,186,100075,286,100275,186,100006,186,100361,186,100005,186,100699,100,99980,100,101092,100,99961,100,101196,100,99954,100,101319,100,99936,100,101402,100,99934,100,101549,100,99932,200
2019-06-28 09:42:50.000000000,100129,442,100099,642,100167,100,100075,200,100275,100,100006,100,100361,100,100005,100,100699,100,99980,100,101092,100,99961,100,101196,100,99954,100,101319,100,99936,100,101402,100,99934,100,101549,100,99932,200
2019-06-28 09:42:51.799151284,100129,442,100099,642,100167,100,100075,200,100275,100,100006,100,100361,100,100005,100,100699,100,99980,100,100981,100,99961,100,101092,100,99954,100,101196,100,99936,100,101319,100,99934,100,101402,100,99932,200
2019-06-28 09:43:00.000000000,100129,442,100099,642,100167,100,100075,200,100275,100,100006,100,100361,100,100005,100,100699,100,99980,100,100981,100,99961,100,101092,100,99954,100,101196,100,99936,100,101319,100,99934,100,101402,100,99932,200
2019-06-28 09:43:10.000000000,100129,186,100099,386,100167,186,100075,286,100275,186,100006,186,100361,186,100005,186,100699,100,99980,100,100981,100,99961,100,101092,100,99954,100,101196,100,99936,100,101319,100,99934,100,101402,100,99932,200
2019-06-28 09:43:20.000000000,100129,168,100099,368,100167,168,100075,268,100275,168,100006,168,100361,168,100005,168,100699,168,99980,168,100981,100,99961,100,101092,100,99954,100,101196,100,99936,100,101319,100,99934,100,101402,100,99932,200
2019-06-28 09:43:30.000000000,100129,442,100099,642,100167,100,100075,200,100275,100,100006,100,100361,100,100005,100,100699,100,99980,100,100981,100,99961,100,101092,100,99954,100,101196,100,99936,100,101319,100,99934,100,101402,100,99932,200
2019-06-28 09:43:31.828768413,100129,342,100099,642,100167,100,100075,200,100275,100,100006,100,100361,100,100005,100,100699,100,99980,100,100981,100,99961,100,101092,100,99954,100,101196,100,99936,100,101319,100,99934,100,101402,100,99932,200
2019-06-28 09:43:40.000000000,100167,186,100099,386,100275,186,100075,286,100361,186,100006,186,100699,186,100005,186,100981,100,99980,100,101092,100,99961,100,101196,100,99954,100,101319,100,99936,100,101402,100,99934,100,101549,100,99932,200
2019-06-28 09:43:50.000000000,100167,442,100099,642,100275,100,100075,200,100361,100,100006,100,100699,100,100005,100,100981,100,99980,100,101092,100,99961,100,101196,100,99954,100,101319,100,99936,100,101402,100,99934,100,101549,100,99932,200
2019-06-28 09:43:51.108095915,100167,342,100099,642,100275,100,100075,200,100361,100,100006,100,100699,100,100005,100,100981,100,99980,100,101092,100,99961,100,101196,100,99954,100,101319,100,99936,100,101402,100,99934,100,101549,100,99932,200
2019-06-28 09:44:00.000000000,100275,271,100099,471,100361,271,100075,371,100699,100,100006,100,100981,100,100005,100,101092,100,99980,100,101196,100,99961,100,101319,100,99954,100,101402,100,99936,100,101549,100,99934,100,,,99932,200
2019-06-28 09:44:09.531787440,100275,271,100099,471,100361,271,100075,371,100981,100,100006,100,101092,100,100005,100,101196,100,99980,100,101224,100,99961,100,101319,100,99954,100,101402,100,99936,100,101549,100,99934,100,,,99932,200
2019-06-28 09:44:10.000000000,100275,442,100099,642,100361,100,100075,200,100981,100,100006,100,101092,100,100005,100,101196,100,99980,100,101224,100,99961,100,101319,100,99954,100,101402,100,99936,100,101549,100,99934,100,,,99932,200
2019-06-28 09:44:20.000000000,100275,216,100099,416,100361,213,100075,313,100981,213,100006,213,101092,100,100005,100,101196,100,99980,100,101224,100,99961,100,101319,100,99954,100,101402,100,99936,100,101549,100,99934,100,,,99932,200
2019-06-28 09:44:29.605995692,100275,216,100099,416,100361,213,100075,313,100981,213,100006,213,101196,100,100005,100,101224,100,99980,100,101319,100,99961,100,101347,100,99954,100,101402,100,99936,100,101549,100,99934,100,,,99932,200
2019-06-28 09:44:30.000000000,100275,186,100099,386,100361,186,100075,286,100981,186,100006,186,101196,186,100005,186,101224,100,99980,100,101319,100,99961,100,101347,100,99954,100,101402,100,99936,100,101549,100,99934,100,,,99932,200
2019-06-28 09:44:37.248838875,100275,186,100129,100,100361,186,100099,386,100981,186,100075,286,101196,186,100006,186,101224,100,100005,186,101319,100,99980,100,101347,100,99961,100,101402,100,99954,100,101549,100,99934,100,,,99932,200
2019-06-28 09:44:40.000000000,100275,186,100129,186,100361,186,100099,386,100981,186,100075,286,101196,186,100006,186,101224,100,100005,100,101319,100,99980,100,101347,100,99961,100,101402,100,99954,100,101549,100,99934,100,,,99932,200
2019-06-28 09:44:50.000000000,100275,186,100129,186,100361,186,100099,386,100981,186,100075,286,101196,186,100006,186,101224,100,100005,100,101319,100,99980,100,101347,100,99961,100,101402,100,99954,100,101549,100,99934,100,,,99932,200
2019-06-28 09:44:50.633626083,100275,186,100129,186,100361,186,100099,386,100981,186,100075,286,101087,100,100006,186,101196,186,100005,100,101224,100,99980,100,101319,100,99961,100,101347,100,99954,100,101402,100,99934,100,101549,100,99932,200
2019-06-28 09:45:00.000000000,100275,271,100129,271,100361,271,100099,471,100981,100,100075,200,101087,100,100006,100,101196,100,100005,100,101224,100,99980,100,101319,100,99961,100,101347,100,99954,100,101402,100,99934,100,101549,100,99932,200
2019-06-28 09:45:10.000000000,100275,216,100129,216,100361,213,100099,413,100981,213,100075,313,101087,100,100006,100,101196,100,100005,100,101224,100,99980,100,101319,100,99961,100,101347,100,99954,100,101402,100,99934,100,101549,100,99932,200
2019-06-28 09:45:20.000000000,100275,442,100129,442,100361,100,100099,300,100981,100,100075,200,101087,100,100006,100,101196,100,100005,100,101224,100,99980,100,101319,100,99961,100,101347,100,99954,100,101402,100,99934,100,101549,100,99932,200
2019-06-28 09:45:30.000000000,100275,168,100129,168,100361,168,100099,368,100981,168,100075,268,101087,168,100006,168,101196,168,100005,168,101224,100,99980,100,101319,100,99961,100,101347,100,99954,100,101402,100,99934,100,101549,100,99932,200
2019-06-28 09:45:40.000000000,100275,216,100129,216,100361,213,100099,413,100981,213,100075,313,101087,100,100006,100,101196,100,100005,100,101224,100,99980,100,101319,100,99961,100,101347,100,99954,100,101402,100,99934,100,101549,100,99932,200
2019-06-28 09:45:48.508482522,100275,216,100129,316,100361,213,100099,413,100981,213,100075,313,101087,100,100006,100,101196,100,100005,100,101224,100,99980,100,101319,100,99961,100,101347,100,99954,100,101402,100,99934,100,101549,100,99932,200
2019-06-28 09:45:50.000000000,100275,271,100129,371,100361,271,100099,471,100981,100,100075,200,101087,100,100006,100,101196,100,100005,100,101224,100,99980,100,101319,100,99961,100,101347,100,99954,100,101402,100,99934,100,101549,100,99932,200
2019-06-28 09:46:00.000000000,100275,186,100129,286,100361,186,100099,386,100981,186,100075,286,101087,186,100006,186,101196,100,100005,100,101224,100,99980,100,101319,100,99961,100,101347,100,99954,100,101402,100,99934,100,101549,100,99932,200
2019-06-28 09:46:00.163616440,100275,186,100129,286,100361,186,100099,386,100981,186,100075,286,101087,186,100006,186,101224,100,100005,100,101319,100,99980,100,101347,100,99961,100,101402,100,99954,100,101549,100,99934,100,101915,100,99932,200
2019-06-28 09:46:06.619655121,100275,186,100129,386,100361,186,100099,386,100981,186,100075,286,101087,186,100006,186,101224,100,100005,100,101319,100,99980,100,101347,100,99961,100,101402,100,99954,100,101549,100,99934,100,101915,100,99932,200
2019-06-28 09:46:10.000000000,100275,442,100129,642,100361,100,100099,300,100981,100,100075,200,101087,100,100006,100,101224,100,100005,100,101319,100,99980,100,101347,100,99961,100,101402,100,99954,100,101549,100,99934,100,101915,100,99932,200
2019-06-28 09:46:10.359095589,100275,442,100129,642,100361,100,100099,300,100981,100,100075,200,101087,100,100006,100,101224,100,100005,100,101319,100,99980,100,101347,100,99961,100,101402,100,99954,100,101549,100,99934,100,101643,100,99932,200
2019-06-28 09:46:17.985440782,100275,342,100129,642,100361,100,100099,300,100981,100,100075,200,101087,100,100006,100,101224,100,100005,100,101319,100,99980,100,101347,100,99961,100,101402,100,99954,100,101549,100,99934,100,101643,100,99932,200
2019-06-28 09:46:20.000000000,100361,216,100129,416,100981,213,100099,413,101087,213,100075,313,101224,100,100006,100,101319,100,100005,100,101347,100,99980,100,101402,100,99961,100,101549,100,99954,100,101643,100,99934,100,101915,100,99932,200
2019-06-28 09:46:23.368336626,100361,216,100129,416,100981,213,100099,413,101087,213,100075,313,101224,100,100006,100,101319,100,100005,100,101347,100,99980,100,101402,100,99961,100,101547,100,99954,100,101643,100,99934,100,101915,100,99932,200
2019-06-28 09:46:30.000000000,100361,186,100129,386,100981,186,100099,386,101087,186,100075,286,101224,186,100006,186,101319,100,100005,100,101347,100,99980,100,101402,100,99961,100,101547,100,99954,100,101643,100,99934,100,101915,100,99932,200
2019-06-28 09:46:34.569986114,100361,186,100167,100,100981,186,100129,386,101087,186,100099,386,101224,186,100075,286,101319,100,100006,186,101347,100,100005,100,101402,100,99980,100,101547,100,99961,100,101643,100,99954,100,101915,100,99934,100
2019-06-28 09:46:36.632998019,100361,186,100167,100,100981,186,100129,386,101087,186,100099,386,101224,186,100075,286,101319,100,100006,186,101347,100,100005,100,101402,100,99980,100,101547,100,99961,100,101643,100,99954,100,101915,100,99934,100
2019-06-28 09:46:40.000000000,100361,271,100167,271,100981,271,100129,471,101087,100,100099,300,101224,100,100075,200,101319,100,100006,100,101347,100,100005,100,101402,100,99980,100,101547,100,99961,100,101643,100,99954,100,101915,100,99934,100
2019-06-28 09:46:50.000000000,100361,186,100167,186,100981,186,100129,386,101087,186,100099,386,101224,186,100075,286,101319,100,100006,100,101347,100,100005,100,101402,100,99980,100,101547,100,99961,100,101643,100,99954,100,101915,100,99934,100
2019-06-28 09:47:00.000000000,100361,186,100167,186,100981,186,100129,386,101087,186,100099,386,101224,186,100075,286,101319,100,100006,100,101347,100,100005,100,101402,100,99980,100,101547,100,99961,100,101643,100,99954,100,101915,100,99934,100
2019-06-28 09:47:10.000000000,100361,442,100167,442,100981,100,100129,300,101087,100,100099,300,101224,100,100075,200,101319,100,100006,100,101347,100,100005,100,101402,100,99980,100,101547,100,99961,100,101643,100,99954,100,101915,100,99934,100
2019-06-28 09:47:12.883677193,100361,342,100167,442,100981,100,100129,300,101087,100,100099,300,101224,100,100075,200,101319,100,100006,100,101347,100,100005,100,101402,100,99980,100,101547,100,99961,100,101643,100,99954,100,101915,100,99934,100
2019-06-28 09:47:18.462613490,100361,242,100167,442,100981,100,100129,300,101087,100,100099,300,101224,100,100075,200,101319,100,100006,100,101347,100,100005,100,101402,100,99980,100,101547,100,99961,100,101643,100,99954,100,101915,100,99934,100
2019-06-28 09:47:20.000000000,100981,186,100167,186,101087,186,100129,386,101224,186,100099,386,101319,186,100075,286,101347,100,100006,100,101402,100,100005,100,101547,100,99980,100,101643,100,99961,100,101915,100,99954,100,,,99934,100
2019-06-28 09:47:28.461123246,100981,86,100167,186,101087,186,100129,386,101224,186,100099,386,101319,186,100075,286,101347,100,100006,100,101402,100,100005,100,101547,100,99980,100,101643,100,99961,100,101915,100,99954,100,,,99934,100
2019-06-28 09:47:30.000000000,101087,168,100167,168,101224,168,100129,368,101319,168,100099,368,101347,168,100075,268,101402,168,100006,168,101547,100,100005,100,101643,100,99980,100,101915,100,99961,100,,,99954,100,,,99934,100
2019-06-28 09:47:40.000000000,101087,271,100167,271,101224,271,100129,471,101319,100,100099,300,101347,100,100075,200,101402,100,100006,100,101547,100,100005,100,101643,100,99980,100,101915,100,99961,100,,,99954,100,,,99934,100
2019-06-28 09:47:44.943272723,100980,100,100167,271,101087,271,100129,471,101224,271,100099,300,101319,100,100075,200,101347,100,100006,100,101402,100,100005,100,101547,100,99980,100,101643,100,99961,100,101915,100,99954,100,,,99934,100
2019-06-28 09:47:46.492873273,100980,100,100167,271,101087,271,100129,471,101208,100,100099,300,101224,271,100075,200,101319,100,100006,100,101347,100,100005,100,101402,100,99980,100,101547,100,99961,100,101643,100,99954,100,101915,100,99934,100
2019-06-28 09:47:50.000000000,100980,216,100167,216,101087,213,100129,413,101208,213,100099,413,101224,100,100075,200,101319,100,100006,100,101347,100,100005,100,101402,100,99980,100,101547,100,99961,100,101643,100,99954,100,101915,100,99934,100
2019-06-28 09:47:50.902668972,100980,116,100167,216,101087,213,100129,413,101208,213,100099,413,101224,100,100075,200,101319,100,100006,100,101347,100,100005,100,101402,100,99980,100,101547,100,99961,100,101643,100,99954,100,101915,100,99934,100
2019-06-28 09:48:00.000000000,101087,168,100167,168,101208,168,100129,368,101224,168,100099,368,101319,168,100075,268,101347,168,100006,168,101402,100,100005,100,101547,100,99980,100,101643,100,99961,100,101915,100,99954,100,,,99934,100
2019-06-28 09:48:10.000000000,101087,216,100167,216,101208,213,100129,413,101224,213,100099,413,101319,100,100075,200,101347,100,100006,100,101402,100,100005,100,101547,100,99980,100,101643,100,99961,100,101915,100,99954,100,,,99934,100
2019-06-28 09:48:20.000000000,101087,186,100167,186,101208,186,100129,386,101224,186,100099,386,101319,186,100075,286,101347,100,100006,100,101402,100,100005,100,101547,100,99980,100,101643,100,99961,100,101915,100,99954,100,,,99934,100
2019-06-28 09:48:27.661944356,101087,186,100612,100,101208,186,100167,186,101224,186,100129,386,101319,186,100099,386,101402,100,100075,286,101547,100,100006,100,101643,100,100005,100,101915,100,99980,100,,,99961,100,,,99954,100
2019-06-28 09:48:30.000000000,101087,216,100612,216,101208,213,100167,213,101224,213,100129,413,101319,100,100099,300,101402,100,100075,200,101547,100,100006,100,101643,100,100005,100,101915,100,99980,100,,,99961,100,,,99954,100
2019-06-28 09:48:32.619250530,100816,100,100612,216,101087,216,100167,213,101208,213,100129,413,101224,213,100099,300,101319,100,100075,200,101402,100,100006,100,101547,100,100005,100,101643,100,99980,100,101915,100,99961,100,,,99954,100
2019-06-28 09:48:40.000000000,100816,442,100612,442,101087,100,100167,100,101208,100,100129,300,101224,100,100099,300,101319,100,100075,200,101402,100,100006,100,101547,100,100005,100,101643,100,99980,100,101915,100,99961,100,,,99954,100
2019-06-28 09:48:43.858416583,100816,442,100612,442,101087,100,100523,100,101208,100,100167,100,101224,100,100129,300,101319,100,100099,300,101402,100,100075,200,101547,100,100006,100,101643,100,100005,100,101915,100,99980,100,,,99961,100
2019-06-28 09:48:50.000000000,100816,186,100612,186,101087,186,100523,186,101208,186,100167,186,101224,186,100129,386,101319,100,100099,300,101402,100,100075,200,101547,100,100006,100,101643,100,100005,100,101915,100,99980,100,,,99961,100
2019-06-28 09:48:55.855284818,100728,100,100612,186,100816,186,100523,186,101087,86,100167,186,101208,186,100129,386,101224,186,100099,300,101319,100,100075,200,101402,100,100006,100,101547,100,100005,100,101643,100,99980,100,101915,100,99961,100
2019-06-28 09:49:00.000000000,100728,442,100612,442,100816,100,100523,100,101208,100,100167,100,101224,100,100129,300,101319,100,100099,300,101402,100,100075,200,101547,100,100006,100,101643,100,100005,100,101915,100,99980,100,,,99961,100
2019-06-28 09:49:08.085818428,100728,442,100612,342,100816,100,100523,100,101208,100,100167,100,101224,100,100129,300,101319,100,100099,300,101402,100,100075,200,101547,100,100006,100,101643,100,100005,100,101915,100,99980,100,,,99961,100
2019-06-28 09:49:10.000000000,100728,168,100523,168,100816,168,100167,168,101208,168,100129,368,101224,168,100099,368,101319,168,100075,268,101402,100,100006,100,101547,100,100005,100,101643,100,99980,100,101915,100,99961,100,,,99954,100
2019-06-28 09:49:20.000000000,100728,168,100523,168,100816,168,100167,168,101208,168,100129,368,101224,168,100099,368,101319,168,100075,268,101402,100,100006,100,101547,100,100005,100,101643,100,99980,100,101915,100,99961,100,,,99954,100
2019-06-28 09:49:30.000000000,100728,442,100523,442,100816,100,100167,100,101208,100,100129,300,101224,100,100099,300,101319,100,100075,200,101402,100,100006,100,101547,100,100005,100,101643,100,99980,100,101915,100,99961,100,,,99954,100
2019-06-28 09:49:32.041319658,100535,100,100523,442,100728,442,100167,100,100816,100,100129,300,101208,100,100099,300,101224,100,100075,200,101319,100,100006,100,101402,100,100005,100,101547,100,99980,100,101643,100,99961,100,101915,100,99954,100
2019-06-28 09:49:40.000000000,100535,186,100523,186,100728,186,100167,186,100816,186,100129,386,101208,186,100099,386,101224,100,100075,200,101319,100,100006,100,101402,100,100005,100,101547,100,99980,100,101643,100,99961,100,101915,100,99954,100
2019-06-28 09:49:46.962948630,100535,86,100523,186,100728,186,100167,186,100816,186,100129,286,101208,186,100099,386,101224,100,100075,200,101319,100,100006,100,101402,100,100005,100,101547,100,99980,100,101643,100,99961,100,101915,100,99954,100
2019-06-28 09:49:50.000000000,100728,216,100523,216,100816,213,100167,213,101208,213,100129,313,101224,100,100099,300,101319,100,100075,200,101402,100,100006,100,101547,100,100005,100,101643,100,99980,100,101915,100,99961,100,,,99954,100
2019-06-28 09:49:51.814502384,100728,216,100523,216,100816,213,100167,213,100835,100,100129,313,101208,213,100099,300,101224,100,100075,200,101319,100,100006,100,101547,100,100005,100,101643,100,99980,100,101915,100,99961,100,,,99954,100
2019-06-28 09:49:54.087923488,100728,216,100523,216,100816,213,100167,213,100835,100,100129,313,100848,100,100099,300,101208,213,100075,200,101224,100,100006,100,101319,100,100005,100,101547,100,99980,100,101643,100,99961,100,101915,100,99954,100
2019-06-28 09:49:56.746260974,100728,216,100617,100,100816,213,100523,216,100835,100,100167,213,100848,100,100129,313,101208,213,100099,300,101224,100,100075,200,101319,100,100006,100,101547,100,100005,100,101643,100,99980,100,101915,100,99961,100
2019-06-28 09:50:00.000000000,100728,168,100617,168,100816,168,100523,168,100835,168,100167,168,100848,168,100129,268,101208,168,100099,368,101224,100,100075,200,101319,100,100006,100,101547,100,100005,100,101643,100,99980,100,101915,100,99961,100
2019-06-28 09:50:10.000000000,100728,216,100617,216,100816,213,100523,213,100835,213,100167,213,100848,100,100129,200,101208,100,100099,300,101224,100,100075,200,101319,100,100006,100,101547,100,100005,100,101643,100,99980,100,101915,100,99961,100
2019-06-28 09:50:20.000000000,100728,186,100617,186,100816,186,100523,186,100835,186,100167,186,100848,186,100129,286,101208,100,100099,300,101224,100,100075,200,101319,100,100006,100,101547,100,100005,100,101643,100,99980,100,101915,100,99961,100
2019-06-28 09:50:23.566636232,100728,186,100617,186,100745,100,100523,186,100816,186,100167,186,100835,186,100129,286,100848,186,100099,300,101208,100,100075,200,101224,100,100006,100,101319,100,100005,100,101547,100,99980,100,101643,100,99961,100
2019-06-28 09:50:25.267027555,100728,186,100617,86,100745,100,100523,186,100816,186,100167,186,100835,186,100129,286,100848,186,100099,300,101208,100,100075,200,101224,100,100006,100,101319,100,100005,100,101547,100,99980,100,101643,100,99961,100
2019-06-28 09:50:30.000000000,100728,168,100523,168,100745,168,100167,168,100816,168,100129,268,100835,168,100099,368,100848,168,100075,268,101208,100,100006,100,101224,100,100005,100,101319,100,99980,100,101547,100,99961,100,101643,100,99954,100
2019-06-28 09:50:40.000000000,100728,442,100523,442,100745,100,100167,100,100816,100,100129,200,100835,100,100099,300,100848,100,100075,200,101208,100,100006,100,101224,100,100005,100,101319,100,99980,100,101547,100,99961,100,101643,100,99954,100
2019-06-28 09:50:45.897242873,100728,442,100523,442,100745,100,100167,100,100816,100,100129,200,100821,100,100099,300,100835,100,100075,200,100848,100,100006,100,101208,100,100005,100,101224,100,99980,100,101319,100,99961,100,101547,100,99954,100
2019-06-28 09:50:47.348101539,100728,442,100618,100,100745,100,100523,442,100816,100,100167,100,100821,100,100129,200,100835,100,100099,300,100848,100,100075,200,101208,100,100006,100,101224,100,100005,100,101319,100,99980,100,101547,100,99961,100
2019-06-28 09:50:50.000000000,100728,271,100618,271,100745,271,100523,271,100816,100,100167,100,100821,100,100129,200,100835,100,100099,300,100848,100,100075,200,101208,100,100006,100,101224,100,100005,100,101319,100,99980,100,101547,100,99961,100
2019-06-28 09:50:52.483122372,100728,271,100618,371,100745,271,100523,271,100816,100,100167,100,100821,100,100129,200,100835,100,100099,300,100848,100,100075,200,101208,100,100005,100,101224,100,99980,100,101319,100,99961,100,101547,100,99954,100
2019-06-28 09:50:59.123927260,100728,271,100618,471,100745,271,100523,271,100816,100,100167,100,100821,100,100129,200,100835,100,100099,300,100848,100,100075,100,101208,100,100005,100,101224,100,99980,100,101319,100,99961,100,101547,100,99954,100
2019-06-28 09:51:00.000000000,100728,442,100618,642,100745,100,100523,100,100816,100,100167,100,100821,100,100129,200,100835,100,100099,300,100848,100,100075,100,101208,100,100005,100,101224,100,99980,100,101319,100,99961,100,101547,100,99954,100
2019-06-28 09:51:10.000000000,100728,168,100618,368,100745,168,100523,168,100816,168,100167,168,100821,168,100129,268,100835,168,100099,368,100848,100,100075,100,101208,100,100005,100,101224,100,99980,100,101319,100,99961,100,101547,100,99954,100
2019-06-28 09:51:16.887815040,100728,168,100618,368,100745,168,100607,100,100816,168,100523,168,100821,168,100167,168,100835,168,100129,268,100848,100,100099,368,101208,100,100075,100,101224,100,100005,100,101319,100,99961,100,101547,100,99954,100
2019-06-28 09:51:20.000000000,100728,442,100618,642,100745,100,100607,100,100816,100,100523,100,100821,100,100167,100,100835,100,100129,200,100848,100,100099,300,101208,100,100075,100,101224,100,100005,100,101319,100,99961,100,101547,100,99954,100
2019-06-28 09:51:30.000000000,100728,271,100618,471,100745,271,100607,271,100816,100,100523,100,100821,100,100167,100,100835,100,100129,200,100848,100,100099,300,101208,100,100075,100,101224,100,100005,100,101319,100,99961,100,101547,100,99954,100
2019-06-28 09:51:32.254050582,100728,271,100618,471,100736,100,100607,271,100745,271,100523,100,100816,100,100167,100,100821,100,100129,200,100835,100,100099,300,100848,100,100075,100,101208,100,100005,100,101224,100,99961,100,101319,100,99954,100
2019-06-28 09:51:40.000000000,100728,168,100618,368,100736,168,100607,168,100745,168,100523,168,100816,168,100167,168,100821,168,100129,268,100835,100,100099,300,100848,100,100075,100,101208,100,100005,100,101224,100,99961,100,101319,100,99954,100
2019-06-28 09:51:46.076148203,100728,168,100618,368,100736,168,100607,168,100745,168,100523,168,100816,168,100471,100,100821,168,100167,168,100835,100,100129,268,100848,100,100099,300,101208,100,100075,100,101224,100,100005,100,101319,100,99961,100
2019-06-28 09:51:50.000000000,100728,168,100618,368,100736,168,100607,168,100745,168,100523,168,100816,168,100471,168,100821,168,100167,168,100835,100,100129,200,100848,100,100099,300,101208,100,100075,100,101224,100,100005,100,101319,100,99961,100
2019-06-28 09:52:00.000000000,100728,442,100618,642,100736,100,100607,100,100745,100,100523,100,100816,100,100471,100,100821,100,100167,100,100835,100,100129,200,100848,100,100099,300,101208,100,100075,100,101224,100,100005,100,101319,100,99961,100
2019-06-28 09:52:10.000000000,100728,186,100618,386,100736,186,100607,186,100745,186,100523,186,100816,186,100471,186,100821,100,100167,100,100835,100,100129,200,100848,100,100099,300,101208,100,100075,100,101224,100,100005,100,101319,100,99961,100
2019-06-28 09:52:16.648027774,100728,86,100618,386,100736,186,100607,186,100745,186,100523,186,100816,186,100471,186,100821,100,100167,100,100835,100,100129,200,100848,100,100099,300,101208,100,100075,100,101224,100,100005,100,101319,100,99961,100
2019-06-28 09:52:20.000000000,100736,442,100618,642,100745,100,100607,100,100816,100,100523,100,100821,100,100471,100,100835,100,100167,100,100848,100,100129,200,101208,100,100099,300,101224,100,100075,100,101319,100,100005,100,101547,100,99961,100
2019-06-28 09:52:30.000000000,100736,186,100618,386,100745,186,100607,186,100816,186,100523,186,100821,186,100471,186,100835,100,100167,100,100848,100,100129,200,101208,100,100099,300,101224,100,100075,100,101319,100,100005,100,101547,100,99961,100
2019-06-28 09:52:32.228646846,100727,100,100618,386,100736,186,100607,186,100745,186,100523,186,100816,186,100471,186,100821,186,100167,100,100835,100,100129,200,100848,100,100099,300,101208,100,100075,100,101224,100,100005,100,101319,100,99961,100
2019-06-28 09:52:35.872730748,100727,100,100618,286,100736,186,100607,186,100745,186,100523,86,100816,186,100471,186,100821,186,100167,100,100835,100,100129,200,100848,100,100099,300,101208,100,100075,100,101224,100,100005,100,101319,100,99961,100
2019-06-28 09:52:40.000000000,100727,186,100618,286,100736,186,100607,186,100745,186,100471,186,100816,186,100167,186,100821,100,100129,200,100835,100,100099,300,100848,100,100075,100,101208,100,100005,100,101224,100,99961,100,101319,100,99954,100
2019-06-28 09:52:50.000000000,100727,168,100618,268,100736,168,100607,168,100745,168,100471,168,100816,168,100167,168,100821,168,100129,268,100835,100,100099,300,100848,100,100075,100,101208,100,100005,100,101224,100,99961,100,101319,100,99954,100
2019-06-28 09:52:53.096931388,100727,168,100618,168,100736,168,100607,168,100745,168,100471,168,100816,168,100167,168,100821,168,100129,268,100835,100,100099,300,100848,100,100075,100,101208,100,100005,100,101224,100,99961,100,101319,100,99954,100
2019-06-28 09:53:00.000000000,100727,216,100618,216,100736,213,100607,213,100745,213,100471,213,100816,100,100167,100,100821,100,100129,200,100835,100,100099,300,100848,100,100075,100,101208,100,100005,100,101224,100,99961,100,101319,100,99954,100
2019-06-28 09:53:10.000000000,100727,168,100618,168,100736,168,100607,168,100745,168,100471,168,100816,168,100167,168,100821,168,100129,268,100835,100,100099,300,100848,100,100075,100,101208,100,100005,100,101224,100,99961,100,101319,100,99954,100
2019-06-28 09:53:14.105431401,100727,168,100618,68,100736,168,100607,168,100745,168,100471,168,100816,168,100167,168,100821,168,100129,268,100835,100,100099,300,100848,100,100075,100,101208,100,100005,100,101224,100,99961,100,101319,100,99954,100
2019-06-28 09:53:14.284904838,100618,32,100607,168,100727,168,100471,168,100736,168,100167,168,100745,168,100129,268,100816,168,100099,300,100821,168,100075,100,100835,100,100005,100,100848,100,99961,100,101208,100,99954,100,101224,100,99932,200
2019-06-28 09:53:20.000000000,100618,118,100607,186,100727,186,100471,186,100736,186,100167,186,100745,186,100129,286,100816,100,100099,300,100821,100,100075,100,100835,100,100005,100,100848,100,99961,100,101208,100,99954,100,101224,100,99932,200
2019-06-28 09:53:25.169953319,100618,118,100607,86,100727,186,100471,186,100736,186,100167,186,100745,186,100129,286,100816,100,100099,300,100821,100,100075,100,100835,100,100005,100,100848,100,99961,100,101208,100,99954,100,101224,100,99932,200
2019-06-28 09:53:30.000000000,100618,374,100471,442,100727,100,100167,100,100736,100,100129,200,100745,100,100099,300,100816,100,100075,100,100821,100,100005,100,100835,100,99961,100,100848,100,99954,100,101208,100,99932,200,101224,100,99911,100
2019-06-28 09:53:31.983477632,100617,100,100471,442,100618,374,100167,100,100736,100,100129,200,100745,100,100099,300,100816,100,100075,100,100821,100,100005,100,100835,100,99961,100,100848,100,99954,100,101208,100,99932,200,101224,100,99911,100
2019-06-28 09:53:40.000000000,100617,186,100471,186,100618,118,100167,186,100736,186,100129,286,100745,186,100099,386,100816,100,100075,100,100821,100,100005,100,100835,100,99961,100,100848,100,99954,100,101208,100,99932,200,101224,100,99911,100
2019-06-28 09:53:50.000000000,100617,216,100471,216,100618,145,100167,213,100736,213,100129,313,100745,100,100099,300,100816,100,100075,100,100821,100,100005,100,100835,100,99961,100,100848,100,99954,100,101208,100,99932,200,101224,100,99911,100
2019-06-28 09:54:00.000000000,100617,271,100471,271,100618,203,100167,271,100736,100,100129,200,100745,100,100099,300,100816,100,100075,100,100821,100,100005,100,100835,100,99961,100,100848,100,99954,100,101208,100,99932,200,101224,100,99911,100
2019-06-28 09:54:10.000000000,100617,186,100471,186,100618,118,100167,186,100736,186,100129,286,100745,186,100099,386,100816,100,100075,100,100821,100,100005,100,100835,100,99961,100,100848,100,99954,100,101208,100,99932,200,101224,100,99911,100
2019-06-28 09:54:15.285761404,100617,186,100471,186,100618,118,100258,100,100736,186,100167,186,100745,186,100129,286,100816,100,100099,386,100821,100,100075,100,100835,100,100005,100,100848,100,99961,100,101208,100,99954,100,101224,100,99932,200
2019-06-28 09:54:20.000000000,100617,186,100471,186,100618,118,100258,186,100736,186,100167,186,100745,186,100129,286,100816,100,100099,300,100821,100,100075,100,100835,100,100005,100,100848,100,99961,100,101208,100,99954,100,101224,100,99932,200
2019-06-28 09:54:30.000000000,100617,271,100471,271,100618,203,100258,271,100736,100,100167,100,100745,100,100129,200,100816,100,100099,300,100821,100,100075,100,100835,100,100005,100,100848,100,99961,100,101208,100,99954,100,101224,100,99932,200
2019-06-28 09:54:40.000000000,100617,216,100471,216,100618,145,100258,213,100736,213,100167,213,100745,100,100129,200,100816,100,100099,300,100821,100,100075,100,100835,100,100005,100,100848,100,99961,100,101208,100,99954,100,101224,100,99932,200
2019-06-28 09:54:42.903548782,100617,216,100471,216,100618,145,100258,213,100736,213,100167,213,100745,100,100129,200,100816,100,100099,300,100821,100,100075,100,100835,100,100005,100,100962,100,99961,100,101208,100,99954,100,101224,100,99932,200
2019-06-28 09:54:50.000000000,100617,186,100471,186,100618,118,100258,186,100736,186,100167,186,100745,186,100129,286,100816,100,100099,300,100821,100,100075,100,100835,100,100005,100,100962,100,99961,100,101208,100,99954,100,101224,100,99932,200
2019-06-28 09:54:53.423215197,100617,186,100471,186,100618,118,100258,186,100736,186,100167,186,100745,186,100129,286,100821,100,100099,300,100835,100,100075,100,100962,100,100005,100,101180,100,99961,100,101208,100,99954,100,101224,100,99932,200
2019-06-28 09:54:58.085154848,100617,186,100471,186,100618,118,100258,186,100686,100,100167,186,100736,186,100129,286,100745,186,100099,300,100821,100,100075,100,100835,100,100005,100,100962,100,99961,100,101180,100,99954,100,101208,100,99932,200
2019-06-28 09:55:00.000000000,100617,271,100471,271,100618,203,100258,271,100686,100,100167,100,100736,100,100129,200,100745,100,100099,300,100821,100,100075,100,100835,100,100005,100,100962,100,99961,100,101180,100,99954,100,101208,100,99932,200
2019-06-28 09:55:00.120864202,100617,171,100471,271,100618,203,100258,271,100686,100,100167,100,100736,100,100129,200,100745,100,100099,300,100821,100,100075,100,100835,100,99961,100,100962,100,99954,100,101180,100,99932,200,101208,100,99911,100
2019-06-28 09:55:10.000000000,100618,100,100471,168,100686,168,100258,168,100736,168,100167,168,100745,168,100129,268,100821,168,100099,368,100835,100,100075,100,100962,100,99961,100,101180,100,99954,100,101208,100,99932,200,101224,100,99911,100
2019-06-28 09:55:18.029943767,100618,100,100471,168,100672,100,100258,168,100686,168,100167,168,100736,68,100129,268,100745,168,100099,368,100821,168,100075,100,100835,100,99961,100,100962,100,99954,100,101180,100,99932,200,101208,100,99911,100
2019-06-28 09:55:20.000000000,100618,118,100471,186,100672,186,100258,186,100686,186,100167,186,100745,186,100129,286,100821,100,100099,300,100835,100,100075,100,100962,100,99961,100,101180,100,99954,100,101208,100,99932,200,101224,100,99911,100
2019-06-28 09:55:30.000000000,100618,148,100471,216,100672,213,100258,213,100686,213,100167,213,100745,100,100129,200,100821,100,100099,300,100835,100,100075,100,100962,100,99961,100,101180,100,99954,100,101208,100,99932,200,101224,100,99911,100
2019-06-28 09:55:40.000000000,100618,118,100471,186,100672,186,100258,186,100686,186,100167,186,100745,186,100129,286,100821,100,100099,300,100835,100,100075,100,100962,100,99961,100,101180,100,99954,100,101208,100,99932,200,101224,100,99911,100
2019-06-28 09:55:42.619504184,100618,118,100471,186,100672,186,100258,186,100686,186,100167,186,100745,186,100129,286,100821,100,100099,300,100835,100,100075,100,100845,100,99961,100,100962,100,99954,100,101180,100,99932,200,101208,100,99911,100
2019-06-28 09:55:45.985201703,100618,18,100471,186,100672,186,100258,186,100686,186,100167,186,100745,186,100129,286,100821,100,100099,300,100835,100,100075,100,100845,100,99961,100,100962,100,99954,100,101180,100,99932,200,101208,100,99911,100
2019-06-28 09:55:50.000000000,100672,271,100471,271,100686,271,100258,271,100745,100,100167,100,100821,100,100129,200,100835,100,100099,300,100845,100,100075,100,100962,100,99961,100,101180,100,99954,100,101208,100,99932,200,101224,100,99911,100
2019-06-28 09:56:00.000000000,100672,168,100471,168,100686,168,100258,168,100745,168,100167,168,100821,168,100129,268,100835,168,100099,368,100845,100,100075,100,100962,100,99961,100,101180,100,99954,100,101208,100,99932,200,101224,100,99911,100
2019-06-28 09:56:07.805285926,100672,168,100471,168,100686,168,100258,68,100724,100,100167,168,100745,168,100129,268,100821,168,100099,368,100835,168,100075,100,100845,100,99961,100,100962,100,99954,100,101180,100,99932,200,101208,100,99911,100
2019-06-28 09:56:10.000000000,100672,271,100471,271,100686,271,100167,271,100724,100,100129,200,100745,100,100099,300,100821,100,100075,100,100835,100,99961,100,100845,100,99954,100,100962,100,99932,200,101180,100,99911,100,101208,100,99902,100
2019-06-28 09:56:20.000000000,100672,216,100471,216,100686,213,100167,213,100724,213,100129,313,100745,100,100099,300,100821,100,100075,100,100835,100,99961,100,100845,100,99954,100,100962,100,99932,200,101180,100,99911,100,101208,100,99902,100
2019-06-28 09:56:27.731872611,100512,100,100471,216,100672,216,100167,213,100686,213,100129,313,100724,213,100099,300,100745,100,100075,100,100821,100,99961,100,100835,100,99954,100,100845,100,99932,200,100962,100,99911,100,101180,100,99902,100
2019-06-28 09:56:29.021152689,100512,100,100471,216,100672,216,100167,213,100686,213,100129,213,100724,213,100099,300,100745,100,100075,100,100821,100,99961,100,100835,100,99954,100,100845,100,99932,200,100962,100,99911,100,101180,100,99902,100
2019-06-28 09:56:30.000000000,100512,216,100471,216,100672,213,100167,213,100686,213,100129,213,100724,100,100099,300,100745,100,100075,100,100821,100,99961,100,100835,100,99954,100,100845,100,99932,200,100962,100,99911,100,101180,100,99902,100
2019-06-28 09:56:34.610969508,100495,100,100471,216,100512,216,100167,213,100672,113,100129,213,100686,213,100099,300,100724,100,100075,100,100745,100,99961,100,100821,100,99954,100,100835,100,99932,200,100845,100,99911,100,100962,100,99902,100
2019-06-28 09:56:40.000000000,100495,216,100471,216,100512,213,100167,213,100686,213,100129,213,100724,100,100099,300,100745,100,100075,100,100821,100,99961,100,100835,100,99954,100,100845,100,99932,200,100962,100,99911,100,101180,100,99902,100
2019-06-28 09:56:50.000000000,100495,271,100471,271,100512,271,100167,271,100686,100,100129,100,100724,100,100099,300,100745,100,100075,100,100821,100,99961,100,100835,100,99954,100,100845,100,99932,200,100962,100,99911,100,101180,100,99902,100
2019-06-28 09:56:50.222785094,100495,271,100471,271,100512,271,100322,100,100686,100,100167,271,100724,100,100129,100,100745,100,100099,300,100821,100,100075,100,100835,100,99961,100,100845,100,99954,100,100962,100,99932,200,101180,100,99911,100
2019-06-28 09:56:59.166609125,100495,271,100471,271,100512,271,100322,100,100527,100,100167,271,100686,100,100129,100,100724,100,100099,300,100821,100,100075,100,100835,100,99961,100,100845,100,99954,100,100962,100,99932,200,101180,100,99911,100
2019-06-28 09:57:00.000000000,100495,186,100471,186,100512,186,100322,186,100527,186,100167,186,100686,186,100129,186,100724,100,100099,300,100821,100,100075,100,100835,100,99961,100,100845,100,99954,100,100962,100,99932,200,101180,100,99911,100
2019-06-28 09:57:10.000000000,100495,271,100471,271,100512,271,100322,271,100527,100,100167,100,100686,100,100129,100,100724,100,100099,300,100821,100,100075,100,100835,100,99961,100,100845,100,99954,100,100962,100,99932,200,101180,100,99911,100
2019-06-28 09:57:20.000000000,100495,271,100471,271,100512,271,100322,271,100527,100,100167,100,100686,100,100129,100,100724,100,100099,300,100821,100,100075,100,100835,100,99961,100,100845,100,99954,100,100962,100,99932,200,101180,100,99911,100
2019-06-28 09:57:23.848874888,100495,271,100471,271,100512,271,100322,271,100527,100,100167,100,100616,100,100129,100,100686,100,100099,200,100724,100,100075,100,100821,100,99961,100,100835,100,99954,100,100845,100,99932,200,100962,100,99911,100
2019-06-28 09:57:30.000000000,100495,216,100471,216,100512,213,100322,213,100527,213,100167,213,100616,100,100129,100,100686,100,100099,200,100724,100,100075,100,100821,100,99961,100,100835,100,99954,100,100845,100,99932,200,100962,100,99911,100
2019-06-28 09:57:31.861288559,100495,216,100471,116,100512,213,100322,213,100527,213,100167,213,100616,100,100129,100,100686,100,100099,200,100724,100,100075,100,100821,100,99961,100,100835,100,99954,100,100845,100,99932,200,100962,100,99911,100
2019-06-28 09:57:40.000000000,100495,216,100322,216,100512,213,100167,213,100527,213,100129,213,100616,100,100099,200,100686,100,100075,100,100724,100,99961,100,100821,100,99954,100,100835,100,99932,200,100845,100,99911,100,100962,100,99874,100
2019-06-28 09:57:40.949741807,100494,100,100322,216,100495,216,100167,213,100512,213,100129,213,100527,213,100099,200,100616,100,100075,100,100686,100,99961,100,100724,100,99954,100,100821,100,99932,200,100835,100,99911,100,100845,100,99874,100
2019-06-28 09:57:50.000000000,100494,186,100322,186,100495,186,100167,186,100512,186,100129,186,100527,186,100099,286,100616,100,100075,100,100686,100,99961,100,100724,100,99954,100,100821,100,99932,200,100835,100,99911,100,100845,100,99874,100
2019-06-28 09:58:00.000000000,100494,216,100322,216,100495,213,100167,213,100512,213,100129,213,100527,100,100099,200,100616,100,100075,100,100686,100,99961,100,100724,100,99954,100,100821,100,99932,200,100835,100,99911,100,100845,100,99874,100
2019-06-28 09:58:07.941097928,100494,316,100322,216,100495,213,100167,213,100512,213,100129,213,100527,100,100099,200,100616,100,100075,100,100686,100,99961,100,100724,100,99954,100,100821,100,99932,200,100835,100,99911,100,100845,100,99874,100
2019-06-28 09:58:10.000000000,100494,542,100322,442,100495,100,100167,100,100512,100,100129,100,100527,100,100099,200,100616,100,100075,100,100686,100,99961,100,100724,100,99954,100,100821,100,99932,200,100835,100,99911,100,100845,100,99874,100
2019-06-28 09:58:18.205321917,100324,100,100322,442,100494,542,100167,100,100495,100,100129,100,100512,100,100099,200,100527,100,100075,100,100616,100,99961,100,100686,100,99932,200,100724,100,99911,100,100821,100,99874,100,100835,100,,
2019-06-28 09:58:20.000000000,100324,216,100322,216,100494,313,100167,213,100495,213,100129,213,100512,100,100099,200,100527,100,100075,100,100616,100,99961,100,100686,100,99932,200,100724,100,99911,100,100821,100,99874,100,100835,100,,
2019-06-28 09:58:27.591786601,100324,216,100322,216,100494,413,100167,213,100495,213,100129,213,100512,100,100099,100,100527,100,100075,100,100616,100,99961,100,100686,100,99932,200,100724,100,99911,100,100821,100,99874,100,100835,100,,
2019-06-28 09:58:30.000000000,100324,442,100322,442,100494,300,100167,100,100495,100,100129,100,100512,100,100099,100,100527,100,100075,100,100616,100,99961,100,100686,100,99932,200,100724,100,99911,100,100821,100,99874,100,100835,100,,
2019-06-28 09:58:40.000000000,100324,186,100322,186,100494,386,100167,186,100495,186,100129,186,100512,186,100099,186,100527,100,100075,100,100616,100,99961,100,100686,100,99932,200,100724,100,99911,100,100821,100,99874,100,100835,100,,
2019-06-28 09:58:42.150732866,100324,86,100322,186,100494,386,100167,186,100495,186,100129,186,100512,186,100099,186,100527,100,100075,100,100616,100,99961,100,100686,100,99932,200,100724,100,99911,100,100821,100,99874,100,100835,100,,
2019-06-28 09:58:50.000000000,100494,642,100322,442,100495,100,100167,100,100512,100,100129,100,100527,100,100099,100,100616,100,100075,100,100686,100,99961,100,100724,100,99932,200,100821,100,99911,100,100835,100,99874,100,100845,100,,
2019-06-28 09:58:57.873611913,100494,542,100322,442,100495,100,100167,100,100512,100,100129,100,100527,100,100099,100,100616,100,100075,100,100686,100,99961,100,100724,100,99932,200,100821,100,99911,100,100835,100,99874,100,100845,100,,
2019-06-28 09:59:00.000000000,100494,371,100322,271,100495,271,100167,271,100512,100,100129,100,100527,100,100099,100,100616,100,100075,100,100686,100,99961,100,100724,100,99932,200,100821,100,99911,100,100835,100,99874,100,100845,100,,
2019-06-28 09:59:04.009015467,100494,371,100375,100,100495,271,100322,271,100512,100,100167,271,100527,100,100129,100,100616,100,100099,100,100686,100,100075,100,100724,100,99961,100,100821,100,99932,200,100835,100,99911,100,100845,100,99874,100
2019-06-28 09:59:10.000000000,100494,286,100375,186,100495,186,100322,186,100512,186,100167,186,100527,186,100129,186,100616,100,100099,100,100686,100,100075,100,100724,100,99961,100,100821,100,99932,200,100835,100,99911,100,100845,100,99874,100
2019-06-28 09:59:20.000000000,100494,316,100375,216,100495,213,100322,213,100512,213,100167,213,100527,100,100129,100,100616,100,100099,100,100686,100,100075,100,100724,100,99961,100,100821,100,99932,200,100835,100,99911,100,100845,100,99874,100
2019-06-28 09:59:25.127053385,100413,100,100375,216,100494,316,100322,213,100495,213,100167,213,100512,213,100129,100,100527,100,100099,100,100616,100,100075,100,100686,100,99961,100,100724,100,99932,200,100835,100,99911,100,100845,100,99874,100
2019-06-28 09:59:29.683734723,100494,316,100375,216,100495,213,100322,213,100512,213,100167,213,100527,100,100129,100,100616,100,100099,100,100686,100,100075,100,100724,100,99961,100,100835,100,99932,200,100845,100,99911,100,100962,100,99874,100
2019-06-28 09:59:30.000000000,100494,316,100375,216,100495,213,100322,213,100512,213,100167,213,100527,100,100129,100,100616,100,100099,100,100686,100,100075,100,100724,100,99961,100,100835,100,99932,200,100845,100,99911,100,100962,100,99874,100
2019-06-28 09:59:31.289749199,100493,100,100375,216,100494,316,100322,213,100495,213,100167,213,100512,213,100129,100,100527,100,100099,100,100616,100,100075,100,100686,100,99961,100,100724,100,99932,200,100835,100,99911,100,100845,100,99874,100
2019-06-28 09:59:34.877604778,100493,100,100413,100,100494,216,100375,216,100495,213,100322,213,100512,213,100167,213,100527,100,100129,100,100616,100,100099,100,100686,100,100075,100,100724,100,99961,100,100835,100,99932,200,100845,100,99911,100
2019-06-28 09:59:40.000000000,100493,271,100413,271,100494,271,100375,271,100495,100,100322,100,100512,100,100167,100,100527,100,100129,100,100616,100,100099,100,100686,100,100075,100,100724,100,99961,100,100835,100,99932,200,100845,100,99911,100
2019-06-28 09:59:40.198811271,100493,271,100413,271,100494,271,100375,271,100495,100,100322,100,100512,100,100167,100,100527,100,100129,100,100616,100,100099,100,100686,100,100075,100,100724,100,99961,100,100835,100,99932,200,100845,100,99911,100
2019-06-28 09:59:40.607467842,100493,271,100413,371,100494,271,100375,271,100495,100,100322,100,100512,100,100129,100,100527,100,100099,100,100616,100,100075,100,100686,100,99961,100,100724,100,99932,200,100835,100,99911,100,100845,100,99874,100
2019-06-28 09:59:47.969511397,100493,271,100413,371,100494,271,100379,100,100495,100,100375,271,100512,100,100322,100,100527,100,100129,100,100616,100,100099,100,100686,100,100075,100,100724,100,99961,100,100835,100,99932,200,100845,100,99911,100
2019-06-28 09:59:50.000000000,100493,442,100413,542,100494,100,100379,100,100495,100,100375,100,100512,100,100322,100,100527,100,100129,100,100616,100,100099,100,100686,100,100075,100,100724,100,99961,100,100835,100,99932,200,100845,100,99911,100
2019-06-28 09:59:52.436130054,100493,442,100413,542,100494,100,100379,100,100495,100,100375,100,100512,100,100322,100,100527,100,100129,100,100616,100,100099,100,100686,100,100075,100,100724,100,99961,100,100815,100,99932,200,100835,100,99911,100
2019-06-28 10:00:00.000000000,100493,168,100413,268,100494,168,100379,168,100495,168,100375,168,100512,168,100322,168,100527,168,100129,168,100616,100,100099,100,100686,100,100075,100,100724,100,99961,100,100815,100,99932,200,100835,100,99911,100
2019-06-28 10:00:03.167711514,100493,168,100413,268,100494,168,100379,168,100495,168,100375,168,100512,168,100322,168,100527,168,100129,168,100616,100,100099,100,100686,100,100075,100,100724,100,99961,100,100815,100,99932,200,100835,100,99911,100
2019-06-28 10:00:10.000000000,100493,168,100413,268,100494,168,100379,168,100495,168,100375,168,100512,168,100322,168,100527,168,100129,168,100616,100,100099,100,100686,100,100075,100,100724,100,99961,100,100815,100,99932,200,100835,100,99911,100
2019-06-28 10:00:20.000000000,100493,216,100413,316,100494,213,100379,213,100495,213,100375,213,100512,100,100322,100,100527,100,100129,100,100616,100,100099,100,100686,100,100075,100,100724,100,99961,100,100815,100,99932,200,100835,100,99911,100
2019-06-28 10:00:30.000000000,100493,216,100413,316,100494,213,100379,213,100495,213,100375,213,100512,100,100322,100,100527,100,100129,100,100616,100,100099,100,100686,100,100075,100,100724,100,99961,100,100815,100,99932,200,100835,100,99911,100
2019-06-28 10:00:40.000000000,100493,442,100413,542,100494,100,100379,100,100495,100,100375,100,100512,100,100322,100,100527,100,100129,100,100616,100,100099,100,100686,100,100075,100,100724,100,99961,100,100815,100,99932,200,100835,100,99911,100
2019-06-28 10:00:46.059082587,100493,442,100413,542,100494,100,100379,100,100495,100,100375,100,100512,100,100322,100,100515,100,100129,100,100527,100,100099,100,100616,100,100075,100,100686,100,99961,100,100724,100,99932,200,100815,100,99911,100
2019-06-28 10:00:50.000000000,100493,216,100413,316,100494,213,100379,213,100495,213,100375,213,100512,100,100322,100,100515,100,100129,100,100527,100,100099,100,100616,100,100075,100,100686,100,99961,100,100724,100,99932,200,100815,100,99911,100
2019-06-28 10:01:00.000000000,100493,216,100413,316,100494,213,100379,213,100495,213,100375,213,100512,100,100322,100,100515,100,100129,100,100527,100,100099,100,100616,100,100075,100,100686,100,99961,100,100724,100,99932,200,100815,100,99911,100
2019-06-28 10:01:10.000000000,100493,442,100413,542,100494,100,100379,100,100495,100,100375,100,100512,100,100322,100,100515,100,100129,100,100527,100,100099,100,100616,100,100075,100,100686,100,99961,100,100724,100,99932,200,100815,100,99911,100
2019-06-28 10:01:20.000000000,100493,442,100413,542,100494,100,100379,100,100495,100,100375,100,100512,100,100322,100,100515,100,100129,100,100527,100,100099,100,100616,100,100075,100,100686,100,99961,100,100724,100,99932,200,100815,100,99911,100
2019-06-28 10:01:20.967205771,100493,442,100480,100,100494,100,100413,542,100495,100,100375,100,100512,100,100322,100,100515,100,100129,100,100527,100,100099,100,100616,100,100075,100,100686,100,99961,100,100724,100,99932,200,100815,100,99911,100
2019-06-28 10:01:30.000000000,100493,442,100480,442,100494,100,100413,200,100495,100,100375,100,100512,100,100322,100,100515,100,100129,100,100527,100,100099,100,100616,100,100075,100,100686,100,99961,100,100724,100,99932,200,100815,100,99911,100
2019-06-28 10:01:31.335034299,100493,442,100480,442,100494,100,100413,200,100495,100,100375,100,100512,100,100322,100,100515,100,100129,100,100527,100,100075,100,100616,100,99961,100,100686,100,99932,200,100724,100,99911,100,100815,100,99874,100
2019-06-28 10:01:31.638142768,100493,442,100480,442,100494,100,100413,200,100495,100,100375,100,100512,100,100322,100,100515,100,100129,100,100527,100,100075,100,100616,100,99961,100,100686,100,99932,200,100724,100,99911,100,100815,100,99874,100
2019-06-28 10:01:36.373786042,100493,442,100480,442,100494,100,100413,300,100495,100,100375,100,100512,100,100322,100,100515,100,100129,100,100527,100,100075,100,100616,100,99961,100,100686,100,99932,200,100724,100,99911,100,100815,100,99874,100
2019-06-28 10:01:39.148805711,100493,442,100480,442,100494,100,100413,300,100495,100,100375,100,100512,100,100322,100,100515,100,100129,100,100527,100,100075,100,100616,100,99961,100,100686,100,99932,200,100724,100,99911,100,100815,100,99874,100
2019-06-28 10:01:40.000000000,100493,271,100480,271,100494,271,100413,471,100495,100,100375,100,100512,100,100322,100,100515,100,100129,100,100527,100,100075,100,100616,100,99961,100,100686,100,99932,200,100724,100,99911,100,100815,100,99874,100
2019-06-28 10:01:40.729078033,100493,171,100480,271,100494,271,100413,471,100495,100,100375,100,100512,100,100322,100,100515,100,100129,100,100527,100,100075,100,100616,100,99961,100,100686,100,99932,200,100724,100,99911,100,100815,100,99874,100
2019-06-28 10:01:50.000000000,100494,271,100480,271,100495,271,100413,471,100512,100,100375,100,100515,100,100322,100,100527,100,100129,100,100616,100,100075,100,100686,100,99961,100,100724,100,99932,200,100815,100,99911,100,100834,100,99874,100
2019-06-28 10:01:51.466716543,100494,271,100480,271,100495,271,100413,471,100512,100,100375,100,100515,100,100129,100,100527,100,100075,100,100616,100,99961,100,100686,100,99932,200,100724,100,99911,100,100815,100,99874,100,100824,100,,
2019-06-28 10:01:58.798708180,100494,271,100481,100,100495,271,100480,271,100512,100,100413,471,100515,100,100375,100,100527,100,100129,100,100616,100,100075,100,100686,100,99961,100,100724,100,99932,200,100815,100,99911,100,100824,100,99874,100
2019-06-28 10:02:00.000000000,100494,271,100481,271,100495,271,100480,271,100512,100,100413,300,100515,100,100375,100,100527,100,100129,100,100616,100,100075,100,100686,100,99961,100,100724,100,99932,200,100815,100,99911,100,100824,100,99874,100
2019-06-28 10:02:04.813079327,100494,271,100481,271,100495,271,100480,271,100512,100,100413,300,100515,100,100375,100,100527,100,100129,100,100616,100,100075,100,100686,100,99961,100,100688,100,99932,200,100724,100,99911,100,100815,100,99874,100
2019-06-28 10:02:05.328867584,100494,271,100481,271,100495,271,100480,271,100512,100,100426,100,100515,100,100413,300,100527,100,100375,100,100616,100,100129,100,100686,100,100075,100,100688,100,99961,100,100724,100,99932,200,100815,100,99911,100
2019-06-28 10:02:10.000000000,100494,271,100481,271,100495,271,100480,271,100512,100,100426,100,100515,100,100413,300,100527,100,100375,100,100616,100,100129,100,100686,100,100075,100,100688,100,99961,100,100724,100,99932,200,100815,100,99911,100
2019-06-28 10:02:20.000000000,100494,216,100481,216,100495,213,100480,213,100512,213,100426,213,100515,100,100413,300,100527,100,100375,100,100616,100,100129,100,100686,100,100075,100,100688,100,99961,100,100724,100,99932,200,100815,100,99911,100
2019-06-28 10:02:21.497251596,100494,216,100481,316,100495,213,100480,213,100512,213,100426,213,100515,100,100413,300,100527,100,100375,100,100616,100,100129,100,100686,100,100075,100,100688,100,99961,100,100724,100,99932,200,100815,100,99911,100
2019-06-28 10:02:30.000000000,100494,442,100481,542,100495,100,100480,100,100512,100,100426,100,100515,100,100413,300,100527,100,100375,100,100616,100,100129,100,100686,100,100075,100,100688,100,99961,100,100724,100,99932,200,100815,100,99911,100
2019-06-28 10:02:34.014978505,100494,442,100481,542,100495,100,100480,100,100512,100,100426,100,100515,100,100413,300,100527,100,100375,100,100616,100,100129,100,100686,100,100075,100,100688,100,99961,100,100724,100,99932,200,100769,100,99911,100
2019-06-28 10:02:40.000000000,100494,186,100481,286,100495,186,100480,186,100512,186,100426,186,100515,186,100413,386,100527,100,100375,100,100616,100,100129,100,100686,100,100075,100,100688,100,99961,100,100724,100,99932,200,100769,100,99911,100
2019-06-28 10:02:50.000000000,100494,442,100481,542,100495,100,100480,100,100512,100,100426,100,100515,100,100413,300,100527,100,100375,100,100616,100,100129,100,100686,100,100075,100,100688,100,99961,100,100724,100,99932,200,100769,100,99911,100
2019-06-28 10:03:00.000000000,100494,186,100481,286,100495,186,100480,186,100512,186,100426,186,100515,186,100413,386,100527,100,100375,100,100616,100,100129,100,100686,100,100075,100,100688,100,99961,100,100724,100,99932,200,100769,100,99911,100
2019-06-28 10:03:10.000000000,100494,186,100481,286,100495,186,100480,186,100512,186,100426,186,100515,186,100413,386,100527,100,100375,100,100616,100,100129,100,100686,100,100075,100,100688,100,99961,100,100724,100,99932,200,100769,100,99911,100
2019-06-28 10:03:13.413644159,100494,86,100481,286,100495,186,100480,186,100512,186,100426,86,100515,186,100413,386,100527,100,100375,100,100616,100,100129,100,100686,100,100075,100,100688,100,99961,100,100724,100,99932,200,100769,100,99911,100
2019-06-28 10:03:20.000000000,100495,186,100481,286,100512,186,100480,186,100515,186,100413,386,100527,186,100375,186,100616,100,100129,100,100686,100,100075,100,100688,100,99961,100,100724,100,99932,200,100769,100,99911,100,100815,100,99874,100
2019-06-28 10:03:30.000000000,100495,442,100481,542,100512,100,100480,100,100515,100,100413,300,100527,100,100375,100,100616,100,100129,100,100686,100,100075,100,100688,100,99961,100,100724,100,99932,200,100769,100,99911,100,100815,100,99874,100
2019-06-28 10:03:37.057431006,100495,342,100481,542,100512,100,100480,100,100515,100,100413,300,100527,100,100375,100,100616,100,100129,100,100686,100,100075,100,100688,100,99961,100,100724,100,99932,200,100769,100,99911,100,100815,100,99874,100
2019-06-28 10:03:40.000000000,100512,442,100481,542,100515,100,100480,100,100527,100,100413,300,100616,100,100375,100,100686,100,100129,100,100688,100,100075,100,100724,100,99961,100,100769,100,99932,200,100815,100,99911,100,100824,100,99874,100
2019-06-28 10:03:47.068289630,100512,342,100481,542,100515,100,100480,100,100527,100,100413,300,100616,100,100375,100,100686,100,100129,100,100688,100,100075,100,100724,100,99961,100,100769,100,99932,200,100815,100,99911,100,100824,100,99874,100
2019-06-28 10:03:50.000000000,100515,271,100481,371,100527,271,100480,271,100616,100,100413,300,100686,100,100375,100,100688,100,100129,100,100724,100,100075,100,100769,100,99961,100,100815,100,99932,200,100824,100,99911,100,100834,100,99874,100
2019-06-28 10:03:54.485079697,100515,271,100495,100,100527,271,100481,371,100686,100,100480,271,100688,100,100413,300,100724,100,100375,100,100769,100,100129,100,100815,100,100075,100,100824,100,99961,100,100834,100,99932,200,100835,100,99911,100
2019-06-28 10:03:58.330534967,100515,171,100495,100,100527,271,100481,371,100686,100,100480,271,100688,100,100413,300,100724,100,100375,100,100769,100,100129,100,100815,100,100075,100,100824,100,99961,100,100834,100,99932,200,100835,100,99911,100
2019-06-28 10:04:00.000000000,100527,186,100495,186,100686,186,100481,286,100688,186,100480,186,100724,186,100413,386,100769,100,100375,100,100815,100,100129,100,100824,100,100075,100,100834,100,99961,100,100835,100,99932,200,100845,100,99911,100
2019-06-28 10:04:04.628990737,100527,186,100495,186,100686,186,100481,286,100688,86,100480,186,100724,186,100413,386,100769,100,100375,100,100815,100,100129,100,100824,100,100075,100,100834,100,99961,100,100835,100,99932,200,100845,100,99911,100
2019-06-28 10:04:10.000000000,100527,271,100495,271,100686,271,100481,371,100724,100,100480,100,100769,100,100413,300,100815,100,100375,100,100824,100,100129,100,100834,100,100075,100,100835,100,99961,100,100845,100,99932,200,100909,100,99911,100
2019-06-28 10:04:15.192454775,100527,171,100495,271,100686,271,100481,371,100724,100,100480,100,100769,100,100413,300,100815,100,100375,100,100824,100,100129,100,100834,100,100075,100,100835,100,99961,100,100845,100,99932,200,100909,100,99874,100
2019-06-28 10:04:15.397132555,100527,71,100495,271,100686,271,100481,371,100724,100,100413,300,100769,100,100375,100,100815,100,100129,100,100824,100,100075,100,100834,100,99961,100,100835,100,99932,200,100845,100,99874,100,100909,100,,
2019-06-28 10:04:20.000000000,100686,271,100495,271,100724,271,100481,371,100769,100,100413,300,100815,100,100375,100,100824,100,100129,100,100834,100,100075,100,100835,100,99961,100,100845,100,99932,200,100909,100,99874,100,101171,100,,
2019-06-28 10:04:30.000000000,100686,216,100495,216,100724,213,100481,313,100769,213,100413,413,100815,100,100375,100,100824,100,100129,100,100834,100,100075,100,100835,100,99961,100,100845,100,99932,200,100909,100,99874,100,101171,100,,
2019-06-28 10:04:40.000000000,100686,216,100495,216,100724,213,100481,313,100769,213,100413,413,100815,100,100375,100,100824,100,100129,100,100834,100,100075,100,100835,100,99961,100,100845,100,99932,200,100909,100,99874,100,101171,100,,
2019-06-28 10:04:45.643752982,100686,216,100495,216,100724,213,100481,213,100769,213,100413,413,100815,100,100375,100,100824,100,100129,100,100834,100,100075,100,100835,100,99961,100,100845,100,99932,200,100909,100,99874,100,101171,100,,
2019-06-28 10:04:50.000000000,100686,216,100495,216,100724,213,100481,213,100769,213,100413,413,100815,100,100375,100,100824,100,100129,100,100834,100,100075,100,100835,100,99961,100,100845,100,99932,200,100909,100,99874,100,101171,100,,
2019-06-28 10:05:00.000000000,100686,442,100495,442,100724,100,100481,100,100769,100,100413,300,100815,100,100375,100,100824,100,100129,100,100834,100,100075,100,100835,100,99961,100,100845,100,99932,200,100909,100,99874,100,101171,100,,
2019-06-28 10:05:04.164221624,100686,442,100495,442,100724,100,100481,100,100769,100,100413,300,100815,100,100375,100,100824,100,100129,100,100834,100,100075,100,100835,100,99961,100,100845,100,99932,200,100909,100,99874,100,101171,100,,
2019-06-28 10:05:10.000000000,100686,216,100495,216,100724,213,100481,213,100769,213,100413,413,100815,100,100375,100,100824,100,100129,100,100834,100,100075,100,100835,100,99961,100,100845,100,99932,200,100909,100,99874,100,101171,100,,
2019-06-28 10:05:17.834755557,100686,216,100527,100,100724,213,100495,216,100769,213,100481,213,100815,100,100413,313,100824,100,100375,100,100834,100,100129,100,100835,100,100075,100,100845,100,99961,100,100909,100,99932,200,101171,100,99874,100
2019-06-28 10:05:20.000000000,100686,442,100527,442,100724,100,100495,100,100769,100,100481,100,100815,100,100413,200,100824,100,100375,100,100834,100,100129,100,100835,100,100075,100,100845,100,99961,100,100909,100,99932,200,101171,100,99874,100
2019-06-28 10:05:20.571691117,100686,442,100527,542,100724,100,100495,100,100769,100,100481,100,100815,100,100413,200,100824,100,100375,100,100834,100,100129,100,100835,100,100075,100,100845,100,99961,100,100909,100,99932,200,101171,100,99874,100
2019-06-28 10:05:30.000000000,100686,186,100527,286,100724,186,100495,186,100769,186,100481,186,100815,186,100413,286,100824,100,100375,100,100834,100,100129,100,100835,100,100075,100,100845,100,99961,100,100909,100,99932,200,101171,100,99874,100
2019-06-28 10:05:40.000000000,100686,168,100527,268,100724,168,100495,168,100769,168,100481,168,100815,168,100413,268,100824,168,100375,168,100834,100,100129,100,100835,100,100075,100,100845,100,99961,100,100909,100,99932,200,101171,100,99874,100
2019-06-28 10:05:41.764335899,100686,168,100527,368,100724,168,100495,168,100769,168,100481,168,100815,168,100413,268,100824,168,100375,168,100834,100,100129,100,100835,100,99961,100,100845,100,99932,200,100909,100,99874,100,101171,100,,
2019-06-28 10:05:50.000000000,100686,442,100527,642,100724,100,100495,100,100769,100,100481,100,100815,100,100413,200,100824,100,100375,100,100834,100,100129,100,100835,100,99961,100,100845,100,99932,200,100909,100,99874,100,101171,100,,
2019-06-28 10:06:00.000000000,100686,216,100527,416,100724,213,100495,213,100769,213,100481,213,100815,100,100413,200,100824,100,100375,100,100834,100,100129,100,100835,100,99961,100,100845,100,99932,200,100909,100,99874,100,101171,100,,
2019-06-28 10:06:10.000000000,100686,168,100527,368,100724,168,100495,168,100769,168,100481,168,100815,168,100413,268,100824,168,100375,168,100834,100,100129,100,100835,100,99961,100,100845,100,99932,200,100909,100,99874,100,101171,100,,
2019-06-28 10:06:20.000000000,100686,168,100527,368,100724,168,100495,168,100769,168,100481,168,100815,168,100413,268,100824,168,100375,168,100834,100,100129,100,100835,100,99961,100,100845,100,99932,200,100909,100,99874,100,101171,100,,
2019-06-28 10:06:27.736365611,100686,68,100527,368,100724,168,100495,168,100769,168,100481,168,100815,168,100413,268,100824,168,100375,168,100834,100,100129,100,100835,100,99961,100,100845,100,99932,200,100909,100,99874,100,101171,100,,
2019-06-28 10:06:29.960753870,100686,68,100527,368,100724,168,100495,168,100769,168,100481,168,100815,168,100413,168,100824,168,100375,168,100834,100,100129,100,100835,100,99961,100,100845,100,99932,200,100909,100,99874,100,101171,100,,
2019-06-28 10:06:30.000000000,100724,216,100527,416,100769,213,100495,213,100815,213,100481,213,100824,100,100413,100,100834,100,100375,100,100835,100,100129,100,100845,100,99961,100,100909,100,99932,200,101171,100,99874,100,101180,100,,
2019-06-28 10:06:40.000000000,100724,216,100527,416,100769,213,100495,213,100815,213,100481,213,100824,100,100413,100,100834,100,100375,100,100835,100,100129,100,100845,100,99961,100,100909,100,99932,200,101171,100,99874,100,101180,100,,
2019-06-28 10:06:50.000000000,100724,442,100527,642,100769,100,100495,100,100815,100,100481,100,100824,100,100413,100,100834,100,100375,100,100835,100,100129,100,100845,100,99961,100,100909,100,99932,200,101171,100,99874,100,101180,100,,
2019-06-28 10:07:00.000000000,100724,216,100527,416,100769,213,100495,213,100815,213,100481,213,100824,100,100413,100,100834,100,100375,100,100835,100,100129,100,100845,100,99961,100,100909,100,99932,200,101171,100,99874,100,101180,100,,
2019-06-28 10:07:07.206298803,100724,216,100683,100,100769,213,100527,416,100815,213,100495,213,100824,100,100481,213,100834,100,100413,100,100835,100,100375,100,100845,100,100129,100,100909,100,99961,100,101171,100,99932,200,101180,100,,
2019-06-28 10:07:08.492120067,100685,100,100683,100,100724,216,100527,416,100769,213,100495,213,100815,213,100481,213,100824,100,100413,100,100834,100,100375,100,100835,100,100129,100,100845,100,99961,100,100909,100,99932,200,101171,100,,
