,ask_price_1,ask_size_1,bid_price_1,bid_size_1,ask_price_2,ask_size_2,bid_price_2,bid_size_2,ask_price_3,ask_size_3,bid_price_3,bid_size_3,ask_price_4,ask_size_4,bid_price_4,bid_size_4,ask_price_5,ask_size_5,bid_price_5,bid_size_5,ask_price_6,ask_size_6,bid_price_6,bid_size_6,ask_price_7,ask_size_7,bid_price_7,bid_size_7,ask_price_8,ask_size_8,bid_price_8,bid_size_8,ask_price_9,ask_size_9,bid_price_9,bid_size_9,ask_price_10,ask_size_10,bid_price_10,bid_size_10
2019-06-28 09:30:00.000000000,,,100061,100,,,99950,100,,,,,,,,,,,,,,,,,,,,,,,,,,,,,,,,
2019-06-28 09:30:00.000000001,,,99950,100,,,99854,100,,,,,,,,,,,,,,,,,,,,,,,,,,,,,,,,
2019-06-28 09:30:00.000000002,,,99996,100,,,99950,100,,,99854,100,,,,,,,,,,,,,,,,,,,,,,,,,,,,
2019-06-28 09:30:00.000000003,100021,100,99996,100,,,99978,100,,,99950,100,,,99854,100,,,,,,,,,,,,,,,,,,,,,,,,
2019-06-28 09:30:00.000000004,100021,100,99996,100,,,99978,100,,,99950,100,,,99909,100,,,99854,100,,,99803,100,,,,,,,,,,,,,,,,
2019-06-28 09:30:00.000000006,100021,100,99996,100,100082,100,99978,100,,,99950,100,,,99909,100,,,99854,100,,,99803,100,,,,,,,,,,,,,,,,
2019-06-28 09:30:00.000000007,100020,100,99978,100,100021,100,99950,100,100082,100,99909,100,,,99854,100,,,99803,100,,,,,,,,,,,,,,,,,,,,
2019-06-28 09:30:00.000000010,100020,100,99978,100,100021,100,99950,100,100082,100,99930,100,,,99909,100,,,99854,100,,,99803,100,,,,,,,,,,,,,,,,
2019-06-28 09:30:00.000000011,100020,100,99996,100,100021,100,99978,100,100061,100,99950,100,100082,100,99930,100,,,99909,100,,,99854,100,,,99803,100,,,,,,,,,,,,
2019-06-28 09:30:00.000000013,100020,100,99978,100,100021,100,99950,100,100061,100,99930,100,100082,100,99909,100,100087,100,99854,100,,,99803,100,,,,,,,,,,,,,,,,
2019-06-28 09:30:00.000000014,100020,100,99950,100,100021,100,99930,100,100061,100,99909,100,100082,100,99854,100,100087,100,99803,100,,,,,,,,,,,,,,,,,,,,
2019-06-28 09:30:00.000000015,100020,100,99950,100,100021,100,99946,100,100061,100,99930,100,100082,100,99909,100,100087,100,99854,100,,,99803,100,,,,,,,,,,,,,,,,
2019-06-28 09:30:00.000000018,99996,100,99950,100,100020,100,99946,100,100021,100,99930,100,100061,100,99909,100,100082,100,99854,100,100087,100,99803,100,100166,100,,,,,,,,,,,,,,
2019-06-28 09:30:00.000000019,99996,100,99978,100,100020,100,99950,100,100021,100,99946,100,100061,100,99930,100,100082,100,99909,100,100087,100,99854,100,100166,100,99803,100,,,,,,,,,,,,
2019-06-28 09:30:00.000000022,99996,100,99978,100,100020,100,99950,100,100021,100,99946,100,100061,100,99930,100,100082,100,99921,100,100087,100,99909,100,100166,100,99854,100,,,99803,100,,,,,,,,
2019-06-28 09:30:00.000000023,99996,100,99978,100,100020,100,99950,100,100021,100,99946,100,100061,100,99930,100,100082,100,99921,100,100087,100,99909,100,100166,100,99903,100,,,99854,100,,,99803,100,,,,
2019-06-28 09:30:00.000000026,99996,200,99978,100,100020,100,99950,100,100021,100,99946,100,100061,100,99930,100,100082,100,99921,100,100087,100,99909,100,100166,100,99903,100,,,99854,100,,,99803,100,,,,
2019-06-28 09:30:00.000000028,99996,200,99978,200,100020,100,99950,100,100021,100,99946,100,100061,100,99930,100,100082,100,99921,100,100087,100,99909,100,100166,100,99903,100,,,99854,100,,,99803,100,,,,
2019-06-28 09:30:00.000000029,99996,200,99978,200,100020,100,99950,100,100021,100,99946,100,100033,100,99930,100,100061,100,99921,100,100082,100,99909,100,100087,100,99903,100,100166,100,99854,100,,,99803,100,,,,
2019-06-28 09:30:00.000000030,99996,200,99978,200,99999,100,99950,100,100020,100,99946,100,100021,100,99930,100,100033,100,99921,100,100061,100,99909,100,100082,100,99903,100,100087,100,99854,100,100166,100,99803,100,,,,
2019-06-28 09:30:00.000000031,99996,300,99978,200,99999,100,99950,100,100020,100,99946,100,100021,100,99930,100,100033,100,99921,100,100061,100,99909,100,100082,100,99903,100,100087,100,99854,100,100166,100,99803,100,,,,
2019-06-28 09:30:00.000000035,99996,300,99978,200,99999,100,99950,100,100005,100,99946,100,100020,100,99930,100,100021,100,99921,100,100033,100,99909,100,100061,100,99903,100,100082,100,99854,100,100087,100,99803,100,100166,100,,
2019-06-28 09:30:00.000000037,99996,300,99978,300,99999,100,99950,100,100005,100,99946,100,100020,100,99930,100,100021,100,99921,100,100033,100,99909,100,100061,100,99903,100,100082,100,99854,100,100087,100,99803,100,100166,100,,
2019-06-28 09:30:00.000000040,99996,300,99978,300,99999,100,99950,100,100005,100,99946,100,100020,100,99930,100,100021,100,99921,100,100033,100,99909,100,100061,100,99903,200,100082,100,99854,100,100087,100,99803,100,100166,100,,
2019-06-28 09:30:00.000000041,99996,300,99978,400,99999,100,99950,100,100005,100,99946,100,100020,100,99930,100,100021,100,99921,100,100033,100,99909,100,100061,100,99903,200,100082,100,99854,100,100087,100,99803,100,100166,100,,
2019-06-28 09:30:00.000000045,99996,300,99978,400,99999,100,99975,100,100005,100,99950,100,100020,100,99946,100,100021,100,99930,100,100033,100,99921,100,100061,100,99909,100,100082,100,99903,200,100087,100,99854,100,100166,100,99803,100
2019-06-28 09:30:00.000000048,99996,300,99978,400,99999,100,99975,100,100005,100,99950,100,100020,100,99946,100,100021,100,99930,100,100033,100,99921,100,100036,100,99909,100,100061,100,99903,200,100082,100,99854,100,100087,100,99803,100
2019-06-28 09:30:00.000000050,99996,300,99978,400,99999,100,99975,100,100005,100,99950,100,100020,100,99946,100,100021,100,99930,100,100033,100,99921,100,100036,100,99909,100,100061,100,99903,200,100082,100,99896,100,100087,100,99854,100
2019-06-28 09:30:00.000000051,99996,300,99978,400,99999,100,99975,100,100005,100,99950,100,100020,100,99946,100,100021,100,99930,100,100033,100,99921,100,100036,100,99909,100,100061,100,99903,200,100082,100,99896,100,100087,100,99890,100
2019-06-28 09:30:00.000000053,99996,300,99978,400,99999,100,99975,100,100005,100,99950,100,100020,100,99946,100,100021,100,99930,100,100033,100,99921,100,100036,100,99919,100,100061,100,99909,100,100082,100,99903,200,100087,100,99896,100
2019-06-28 09:30:00.000000055,99996,300,99978,400,99999,100,99975,100,100005,100,99950,100,100020,100,99946,100,100021,100,99930,100,100033,100,99921,100,100036,100,99919,100,100061,100,99909,100,100082,100,99903,200,100087,100,99896,100
2019-06-28 09:30:00.000000056,99996,300,99978,400,99999,100,99975,100,100005,100,99950,100,100020,100,99946,100,100021,100,99930,100,100033,100,99925,100,100036,100,99921,100,100061,100,99919,100,100072,100,99909,100,100082,100,99903,200
2019-06-28 09:30:00.000000059,99996,300,99978,400,99999,100,99975,100,100005,100,99961,100,100020,100,99950,100,100021,100,99946,100,100033,100,99930,100,100036,100,99925,100,100061,100,99921,100,100072,100,99919,100,100082,100,99909,100
2019-06-28 09:30:00.000000060,99996,300,99978,400,99999,100,99975,100,100005,100,99961,100,100020,100,99950,100,100021,100,99946,100,100033,100,99930,100,100036,100,99925,100,100061,100,99921,100,100072,100,99919,100,100082,100,99909,100
2019-06-28 09:30:00.000000062,99996,300,99978,400,99999,100,99975,100,100005,100,99961,100,100020,100,99950,100,100021,100,99946,100,100033,200,99930,100,100036,100,99925,100,100061,100,99921,100,100072,100,99919,100,100082,100,99909,100
2019-06-28 09:30:00.000000065,99996,400,99979,100,99999,100,99978,400,100005,100,99975,100,100020,100,99961,100,100021,100,99950,100,100033,200,99946,100,100036,100,99930,100,100061,100,99925,100,100072,100,99921,100,100082,100,99919,100
2019-06-28 09:30:00.000000066,99996,400,99979,100,99999,100,99978,500,100005,100,99975,100,100020,100,99961,100,100021,100,99950,100,100033,200,99946,100,100036,100,99930,100,100061,100,99925,100,100072,100,99921,100,100082,100,99919,100
2019-06-28 09:30:00.000000068,99991,100,99979,100,99996,400,99978,600,99999,100,99975,100,100005,100,99961,100,100020,100,99950,100,100021,100,99946,100,100033,200,99930,100,100036,100,99925,100,100061,100,99921,100,100072,100,99919,100
2019-06-28 09:30:00.000000073,99991,100,99979,100,99996,400,99978,600,99999,100,99975,100,100005,100,99961,100,100020,100,99950,100,100021,100,99946,100,100033,200,99930,100,100036,100,99925,100,100061,100,99921,100,100072,100,99919,100
2019-06-28 09:30:00.000000076,99991,100,99979,100,99996,400,99978,600,99999,100,99975,100,100005,100,99961,100,100020,100,99950,100,100021,100,99946,100,100033,200,99930,100,100036,100,99925,100,100061,100,99921,100,100072,100,99919,100
2019-06-28 09:30:00.000000080,99996,400,99979,100,99999,100,99978,600,100005,100,99975,100,100020,100,99961,100,100021,100,99950,100,100033,200,99946,100,100036,100,99930,100,100061,100,99925,100,100072,100,99921,100,100081,100,99919,100
2019-06-28 09:30:00.000000082,99996,400,99979,100,99999,100,99978,600,100005,100,99975,100,100020,100,99961,100,100021,100,99950,100,100033,200,99946,100,100036,100,99930,100,100051,100,99925,100,100061,100,99921,100,100072,100,99919,100
2019-06-28 09:30:00.000000084,99996,400,99979,100,99999,100,99978,600,100005,100,99975,100,100020,100,99961,100,100021,100,99950,100,100033,200,99946,100,100036,100,99930,100,100051,100,99925,100,100061,100,99924,100,100072,100,99921,100
2019-06-28 09:30:00.000000086,99996,400,99980,100,99999,100,99979,100,100005,100,99978,600,100020,100,99975,100,100021,100,99961,100,100033,200,99950,100,100036,100,99946,100,100051,100,99930,100,100061,100,99925,100,100072,100,99924,100
2019-06-28 09:30:00.000000091,99996,400,99980,200,99999,100,99979,100,100005,100,99978,600,100020,100,99975,100,100021,100,99961,100,100033,200,99950,100,100036,100,99946,100,100051,100,99930,100,100061,100,99927,100,100072,100,99925,100
2019-06-28 09:30:00.000000092,99996,400,99980,200,99999,100,99979,100,100005,100,99978,600,100020,100,99975,100,100021,100,99961,100,100033,200,99956,100,100036,100,99950,100,100051,100,99946,100,100061,100,99930,100,100072,100,99927,100
2019-06-28 09:30:00.000000093,99996,400,99980,200,99999,100,99979,100,100005,100,99978,600,100020,100,99975,100,100021,100,99961,100,100033,200,99956,100,100036,100,99950,100,100051,100,99946,100,100061,100,99930,100,100072,100,99927,100
2019-06-28 09:30:00.000000094,99996,400,99980,200,99999,100,99979,100,100005,100,99978,600,100020,100,99975,100,100021,100,99961,100,100033,200,99956,100,100036,100,99950,100,100051,100,99946,100,100061,100,99944,100,100072,100,99930,100
2019-06-28 09:30:00.000000095,99996,400,99980,200,99999,100,99979,100,100005,100,99978,600,100020,100,99975,100,100021,100,99961,100,100033,200,99956,100,100036,100,99950,100,100051,100,99946,100,100061,100,99944,100,100072,100,99930,100
2019-06-28 09:30:08.559060415,99996,400,99980,200,99999,100,99979,100,100005,100,99978,600,100020,100,99975,100,100021,100,99961,100,100033,200,99956,100,100036,100,99950,100,100051,100,99946,100,100061,100,99944,100,100072,100,99930,100
2019-06-28 09:30:10.000000000,99996,590,99980,390,99999,290,99979,290,100005,100,99978,600,100020,100,99975,100,100021,100,99961,100,100033,200,99956,100,100036,100,99950,100,100051,100,99946,100,100061,100,99944,100,100072,100,99930,100
2019-06-28 09:30:10.255569339,99996,490,99980,390,99999,290,99979,290,100005,100,99978,600,100020,100,99975,100,100021,100,99961,100,100033,200,99956,100,100036,100,99950,100,100051,100,99946,100,100061,100,99944,100,100072,100,99930,100
2019-06-28 09:30:13.608857191,99983,100,99980,390,99996,490,99979,290,99999,290,99978,600,100005,100,99975,100,100020,100,99961,100,100021,100,99956,100,100033,200,99950,100,100036,100,99946,100,100051,100,99944,100,100061,100,99930,100
2019-06-28 09:30:20.000000000,99983,290,99980,390,99996,490,99979,290,99999,100,99978,600,100005,100,99975,100,100020,100,99961,100,100021,100,99956,100,100033,200,99950,100,100036,100,99946,100,100051,100,99944,100,100061,100,99930,100
2019-06-28 09:30:24.475106375,99983,290,99980,390,99996,490,99979,290,99999,100,99978,600,100005,100,99975,100,100008,100,99961,100,100020,100,99956,100,100021,100,99950,100,100033,200,99946,100,100036,100,99944,100,100051,100,99930,100
2019-06-28 09:30:30.000000000,99983,195,99980,295,99996,395,99979,195,99999,195,99978,695,100005,195,99975,195,100008,100,99961,100,100020,100,99956,100,100021,100,99950,100,100033,200,99946,100,100036,100,99944,100,100051,100,99930,100
2019-06-28 09:30:31.630808641,99983,95,99980,295,99996,395,99979,195,99999,195,99978,695,100005,195,99975,195,100008,100,99961,100,100020,100,99956,100,100021,100,99950,100,100033,200,99946,100,100036,100,99944,100,100051,100,99930,100
2019-06-28 09:30:40.000000000,99996,429,99980,329,99999,225,99979,225,100005,225,99978,725,100008,100,99975,100,100020,100,99961,100,100021,100,99956,100,100033,200,99950,100,100036,100,99946,100,100051,100,99944,100,100061,100,99930,100
2019-06-28 09:30:50.000000000,99996,429,99980,329,99999,225,99979,225,100005,225,99978,725,100008,100,99975,100,100020,100,99961,100,100021,100,99956,100,100033,200,99950,100,100036,100,99946,100,100051,100,99944,100,100061,100,99930,100
2019-06-28 09:31:00.000000000,99996,490,99980,390,99999,290,99979,290,100005,100,99978,600,100008,100,99975,100,100020,100,99961,100,100021,100,99956,100,100033,200,99950,100,100036,100,99946,100,100051,100,99944,100,100061,100,99930,100
2019-06-28 09:31:04.852302996,99996,490,99980,390,99999,290,99979,290,100005,100,99978,600,100008,100,99975,100,100020,100,99961,100,100033,200,99956,100,100036,100,99950,100,100051,100,99946,100,100061,100,99944,100,100072,100,99930,100
2019-06-28 09:31:10.000000000,99996,395,99980,295,99999,195,99979,195,100005,195,99978,695,100008,195,99975,195,100020,100,99961,100,100033,200,99956,100,100036,100,99950,100,100051,100,99946,100,100061,100,99944,100,100072,100,99930,100
2019-06-28 09:31:14.213076570,99996,295,99980,295,99999,195,99979,195,100005,195,99978,695,100008,195,99975,195,100020,100,99961,100,100033,200,99956,100,100036,100,99950,100,100051,100,99946,100,100061,100,99944,100,100072,100,99930,100
2019-06-28 09:31:14.673812451,99996,295,99983,100,99999,195,99980,295,100005,195,99979,195,100008,195,99978,595,100020,100,99975,195,100033,200,99961,100,100036,100,99956,100,100051,100,99950,100,100061,100,99946,100,100072,100,99944,100
2019-06-28 09:31:19.958560799,99996,195,99983,100,99999,195,99980,295,100005,195,99979,195,100008,195,99978,595,100033,200,99975,195,100036,100,99961,100,100051,100,99956,100,100061,100,99950,100,100072,100,99946,100,100081,100,99944,100
2019-06-28 09:31:20.000000000,99996,176,99983,176,99999,176,99980,276,100005,176,99979,176,100008,176,99978,576,100033,276,99975,176,100036,100,99961,100,100051,100,99956,100,100061,100,99950,100,100072,100,99946,100,100081,100,99944,100
2019-06-28 09:31:24.621368509,99996,76,99983,176,99999,176,99980,276,100005,176,99979,176,100008,176,99978,576,100033,276,99975,176,100036,100,99956,100,100051,100,99950,100,100061,100,99946,100,100072,100,99944,100,100081,100,99930,100
2019-06-28 09:31:30.000000000,99999,176,99983,176,100005,176,99980,276,100008,176,99979,176,100033,276,99978,576,100036,176,99975,176,100051,100,99956,100,100061,100,99950,100,100072,100,99946,100,100081,100,99944,100,100082,100,99930,100
2019-06-28 09:31:31.212778024,99999,76,99983,176,100005,176,99980,276,100008,176,99979,176,100033,276,99978,576,100036,176,99975,176,100051,100,99956,100,100061,100,99950,100,100072,100,99946,100,100081,100,99944,100,100082,100,99930,100
2019-06-28 09:31:40.000000000,100005,480,99983,480,100008,100,99980,200,100033,200,99979,100,100036,100,99978,500,100051,100,99975,100,100061,100,99956,100,100072,100,99950,100,100081,100,99946,100,100082,100,99944,100,100087,100,99930,100
2019-06-28 09:31:42.958228169,100005,480,99983,480,100008,100,99980,200,100033,200,99979,100,100036,100,99978,500,100051,100,99975,100,100061,100,99956,100,100072,100,99950,100,100081,100,99946,100,100082,100,99944,100,100087,100,99930,100
2019-06-28 09:31:45.203952388,100005,480,99983,480,100008,100,99980,200,100033,200,99979,100,100036,100,99978,500,100051,100,99975,100,100061,100,99956,100,100072,100,99950,100,100081,100,99946,100,100082,100,99944,100,100087,100,99930,100
2019-06-28 09:31:46.130621657,100005,480,99983,480,100008,100,99980,200,100033,200,99979,100,100036,100,99978,500,100051,100,99975,100,100061,100,99956,100,100072,100,99950,100,100081,100,99946,100,100082,100,99944,100,100087,100,99930,100
2019-06-28 09:31:50.000000000,100005,195,99983,195,100008,195,99980,295,100033,295,99979,195,100036,195,99978,595,100051,100,99975,100,100061,100,99956,100,100072,100,99950,100,100081,100,99946,100,100082,100,99944,100,100087,100,99930,100
2019-06-28 09:32:00.000000000,100005,229,99983,229,100008,225,99980,325,100033,325,99979,225,100036,100,99978,500,100051,100,99975,100,100061,100,99956,100,100072,100,99950,100,100081,100,99946,100,100082,100,99944,100,100087,100,99930,100
2019-06-28 09:32:10.000000000,100005,480,99983,480,100008,100,99980,200,100033,200,99979,100,100036,100,99978,500,100051,100,99975,100,100061,100,99956,100,100072,100,99950,100,100081,100,99946,100,100082,100,99944,100,100087,100,99930,100
2019-06-28 09:32:20.000000000,100005,290,99983,290,100008,290,99980,390,100033,200,99979,100,100036,100,99978,500,100051,100,99975,100,100061,100,99956,100,100072,100,99950,100,100081,100,99946,100,100082,100,99944,100,100087,100,99930,100
2019-06-28 09:32:29.359129514,100005,290,99996,100,100008,290,99983,290,100033,200,99980,390,100036,100,99979,100,100051,100,99978,500,100061,100,99975,100,100072,100,99956,100,100081,100,99950,100,100082,100,99946,100,100087,100,99944,100
2019-06-28 09:32:30.000000000,100005,290,99996,290,100008,290,99983,290,100033,200,99980,200,100036,100,99979,100,100051,100,99978,500,100061,100,99975,100,100072,100,99956,100,100081,100,99950,100,100082,100,99946,100,100087,100,99944,100
2019-06-28 09:32:40.000000000,100005,229,99996,229,100008,225,99983,225,100033,325,99980,325,100036,100,99979,100,100051,100,99978,500,100061,100,99975,100,100072,100,99956,100,100081,100,99950,100,100082,100,99946,100,100087,100,99944,100
2019-06-28 09:32:40.431161728,100005,229,99996,329,100008,225,99983,225,100033,325,99980,225,100036,100,99979,100,100051,100,99978,500,100061,100,99975,100,100072,100,99956,100,100081,100,99950,100,100082,100,99946,100,100087,100,99944,100
2019-06-28 09:32:50.000000000,100005,480,99996,580,100008,100,99983,100,100033,200,99980,100,100036,100,99979,100,100051,100,99978,500,100061,100,99975,100,100072,100,99956,100,100081,100,99950,100,100082,100,99946,100,100087,100,99944,100
2019-06-28 09:32:50.950399817,100005,380,99996,580,100008,100,99983,100,100033,200,99980,100,100036,100,99979,100,100051,100,99978,500,100061,100,99975,100,100072,100,99956,100,100081,100,99946,100,100082,100,99944,100,100087,100,99930,100
2019-06-28 09:33:00.000000000,100008,229,99996,329,100033,325,99983,225,100036,225,99980,225,100051,100,99979,100,100061,100,99978,500,100072,100,99975,100,100081,100,99956,100,100082,100,99946,100,100087,100,99944,100,100094,100,99930,100
2019-06-28 09:33:10.000000000,100008,480,99996,580,100033,200,99983,100,100036,100,99980,100,100051,100,99979,100,100061,100,99978,500,100072,100,99975,100,100081,100,99956,100,100082,100,99946,100,100087,100,99944,100,100094,100,99930,100
2019-06-28 09:33:18.298025853,100008,480,99996,580,100033,200,99983,100,100036,100,99980,100,100051,100,99979,100,100061,100,99978,500,100072,100,99975,100,100081,100,99956,100,100082,100,99946,100,100087,100,99944,100,100094,100,99930,100
2019-06-28 09:33:20.000000000,100008,176,99996,276,100033,276,99983,176,100036,176,99980,176,100051,176,99979,176,100061,176,99978,576,100072,100,99975,100,100081,100,99956,100,100082,100,99946,100,100087,100,99944,100,100094,100,99930,100
2019-06-28 09:33:30.000000000,100008,480,99996,580,100033,200,99983,100,100036,100,99980,100,100051,100,99979,100,100061,100,99978,500,100072,100,99975,100,100081,100,99956,100,100082,100,99946,100,100087,100,99944,100,100094,100,99930,100
2019-06-28 09:33:40.000000000,100008,290,99996,390,100033,390,99983,290,100036,100,99980,100,100051,100,99979,100,100061,100,99978,500,100072,100,99975,100,100081,100,99956,100,100082,100,99946,100,100087,100,99944,100,100094,100,99930,100
2019-06-28 09:33:50.000000000,100008,195,99996,295,100033,295,99983,195,100036,195,99980,195,100051,195,99979,195,100061,100,99978,500,100072,100,99975,100,100081,100,99956,100,100082,100,99946,100,100087,100,99944,100,100094,100,99930,100
2019-06-28 09:33:59.205473271,100008,195,99999,100,100033,295,99996,195,100036,195,99983,195,100051,195,99980,195,100061,100,99979,195,100072,100,99978,500,100081,100,99975,100,100082,100,99956,100,100087,100,99946,100,100094,100,99944,100
2019-06-28 09:34:00.000000000,100008,480,99999,480,100033,200,99996,100,100036,100,99983,100,100051,100,99980,100,100061,100,99979,100,100072,100,99978,500,100081,100,99975,100,100082,100,99956,100,100087,100,99946,100,100094,100,99944,100
2019-06-28 09:34:10.000000000,100008,480,99999,480,100033,200,99996,100,100036,100,99983,100,100051,100,99980,100,100061,100,99979,100,100072,100,99978,500,100081,100,99975,100,100082,100,99956,100,100087,100,99946,100,100094,100,99944,100
2019-06-28 09:34:20.000000000,100008,290,99999,290,100033,390,99996,290,100036,100,99983,100,100051,100,99980,100,100061,100,99979,100,100072,100,99978,500,100081,100,99975,100,100082,100,99956,100,100087,100,99946,100,100094,100,99944,100
2019-06-28 09:34:30.000000000,100008,229,99999,229,100033,325,99996,225,100036,225,99983,225,100051,100,99980,100,100061,100,99979,100,100072,100,99978,500,100081,100,99975,100,100082,100,99956,100,100087,100,99946,100,100094,100,99944,100
2019-06-28 09:34:30.675175869,100008,129,99999,229,100033,325,99996,225,100036,225,99983,225,100051,100,99980,100,100061,100,99979,100,100072,100,99978,500,100081,100,99975,100,100082,100,99956,100,100087,100,99946,100,100094,100,99944,100
2019-06-28 09:34:39.292889810,100008,129,99999,229,100033,325,99996,225,100036,225,99983,225,100061,100,99980,100,100072,100,99979,100,100081,100,99978,500,100082,100,99975,100,100087,100,99956,100,100094,100,99946,100,100095,100,99944,100
2019-06-28 09:34:39.701138031,100008,29,99999,229,100033,325,99996,225,100036,225,99983,225,100061,100,99980,100,100072,100,99979,100,100081,100,99978,500,100082,100,99975,100,100087,100,99956,100,100094,100,99946,100,100095,100,99944,100
2019-06-28 09:34:40.000000000,100033,580,99999,480,100036,100,99996,100,100061,100,99983,100,100072,100,99980,100,100081,100,99979,100,100082,100,99978,500,100087,100,99975,100,100094,100,99956,100,100095,100,99946,100,100104,100,99944,100
2019-06-28 09:34:50.000000000,100033,580,99999,480,100036,100,99996,100,100061,100,99983,100,100072,100,99980,100,100081,100,99979,100,100082,100,99978,500,100087,100,99975,100,100094,100,99956,100,100095,100,99946,100,100104,100,99944,100
2019-06-28 09:34:50.805236190,100033,580,100008,100,100036,100,99999,380,100061,100,99996,100,100072,100,99983,100,100081,100,99980,100,100082,100,99979,100,100087,100,99978,500,100094,100,99975,100,100095,100,99956,100,100104,100,99946,100
2019-06-28 09:34:56.393712337,100033,580,100008,100,100036,100,99999,380,100061,100,99996,100,100072,100,99983,100,100081,100,99980,100,100082,100,99979,100,100087,100,99978,500,100094,100,99975,100,100095,100,99956,100,100104,100,99946,100
2019-06-28 09:34:57.152455828,100033,480,100008,100,100036,100,99999,380,100061,100,99996,100,100072,100,99983,100,100081,100,99980,100,100082,100,99979,100,100087,100,99978,500,100094,100,99975,100,100095,100,99956,100,100104,100,99946,100
2019-06-28 09:35:00.000000000,100033,229,100008,229,100036,225,99996,225,100061,225,99983,225,100072,100,99980,100,100081,100,99979,100,100082,100,99978,500,100087,100,99975,100,100094,100,99956,100,100095,100,99946,100,100104,100,99944,100
2019-06-28 09:35:10.000000000,100033,176,100008,176,100036,176,99996,176,100061,176,99983,176,100072,176,99980,176,100081,176,99979,176,100082,100,99978,500,100087,100,99975,100,100094,100,99956,100,100095,100,99946,100,100104,100,99944,100
2019-06-28 09:35:20.000000000,100033,229,100008,229,100036,225,99996,225,100061,225,99983,225,100072,100,99980,100,100081,100,99979,100,100082,100,99978,500,100087,100,99975,100,100094,100,99956,100,100095,100,99946,100,100104,100,99944,100
2019-06-28 09:35:30.000000000,100033,229,100008,229,100036,225,99996,225,100061,225,99983,225,100072,100,99980,100,100081,100,99979,100,100082,100,99978,500,100087,100,99975,100,100094,100,99956,100,100095,100,99946,100,100104,100,99944,100
2019-06-28 09:35:39.010735851,100033,229,100008,229,100036,225,99996,225,100061,225,99983,225,100072,100,99980,100,100081,100,99979,100,100082,100,99978,500,100087,100,99975,100,100094,100,99946,100,100095,100,99944,100,100104,100,99930,100
2019-06-28 09:35:40.000000000,100033,195,100008,195,100036,195,99996,195,100061,195,99983,195,100072,195,99980,195,100081,100,99979,100,100082,100,99978,500,100087,100,99975,100,100094,100,99946,100,100095,100,99944,100,100104,100,99930,100
2019-06-28 09:35:50.000000000,100033,290,100008,290,100036,290,99996,290,100061,100,99983,100,100072,100,99980,100,100081,100,99979,100,100082,100,99978,500,100087,100,99975,100,100094,100,99946,100,100095,100,99944,100,100104,100,99930,100
2019-06-28 09:35:53.153626451,100033,290,100008,290,100036,290,99996,290,100061,100,99983,100,100072,100,99980,100,100081,100,99979,100,100082,100,99978,500,100087,100,99975,100,100094,100,99946,100,100095,100,99944,100,100104,100,99930,100
2019-06-28 09:36:00.000000000,100033,195,100008,195,100036,195,99996,195,100061,195,99983,195,100072,195,99980,195,100081,100,99979,100,100082,100,99978,500,100087,100,99975,100,100094,100,99946,100,100095,100,99944,100,100104,100,99930,100
2019-06-28 09:36:10.000000000,100033,229,100008,229,100036,225,99996,225,100061,225,99983,225,100072,100,99980,100,100081,100,99979,100,100082,100,99978,500,100087,100,99975,100,100094,100,99946,100,100095,100,99944,100,100104,100,99930,100
2019-06-28 09:36:18.351159662,100033,229,100008,229,100036,225,99996,225,100061,125,99983,225,100072,100,99980,100,100081,100,99979,100,100082,100,99978,500,100087,100,99975,100,100094,100,99946,100,100095,100,99944,100,100104,100,99930,100
2019-06-28 09:36:20.000000000,100033,176,100008,176,100036,176,99996,176,100072,176,99983,176,100081,176,99980,176,100082,176,99979,176,100087,100,99978,500,100094,100,99975,100,100095,100,99946,100,100104,100,99944,100,100108,100,99930,100
2019-06-28 09:36:22.270698242,100033,176,100008,176,100036,176,99996,176,100072,176,99983,176,100081,176,99980,176,100082,176,99979,176,100087,100,99978,500,100094,100,99975,100,100095,100,99946,100,100104,100,99944,100,100108,100,99930,100
2019-06-28 09:36:30.000000000,100033,195,100008,195,100036,195,99996,195,100072,195,99983,195,100081,195,99980,195,100082,100,99979,100,100087,100,99978,500,100094,100,99975,100,100095,100,99946,100,100104,100,99944,100,100108,100,99930,100
2019-06-28 09:36:40.000000000,100033,229,100008,229,100036,225,99996,225,100072,225,99983,225,100081,100,99980,100,100082,100,99979,100,100087,100,99978,500,100094,100,99975,100,100095,100,99946,100,100104,100,99944,100,100108,100,99930,100
2019-06-28 09:36:45.564673986,100033,229,100008,229,100036,225,99996,225,100072,225,99983,125,100081,100,99980,100,100082,100,99979,100,100087,100,99978,500,100094,100,99975,100,100095,100,99946,100,100104,100,99944,100,100108,100,99930,100
2019-06-28 09:36:48.909746202,100033,129,100008,229,100036,225,99996,225,100072,225,99983,125,100081,100,99980,100,100082,100,99979,100,100087,100,99978,500,100094,100,99975,100,100095,100,99946,100,100104,100,99930,100,100108,100,99925,100
2019-06-28 09:36:50.000000000,100036,290,100008,290,100072,290,99996,290,100081,100,99980,100,100082,100,99979,100,100087,100,99978,500,100094,100,99975,100,100095,100,99946,100,100104,100,99930,100,100108,100,99925,100,100123,100,99924,100
2019-06-28 09:36:56.337803629,100036,290,100008,290,100072,290,99996,290,100081,100,99980,100,100082,100,99979,100,100087,100,99978,500,100094,100,99975,100,100095,100,99946,100,100104,100,99930,100,100108,100,99925,100,100123,100,99924,100
2019-06-28 09:36:57.377466757,100036,290,100008,290,100072,290,99996,290,100081,100,99980,100,100082,100,99979,100,100087,100,99978,500,100094,100,99946,100,100095,100,99930,100,100104,100,99925,100,100108,100,99924,100,100123,100,99919,100
2019-06-28 09:37:00.000000000,100036,195,100008,195,100072,195,99996,195,100081,195,99980,195,100082,195,99979,195,100087,100,99978,500,100094,100,99946,100,100095,100,99930,100,100104,100,99925,100,100108,100,99924,100,100123,100,99919,100
2019-06-28 09:37:10.000000000,100036,480,100008,480,100072,100,99996,100,100081,100,99980,100,100082,100,99979,100,100087,100,99978,500,100094,100,99946,100,100095,100,99930,100,100104,100,99925,100,100108,100,99924,100,100123,100,99919,100
2019-06-28 09:37:17.740399148,100036,480,100008,480,100072,100,99996,100,100081,100,99980,100,100082,100,99979,100,100087,100,99978,500,100094,100,99946,100,100095,100,99930,100,100104,100,99925,100,100123,100,99924,100,100296,100,99919,100
2019-06-28 09:37:20.000000000,100036,290,100008,290,100072,290,99996,290,100081,100,99980,100,100082,100,99979,100,100087,100,99978,500,100094,100,99946,100,100095,100,99930,100,100104,100,99925,100,100123,100,99924,100,100296,100,99919,100
2019-06-28 09:37:30.000000000,100036,480,100008,480,100072,100,99996,100,100081,100,99980,100,100082,100,99979,100,100087,100,99978,500,100094,100,99946,100,100095,100,99930,100,100104,100,99925,100,100123,100,99924,100,100296,100,99919,100
2019-06-28 09:37:39.456611948,100036,480,100008,380,100072,100,99996,100,100081,100,99980,100,100082,100,99979,100,100087,100,99978,500,100094,100,99946,100,100095,100,99930,100,100104,100,99925,100,100123,100,99924,100,100296,100,99919,100
2019-06-28 09:37:40.000000000,100036,229,99996,229,100072,225,99980,225,100081,225,99979,225,100082,100,99978,500,100087,100,99946,100,100094,100,99930,100,100095,100,99925,100,100104,100,99924,100,100123,100,99919,100,100296,100,99909,100
2019-06-28 09:37:50.000000000,100036,176,99996,176,100072,176,99980,176,100081,176,99979,176,100082,176,99978,576,100087,176,99946,176,100094,100,99930,100,100095,100,99925,100,100104,100,99924,100,100123,100,99919,100,100296,100,99909,100
2019-06-28 09:38:00.000000000,100036,176,99996,176,100072,176,99980,176,100081,176,99979,176,100082,176,99978,576,100087,176,99946,176,100094,100,99930,100,100095,100,99925,100,100104,100,99924,100,100123,100,99919,100,100296,100,99909,100
2019-06-28 09:38:10.000000000,100036,480,99996,480,100072,100,99980,100,100081,100,99979,100,100082,100,99978,500,100087,100,99946,100,100094,100,99930,100,100095,100,99925,100,100104,100,99924,100,100123,100,99919,100,100296,100,99909,100
2019-06-28 09:38:11.567044687,100036,480,99996,380,100072,100,99980,100,100081,100,99979,100,100087,100,99978,500,100094,100,99946,100,100095,100,99930,100,100104,100,99925,100,100123,100,99924,100,100296,100,99919,100,100349,100,99909,100
2019-06-28 09:38:20.000000000,100036,229,99980,229,100072,225,99979,225,100081,225,99978,625,100087,100,99946,100,100094,100,99930,100,100095,100,99925,100,100104,100,99924,100,100123,100,99919,100,100296,100,99909,100,100349,100,99903,100
2019-06-28 09:38:22.059112669,100036,229,99980,229,100072,225,99979,225,100081,225,99978,525,100087,100,99946,100,100094,100,99930,100,100095,100,99925,100,100104,100,99924,100,100123,100,99919,100,100296,100,99909,100,100349,100,99903,100
2019-06-28 09:38:30.000000000,100036,195,99980,195,100072,195,99979,195,100081,195,99978,495,100087,195,99946,195,100094,100,99930,100,100095,100,99925,100,100104,100,99924,100,100123,100,99919,100,100296,100,99909,100,100349,100,99903,100
2019-06-28 09:38:40.000000000,100036,229,99980,229,100072,225,99979,225,100081,225,99978,525,100087,100,99946,100,100094,100,99930,100,100095,100,99925,100,100104,100,99924,100,100123,100,99919,100,100296,100,99909,100,100349,100,99903,100
2019-06-28 09:38:44.438419457,100036,229,99980,129,100072,225,99979,225,100081,225,99978,525,100087,100,99946,100,100094,100,99930,100,100095,100,99925,100,100104,100,99924,100,100123,100,99919,100,100296,100,99909,100,100349,100,99896,100
2019-06-28 09:38:45.956910402,100036,229,99980,129,100072,225,99979,225,100081,225,99978,525,100087,100,99946,100,100094,100,99930,100,100095,100,99925,100,100104,100,99924,100,100123,100,99919,100,100296,100,99909,100,100349,100,99896,100
2019-06-28 09:38:50.000000000,100036,176,99979,176,100072,176,99978,476,100081,176,99946,176,100087,176,99930,176,100094,176,99925,176,100095,100,99924,100,100104,100,99919,100,100123,100,99909,100,100296,100,99896,100,100349,100,99890,100
2019-06-28 09:38:56.507188702,100036,176,99979,176,100072,176,99978,476,100081,176,99946,176,100087,176,99930,176,100094,176,99925,176,100095,100,99924,100,100104,100,99919,100,100123,100,99909,100,100296,100,99896,100,100349,100,99890,100
2019-06-28 09:39:00.000000000,100036,176,99979,176,100072,176,99978,476,100081,176,99946,176,100087,176,99930,176,100094,176,99925,176,100095,100,99924,100,100104,100,99919,100,100123,100,99909,100,100296,100,99896,100,100349,100,99890,100
2019-06-28 09:39:10.000000000,100036,176,99979,176,100072,176,99978,476,100081,176,99946,176,100087,176,99930,176,100094,176,99925,176,100095,100,99924,100,100104,100,99919,100,100123,100,99909,100,100296,100,99896,100,100349,100,99890,100
2019-06-28 09:39:18.703220358,100036,176,99997,100,100072,176,99979,176,100081,176,99978,476,100087,176,99946,176,100094,176,99930,176,100095,100,99925,176,100104,100,99924,100,100123,100,99919,100,100296,100,99909,100,100349,100,99896,100
2019-06-28 09:39:20.000000000,100036,176,99997,176,100072,176,99979,176,100081,176,99978,476,100087,176,99946,176,100094,176,99930,176,100095,100,99925,100,100104,100,99924,100,100123,100,99919,100,100296,100,99909,100,100349,100,99896,100
2019-06-28 09:39:25.519005394,100036,176,99997,176,100072,176,99994,100,100081,176,99979,176,100087,176,99978,476,100094,176,99946,176,100095,100,99930,176,100104,100,99925,100,100123,100,99924,100,100296,100,99919,100,100349,100,99909,100
2019-06-28 09:39:30.000000000,100036,176,99997,176,100072,176,99994,176,100081,176,99979,176,100087,176,99978,476,100094,176,99946,176,100095,100,99930,100,100104,100,99925,100,100123,100,99924,100,100296,100,99919,100,100349,100,99909,100
2019-06-28 09:39:40.000000000,100036,290,99997,290,100072,290,99994,290,100081,100,99979,100,100087,100,99978,400,100094,100,99946,100,100095,100,99930,100,100104,100,99925,100,100123,100,99924,100,100296,100,99919,100,100349,100,99909,100
2019-06-28 09:39:41.826603104,100036,290,99997,290,100072,290,99994,290,100081,100,99979,100,100087,100,99978,400,100094,100,99946,100,100095,100,99941,100,100104,100,99930,100,100123,100,99925,100,100296,100,99924,100,100349,100,99919,100
2019-06-28 09:39:50.000000000,100036,290,99997,290,100072,290,99994,290,100081,100,99979,100,100087,100,99978,400,100094,100,99946,100,100095,100,99941,100,100104,100,99930,100,100123,100,99925,100,100296,100,99924,100,100349,100,99919,100
2019-06-28 09:39:52.399270072,100036,290,99997,290,100051,100,99994,290,100072,290,99979,100,100081,100,99978,400,100087,100,99946,100,100094,100,99941,100,100095,100,99930,100,100104,100,99925,100,100123,100,99924,100,100296,100,99919,100
2019-06-28 09:39:54.227530035,100005,100,99997,290,100036,290,99994,290,100051,100,99979,100,100072,290,99978,400,100081,100,99946,100,100087,100,99941,100,100094,100,99930,100,100095,100,99925,100,100104,100,99924,100,100123,100,99919,100
2019-06-28 09:39:59.238501211,100036,290,99997,290,100051,100,99994,290,100072,290,99979,100,100081,100,99978,400,100087,100,99946,100,100094,100,99941,100,100095,100,99930,100,100104,100,99925,100,100123,100,99924,100,100296,100,99919,100
2019-06-28 09:40:00.000000000,100036,480,99997,480,100051,100,99994,100,100072,100,99979,100,100081,100,99978,400,100087,100,99946,100,100094,100,99941,100,100095,100,99930,100,100104,100,99925,100,100123,100,99924,100,100296,100,99919,100
2019-06-28 09:40:00.377878326,100036,480,99998,100,100051,100,99997,480,100072,100,99994,100,100081,100,99979,100,100087,100,99978,300,100094,100,99946,100,100095,100,99941,100,100104,100,99930,100,100123,100,99925,100,100296,100,99924,100
2019-06-28 09:40:10.000000000,100036,195,99998,195,100051,195,99997,195,100072,195,99994,195,100081,195,99979,195,100087,100,99978,300,100094,100,99946,100,100095,100,99941,100,100104,100,99930,100,100123,100,99925,100,100296,100,99924,100
2019-06-28 09:40:11.402209251,100036,195,99998,195,100051,195,99997,195,100072,195,99994,195,100081,195,99979,195,100087,100,99978,300,100094,100,99946,100,100095,100,99941,100,100123,100,99930,100,100296,100,99925,100,100349,100,99924,100
2019-06-28 09:40:15.272682195,100036,95,99998,195,100051,195,99997,195,100072,195,99994,195,100081,195,99979,195,100087,100,99978,300,100094,100,99946,100,100095,100,99941,100,100123,100,99930,100,100296,100,99925,100,100349,100,99924,100
2019-06-28 09:40:19.108282958,100051,195,100036,5,100072,195,99998,195,100081,195,99997,195,100087,100,99994,195,100094,100,99979,195,100095,100,99978,300,100123,100,99946,100,100296,100,99941,100,100349,100,99930,100,100356,100,99925,100
2019-06-28 09:40:20.000000000,100051,229,100036,134,100072,225,99998,225,100081,225,99997,225,100087,100,99994,100,100094,100,99979,100,100095,100,99978,300,100123,100,99946,100,100296,100,99941,100,100349,100,99930,100,100356,100,99925,100
2019-06-28 09:40:25.683781037,100051,129,100036,134,100072,225,99998,225,100081,225,99997,225,100087,100,99994,100,100094,100,99979,100,100095,100,99978,300,100123,100,99946,100,100296,100,99941,100,100349,100,99930,100,100356,100,99925,100
2019-06-28 09:40:30.000000000,100072,290,100036,195,100081,290,99998,290,100087,100,99997,100,100094,100,99994,100,100095,100,99979,100,100123,100,99978,300,100296,100,99946,100,100349,100,99941,100,100356,100,99930,100,100613,100,99925,100
2019-06-28 09:40:39.231195613,100072,290,100036,195,100081,290,99998,290,100087,100,99997,100,100094,100,99994,100,100095,100,99979,100,100123,100,99978,300,100231,100,99946,100,100296,100,99941,100,100349,100,99930,100,100356,100,99925,100
2019-06-28 09:40:40.000000000,100072,195,100036,100,100081,195,99998,195,100087,195,99997,195,100094,195,99994,195,100095,100,99979,100,100123,100,99978,300,100231,100,99946,100,100296,100,99941,100,100349,100,99930,100,100356,100,99925,100
2019-06-28 09:40:41.590861641,100072,95,100036,100,100081,195,99998,195,100087,195,99997,195,100094,195,99994,195,100095,100,99979,100,100123,100,99978,300,100231,100,99946,100,100296,100,99941,100,100349,100,99930,100,100356,100,99925,100
2019-06-28 09:40:50.000000000,100081,290,100036,195,100087,290,99998,290,100094,100,99997,100,100095,100,99994,100,100123,100,99979,100,100231,100,99978,300,100296,100,99946,100,100349,100,99941,100,100356,100,99930,100,100613,100,99925,100
2019-06-28 09:40:51.990895424,100081,190,100036,195,100087,290,99998,290,100094,100,99997,100,100095,100,99994,100,100123,100,99979,100,100231,100,99978,300,100296,100,99946,100,100349,100,99941,100,100356,100,99930,100,100613,100,99925,100
2019-06-28 09:41:00.000000000,100087,195,100036,100,100094,195,99998,195,100095,195,99997,195,100123,195,99994,195,100231,100,99979,100,100296,100,99978,300,100349,100,99946,100,100356,100,99941,100,100613,100,99930,100,100617,100,99925,100
2019-06-28 09:41:10.000000000,100087,176,100036,81,100094,176,99998,176,100095,176,99997,176,100123,176,99994,176,100231,176,99979,176,100296,100,99978,300,100349,100,99946,100,100356,100,99941,100,100613,100,99930,100,100617,100,99925,100
2019-06-28 09:41:12.963423608,100087,176,100055,100,100094,176,100036,81,100095,176,99998,176,100123,176,99997,176,100231,176,99994,176,100296,100,99979,176,100349,100,99978,300,100356,100,99946,100,100613,100,99941,100,100617,100,99930,100
2019-06-28 09:41:20.000000000,100087,290,100055,290,100094,290,100036,195,100095,100,99998,100,100123,100,99997,100,100231,100,99994,100,100296,100,99979,100,100349,100,99978,300,100356,100,99946,100,100613,100,99941,100,100617,100,99930,100
2019-06-28 09:41:30.000000000,100087,195,100055,195,100094,195,100036,100,100095,195,99998,195,100123,195,99997,195,100231,100,99994,100,100296,100,99979,100,100349,100,99978,300,100356,100,99946,100,100613,100,99941,100,100617,100,99930,100
2019-06-28 09:41:33.345022515,100087,195,100072,100,100094,195,100055,195,100095,195,100036,100,100123,195,99998,195,100231,100,99997,195,100296,100,99994,100,100349,100,99979,100,100356,100,99978,300,100613,100,99946,100,100617,100,99941,100
2019-06-28 09:41:40.000000000,100087,195,100072,195,100094,195,100055,195,100095,195,100036,100,100123,195,99998,195,100231,100,99997,100,100296,100,99994,100,100349,100,99979,100,100356,100,99978,300,100613,100,99946,100,100617,100,99941,100
2019-06-28 09:41:43.052903219,100087,95,100072,195,100094,195,100055,195,100095,195,100036,100,100123,195,99998,195,100231,100,99997,100,100296,100,99994,100,100349,100,99979,100,100356,100,99978,300,100613,100,99946,100,100617,100,99941,100
2019-06-28 09:41:50.000000000,100094,480,100072,480,100095,100,100055,100,100123,100,100036,5,100231,100,99998,100,100296,100,99997,100,100349,100,99994,100,100356,100,99979,100,100613,100,99978,300,100617,100,99946,100,100782,100,99941,100
2019-06-28 09:42:00.000000000,100094,176,100072,176,100095,176,100055,176,100123,176,100036,81,100231,176,99998,176,100296,176,99997,176,100349,100,99994,100,100356,100,99979,100,100613,100,99978,300,100617,100,99946,100,100782,100,99941,100
2019-06-28 09:42:10.000000000,100094,290,100072,290,100095,290,100055,290,100123,100,100036,5,100231,100,99998,100,100296,100,99997,100,100349,100,99994,100,100356,100,99979,100,100613,100,99978,300,100617,100,99946,100,100782,100,99941,100
2019-06-28 09:42:11.785045627,100094,290,100072,290,100095,290,100055,290,100123,100,100036,5,100218,100,99998,100,100231,100,99997,100,100296,100,99994,100,100349,100,99979,100,100356,100,99978,300,100613,100,99946,100,100782,100,99941,100
2019-06-28 09:42:20.000000000,100094,176,100072,176,100095,176,100055,176,100123,176,100036,81,100218,176,99998,176,100231,176,99997,176,100296,100,99994,100,100349,100,99979,100,100356,100,99978,300,100613,100,99946,100,100782,100,99941,100
2019-06-28 09:42:25.130802938,100094,176,100072,176,100095,176,100055,176,100096,100,100036,81,100123,176,99998,176,100218,176,99997,176,100231,176,99994,100,100296,100,99979,100,100349,100,99978,300,100356,100,99946,100,100613,100,99941,100
2019-06-28 09:42:29.338815383,100094,176,100072,76,100095,176,100055,176,100096,100,100036,81,100123,176,99998,176,100218,176,99997,176,100231,176,99994,100,100296,100,99979,100,100349,100,99978,300,100356,100,99946,100,100613,100,99941,100
2019-06-28 09:42:30.000000000,100094,176,100055,176,100095,176,100036,81,100096,176,99998,176,100123,176,99997,176,100218,176,99994,176,100231,100,99979,100,100296,100,99978,300,100349,100,99946,100,100356,100,99941,100,100613,100,99930,100
2019-06-28 09:42:32.888410623,100094,176,100055,176,100095,176,100036,81,100096,176,99998,176,100123,176,99997,176,100218,176,99994,176,100231,100,99979,100,100296,100,99978,300,100301,100,99946,100,100349,100,99941,100,100356,100,99930,100
2019-06-28 09:42:40.000000000,100094,290,100055,290,100095,290,100036,195,100096,100,99998,100,100123,100,99997,100,100218,100,99994,100,100231,100,99979,100,100296,100,99978,300,100301,100,99946,100,100349,100,99941,100,100356,100,99930,100
2019-06-28 09:42:43.294107270,100094,290,100055,190,100095,290,100036,195,100096,100,99998,100,100123,100,99997,100,100218,100,99994,100,100231,100,99979,100,100296,100,99978,300,100301,100,99946,100,100349,100,99941,100,100356,100,99930,100
2019-06-28 09:42:48.018329667,100094,290,100055,90,100095,290,100036,195,100096,100,99998,100,100123,100,99997,100,100218,100,99994,100,100231,100,99978,300,100296,100,99946,100,100301,100,99941,100,100349,100,99930,100,100356,100,99925,100
2019-06-28 09:42:49.427120825,100094,290,100055,90,100095,290,100036,195,100096,100,99998,100,100123,100,99997,100,100218,100,99994,100,100231,100,99978,300,100296,100,99946,100,100301,100,99941,100,100349,100,99930,100,100356,100,99925,100
2019-06-28 09:42:50.000000000,100094,176,100036,81,100095,176,99998,176,100096,176,99997,176,100123,176,99994,176,100218,176,99978,376,100231,100,99946,100,100296,100,99941,100,100301,100,99930,100,100349,100,99925,100,100356,100,99924,100
2019-06-28 09:42:50.881417928,100094,176,100036,81,100095,176,99998,176,100096,176,99997,176,100123,176,99994,176,100218,176,99978,376,100231,100,99946,100,100296,100,99941,100,100301,100,99930,100,100349,100,99925,100,100356,100,99924,100
2019-06-28 09:43:00.000000000,100094,480,100036,385,100095,100,99998,100,100096,100,99997,100,100123,100,99994,100,100218,100,99978,300,100231,100,99946,100,100296,100,99941,100,100301,100,99930,100,100349,100,99925,100,100356,100,99924,100
2019-06-28 09:43:10.000000000,100094,229,100036,134,100095,225,99998,225,100096,225,99997,225,100123,100,99994,100,100218,100,99978,300,100231,100,99946,100,100296,100,99941,100,100301,100,99930,100,100349,100,99925,100,100356,100,99924,100
2019-06-28 09:43:20.000000000,100094,229,100036,134,100095,225,99998,225,100096,225,99997,225,100123,100,99994,100,100218,100,99978,300,100231,100,99946,100,100296,100,99941,100,100301,100,99930,100,100349,100,99925,100,100356,100,99924,100
2019-06-28 09:43:30.000000000,100094,290,100036,195,100095,290,99998,290,100096,100,99997,100,100123,100,99994,100,100218,100,99978,300,100231,100,99946,100,100296,100,99941,100,100301,100,99930,100,100349,100,99925,100,100356,100,99924,100
2019-06-28 09:43:30.270126990,100094,290,100036,195,100095,290,99998,290,100096,100,99997,100,100123,100,99994,100,100218,100,99978,300,100231,100,99946,100,100296,100,99941,100,100301,100,99930,100,100349,100,99925,100,100356,100,99924,100
2019-06-28 09:43:38.251916790,100094,290,100036,195,100095,290,99998,290,100096,100,99997,100,100123,100,99994,100,100218,100,99978,300,100231,100,99946,100,100296,100,99941,100,100301,100,99930,100,100349,100,99925,100,100356,100,99924,100
2019-06-28 09:43:40.000000000,100094,176,100036,81,100095,176,99998,176,100096,176,99997,176,100123,176,99994,176,100218,176,99978,376,100231,100,99946,100,100296,100,99941,100,100301,100,99930,100,100349,100,99925,100,100356,100,99924,100
2019-06-28 09:43:50.000000000,100094,290,100036,195,100095,290,99998,290,100096,100,99997,100,100123,100,99994,100,100218,100,99978,300,100231,100,99946,100,100296,100,99941,100,100301,100,99930,100,100349,100,99925,100,100356,100,99924,100
2019-06-28 09:44:00.000000000,100094,290,100036,195,100095,290,99998,290,100096,100,99997,100,100123,100,99994,100,100218,100,99978,300,100231,100,99946,100,100296,100,99941,100,100301,100,99930,100,100349,100,99925,100,100356,100,99924,100
2019-06-28 09:44:10.000000000,100094,480,100036,385,100095,100,99998,100,100096,100,99997,100,100123,100,99994,100,100218,100,99978,300,100231,100,99946,100,100296,100,99941,100,100301,100,99930,100,100349,100,99925,100,100356,100,99924,100
2019-06-28 09:44:17.781184761,100094,480,100036,285,100095,100,99998,100,100096,100,99997,100,100123,100,99994,100,100218,100,99978,300,100231,100,99946,100,100296,100,99941,100,100301,100,99930,100,100349,100,99925,100,100356,100,99924,100
2019-06-28 09:44:20.000000000,100094,480,99998,480,100095,100,99997,100,100096,100,99994,100,100123,100,99978,300,100218,100,99946,100,100231,100,99941,100,100296,100,99930,100,100301,100,99925,100,100349,100,99924,100,100356,100,99919,100
2019-06-28 09:44:24.824212894,100094,480,99998,380,100095,100,99997,100,100096,100,99994,100,100123,100,99978,300,100218,100,99946,100,100231,100,99941,100,100296,100,99930,100,100301,100,99925,100,100349,100,99924,100,100356,100,99919,100
2019-06-28 09:44:29.479167251,100036,100,99998,380,100094,480,99997,100,100095,100,99994,100,100096,100,99978,300,100123,100,99946,100,100218,100,99941,100,100231,100,99930,100,100296,100,99925,100,100301,100,99924,100,100349,100,99919,100
2019-06-28 09:44:30.000000000,100036,229,99997,229,100094,225,99994,225,100095,225,99978,425,100096,100,99946,100,100123,100,99941,100,100218,100,99930,100,100231,100,99925,100,100296,100,99924,100,100301,100,99919,100,100349,100,99896,100
2019-06-28 09:44:31.774913814,100036,229,99997,129,100094,225,99994,225,100095,225,99978,425,100096,100,99946,100,100123,100,99941,100,100218,100,99930,100,100231,100,99925,100,100296,100,99924,100,100301,100,99919,100,100349,100,99896,100
2019-06-28 09:44:40.000000000,100036,176,99994,176,100094,176,99978,376,100095,176,99946,176,100096,176,99941,176,100123,176,99930,176,100218,100,99925,100,100231,100,99924,100,100296,100,99919,100,100301,100,99896,100,100349,100,99769,100
2019-06-28 09:44:50.000000000,100036,480,99994,480,100094,100,99978,300,100095,100,99946,100,100096,100,99941,100,100123,100,99930,100,100218,100,99925,100,100231,100,99924,100,100296,100,99919,100,100301,100,99896,100,100349,100,99769,100
2019-06-28 09:45:00.000000000,100036,290,99994,290,100094,290,99978,490,100095,100,99946,100,100096,100,99941,100,100123,100,99930,100,100218,100,99925,100,100231,100,99924,100,100296,100,99919,100,100301,100,99896,100,100349,100,99769,100
2019-06-28 09:45:04.347731717,100036,290,99994,290,100094,290,99978,490,100095,100,99946,100,100096,100,99941,100,100123,100,99930,100,100218,100,99925,100,100231,100,99924,100,100296,100,99919,100,100301,100,99896,100,100349,100,99769,100
2019-06-28 09:45:10.000000000,100036,195,99994,195,100094,195,99978,395,100095,195,99946,195,100096,195,99941,195,100123,100,99930,100,100218,100,99925,100,100231,100,99924,100,100296,100,99919,100,100301,100,99896,100,100349,100,99769,100
2019-06-28 09:45:11.541494038,100036,195,99994,195,100094,195,99978,395,100095,195,99946,195,100096,195,99941,195,100123,100,99930,100,100218,100,99925,100,100231,100,99924,100,100296,100,99919,100,100301,100,99896,100,100349,100,99769,100
2019-06-28 09:45:20.000000000,100036,229,99994,229,100094,225,99978,425,100095,225,99946,225,100096,100,99941,100,100123,100,99930,100,100218,100,99925,100,100231,100,99924,100,100296,100,99919,100,100301,100,99896,100,100349,100,99769,100
2019-06-28 09:45:22.266426466,100036,229,99994,229,100094,225,99978,425,100095,225,99946,225,100096,100,99941,100,100123,100,99930,100,100218,100,99925,100,100231,100,99924,100,100296,100,99919,100,100301,100,99896,100,100349,100,99769,100
2019-06-28 09:45:30.000000000,100036,195,99994,195,100094,195,99978,395,100095,195,99946,195,100096,195,99941,195,100123,100,99930,100,100218,100,99925,100,100231,100,99924,100,100296,100,99919,100,100301,100,99896,100,100349,100,99769,100
2019-06-28 09:45:40.000000000,100036,229,99994,229,100094,225,99978,425,100095,225,99946,225,100096,100,99941,100,100123,100,99930,100,100218,100,99925,100,100231,100,99924,100,100296,100,99919,100,100301,100,99896,100,100349,100,99769,100
2019-06-28 09:45:47.633623430,100036,229,99994,129,100094,225,99978,425,100095,225,99946,225,100096,100,99941,100,100123,100,99930,100,100218,100,99925,100,100231,100,99924,100,100296,100,99919,100,100301,100,99896,100,100349,100,99769,100
2019-06-28 09:45:50.000000000,100036,176,99978,376,100094,176,99946,176,100095,176,99941,176,100096,176,99930,176,100123,176,99925,176,100218,100,99924,100,100231,100,99919,100,100296,100,99896,100,100301,100,99769,100,100349,100,99708,100
2019-06-28 09:46:00.000000000,100036,229,99978,429,100094,225,99946,225,100095,225,99941,225,100096,100,99930,100,100123,100,99925,100,100218,100,99924,100,100231,100,99919,100,100296,100,99896,100,100301,100,99769,100,100349,100,99708,100
2019-06-28 09:46:09.130803655,100036,229,99978,429,100094,225,99946,225,100095,125,99941,225,100096,100,99930,100,100123,100,99925,100,100218,100,99924,100,100231,100,99919,100,100296,100,99896,100,100301,100,99769,100,100349,100,99708,100
2019-06-28 09:46:10.000000000,100036,229,99978,429,100094,225,99946,225,100096,225,99941,225,100123,100,99930,100,100218,100,99925,100,100231,100,99924,100,100296,100,99919,100,100301,100,99896,100,100349,100,99769,100,100356,100,99708,100
2019-06-28 09:46:10.508365565,99997,100,99978,429,100036,229,99946,225,100094,225,99941,225,100096,225,99930,100,100123,100,99925,100,100218,100,99924,100,100231,100,99919,100,100296,100,99896,100,100301,100,99769,100,100349,100,99708,100
2019-06-28 09:46:20.000000000,99997,480,99978,680,100036,100,99946,100,100094,100,99941,100,100096,100,99930,100,100123,100,99925,100,100218,100,99924,100,100231,100,99919,100,100296,100,99896,100,100301,100,99769,100,100349,100,99708,100
2019-06-28 09:46:28.483252307,99997,480,99978,580,100036,100,99946,100,100094,100,99941,100,100096,100,99930,100,100123,100,99925,100,100218,100,99924,100,100231,100,99919,100,100296,100,99896,100,100301,100,99769,100,100349,100,99708,100
2019-06-28 09:46:30.000000000,99997,480,99978,580,100036,100,99946,100,100094,100,99941,100,100096,100,99930,100,100123,100,99925,100,100218,100,99924,100,100231,100,99919,100,100296,100,99896,100,100301,100,99769,100,100349,100,99708,100
2019-06-28 09:46:40.000000000,99997,195,99978,295,100036,195,99946,195,100094,195,99941,195,100096,195,99930,195,100123,100,99925,100,100218,100,99924,100,100231,100,99919,100,100296,100,99896,100,100301,100,99769,100,100349,100,99708,100
2019-06-28 09:46:50.000000000,99997,176,99978,276,100036,176,99946,176,100094,176,99941,176,100096,176,99930,176,100123,176,99925,176,100218,100,99924,100,100231,100,99919,100,100296,100,99896,100,100301,100,99769,100,100349,100,99708,100
2019-06-28 09:46:52.899394249,99997,176,99978,276,100036,176,99946,176,100094,176,99941,176,100096,176,99930,176,100123,176,99925,176,100218,100,99924,100,100231,100,99919,100,100296,100,99896,100,100301,100,99769,100,100349,100,99708,100
2019-06-28 09:47:00.000000000,99997,229,99978,329,100036,225,99946,225,100094,225,99941,225,100096,100,99930,100,100123,100,99925,100,100218,100,99924,100,100231,100,99919,100,100296,100,99896,100,100301,100,99769,100,100349,100,99708,100
2019-06-28 09:47:10.000000000,99997,195,99978,295,100036,195,99946,195,100094,195,99941,195,100096,195,99930,195,100123,100,99925,100,100218,100,99924,100,100231,100,99919,100,100296,100,99896,100,100301,100,99769,100,100349,100,99708,100
2019-06-28 09:47:11.519533079,99997,195,99978,295,100036,195,99946,195,100094,195,99941,195,100096,195,99930,195,100123,100,99925,100,100218,100,99924,100,100231,100,99919,100,100296,100,99896,100,100301,100,99769,100,100349,100,99708,100
2019-06-28 09:47:17.855300517,99997,195,99978,295,100036,195,99946,195,100094,195,99941,195,100096,195,99930,195,100123,100,99925,100,100218,100,99924,100,100231,100,99919,100,100296,100,99896,100,100301,100,99769,100,100349,100,99708,100
2019-06-28 09:47:20.000000000,99997,290,99978,390,100036,290,99946,290,100094,100,99941,100,100096,100,99930,100,100123,100,99925,100,100218,100,99924,100,100231,100,99919,100,100296,100,99896,100,100301,100,99769,100,100349,100,99708,100
2019-06-28 09:47:30.000000000,99997,480,99978,580,100036,100,99946,100,100094,100,99941,100,100096,100,99930,100,100123,100,99925,100,100218,100,99924,100,100231,100,99919,100,100296,100,99896,100,100301,100,99769,100,100349,100,99708,100
2019-06-28 09:47:40.000000000,99997,176,99978,276,100036,176,99946,176,100094,176,99941,176,100096,176,99930,176,100123,176,99925,176,100218,100,99924,100,100231,100,99919,100,100296,100,99896,100,100301,100,99769,100,100349,100,99708,100
2019-06-28 09:47:50.000000000,99997,195,99978,295,100036,195,99946,195,100094,195,99941,195,100096,195,99930,195,100123,100,99925,100,100218,100,99924,100,100231,100,99919,100,100296,100,99896,100,100301,100,99769,100,100349,100,99708,100
2019-06-28 09:47:52.298644197,99997,195,99978,295,100036,195,99946,195,100094,195,99941,195,100096,195,99930,195,100123,100,99925,100,100218,100,99924,100,100231,100,99919,100,100296,100,99896,100,100301,100,99769,100,100349,100,99708,100
2019-06-28 09:47:57.818886069,99997,195,99978,195,100036,195,99946,195,100094,195,99941,195,100096,195,99930,195,100123,100,99925,100,100218,100,99924,100,100231,100,99919,100,100296,100,99896,100,100301,100,99769,100,100349,100,99708,100
2019-06-28 09:48:00.000000000,99997,176,99978,176,100036,176,99946,176,100094,176,99941,176,100096,176,99930,176,100123,176,99925,176,100218,100,99924,100,100231,100,99919,100,100296,100,99896,100,100301,100,99769,100,100349,100,99708,100
2019-06-28 09:48:10.000000000,99997,195,99978,195,100036,195,99946,195,100094,195,99941,195,100096,195,99930,195,100123,100,99925,100,100218,100,99924,100,100231,100,99919,100,100296,100,99896,100,100301,100,99769,100,100349,100,99708,100
2019-06-28 09:48:20.000000000,99997,195,99978,195,100036,195,99946,195,100094,195,99941,195,100096,195,99930,195,100123,100,99925,100,100218,100,99924,100,100231,100,99919,100,100296,100,99896,100,100301,100,99769,100,100349,100,99708,100
2019-06-28 09:48:22.295730893,99997,195,99978,95,100036,195,99946,195,100094,195,99941,195,100096,195,99930,195,100123,100,99925,100,100218,100,99924,100,100231,100,99919,100,100296,100,99896,100,100301,100,99769,100,100349,100,99708,100
2019-06-28 09:48:25.897886827,99978,5,99946,195,99997,195,99941,195,100036,195,99930,195,100094,95,99925,100,100096,195,99924,100,100123,100,99919,100,100218,100,99896,100,100231,100,99769,100,100296,100,99708,100,100301,100,99597,100
2019-06-28 09:48:30.000000000,99978,81,99946,176,99997,176,99941,176,100036,176,99930,176,100096,176,99925,176,100123,176,99924,176,100218,100,99919,100,100231,100,99896,100,100296,100,99769,100,100301,100,99708,100,100349,100,99597,100
2019-06-28 09:48:40.000000000,99978,134,99946,229,99997,225,99941,225,100036,225,99930,225,100096,100,99925,100,100123,100,99924,100,100218,100,99919,100,100231,100,99896,100,100296,100,99769,100,100301,100,99708,100,100349,100,99597,100
2019-06-28 09:48:44.210877984,99978,134,99946,229,99997,225,99941,225,100036,225,99930,225,100096,100,99925,100,100123,100,99924,100,100218,100,99919,100,100231,100,99896,100,100296,100,99769,100,100301,100,99708,100,100349,100,99597,100
2019-06-28 09:48:50.000000000,99978,100,99946,195,99997,195,99941,195,100036,195,99930,195,100096,195,99925,195,100123,100,99924,100,100218,100,99919,100,100231,100,99896,100,100296,100,99769,100,100301,100,99708,100,100349,100,99597,100
2019-06-28 09:49:00.000000000,99978,134,99946,229,99997,225,99941,225,100036,225,99930,225,100096,100,99925,100,100123,100,99924,100,100218,100,99919,100,100231,100,99896,100,100296,100,99769,100,100301,100,99708,100,100349,100,99597,100
2019-06-28 09:49:10.000000000,99978,134,99946,229,99997,225,99941,225,100036,225,99930,225,100096,100,99925,100,100123,100,99924,100,100218,100,99919,100,100231,100,99896,100,100296,100,99769,100,100301,100,99708,100,100349,100,99597,100
2019-06-28 09:49:18.841273846,99978,234,99946,229,99997,225,99941,225,100036,225,99930,225,100096,100,99925,100,100123,100,99924,100,100218,100,99919,100,100231,100,99896,100,100296,100,99769,100,100301,100,99708,100,100349,100,99597,100
2019-06-28 09:49:19.696928434,99978,234,99946,229,99997,225,99941,225,100036,225,99930,225,100096,100,99925,100,100123,100,99924,100,100218,100,99919,100,100231,100,99896,100,100296,100,99769,100,100301,100,99708,100,100349,100,99597,100
2019-06-28 09:49:20.000000000,99978,234,99946,229,99997,225,99941,225,100036,225,99930,225,100096,100,99925,100,100123,100,99924,100,100218,100,99919,100,100231,100,99896,100,100296,100,99769,100,100301,100,99708,100,100349,100,99597,100
2019-06-28 09:49:30.000000000,99978,200,99946,195,99997,195,99941,195,100036,195,99930,195,100096,195,99925,195,100123,100,99924,100,100218,100,99919,100,100231,100,99896,100,100296,100,99769,100,100301,100,99708,100,100349,100,99597,100
2019-06-28 09:49:32.654242628,99978,300,99946,195,99997,195,99941,195,100036,195,99930,195,100096,195,99925,195,100123,100,99924,100,100218,100,99919,100,100231,100,99896,100,100296,100,99769,100,100301,100,99708,100,100349,100,99597,100
2019-06-28 09:49:40.000000000,99978,334,99946,229,99997,225,99941,225,100036,225,99930,225,100096,100,99925,100,100123,100,99924,100,100218,100,99919,100,100231,100,99896,100,100296,100,99769,100,100301,100,99708,100,100349,100,99597,100
2019-06-28 09:49:50.000000000,99978,585,99946,480,99997,100,99941,100,100036,100,99930,100,100096,100,99925,100,100123,100,99924,100,100218,100,99919,100,100231,100,99896,100,100296,100,99769,100,100301,100,99708,100,100349,100,99597,100
2019-06-28 09:50:00.000000000,99978,585,99946,480,99997,100,99941,100,100036,100,99930,100,100096,100,99925,100,100123,100,99924,100,100218,100,99919,100,100231,100,99896,100,100296,100,99769,100,100301,100,99708,100,100349,100,99597,100
2019-06-28 09:50:01.064768690,99978,585,99946,480,99997,100,99941,100,100036,100,99930,100,100096,100,99925,100,100123,100,99924,100,100218,100,99919,100,100231,100,99896,100,100296,100,99769,100,100301,100,99708,100,100349,100,99597,100
2019-06-28 09:50:06.847623100,99978,585,99946,380,99997,100,99941,100,100036,100,99930,100,100096,100,99925,100,100123,100,99924,100,100218,100,99919,100,100231,100,99896,100,100296,100,99769,100,100301,100,99708,100,100349,100,99597,100
2019-06-28 09:50:10.000000000,99978,300,99941,195,99997,195,99930,195,100036,195,99925,195,100096,195,99924,195,100123,100,99919,100,100218,100,99896,100,100231,100,99769,100,100296,100,99708,100,100301,100,99597,100,100349,100,99577,100
2019-06-28 09:50:20.000000000,99978,334,99941,229,99997,225,99930,225,100036,225,99925,225,100096,100,99924,100,100123,100,99919,100,100218,100,99896,100,100231,100,99769,100,100296,100,99708,100,100301,100,99597,100,100349,100,99577,100
2019-06-28 09:50:20.173945498,99978,334,99941,229,99997,225,99930,225,100036,225,99925,225,100096,100,99924,100,100123,100,99919,100,100218,100,99896,100,100231,100,99769,100,100296,100,99708,100,100301,100,99597,100,100349,100,99577,100
2019-06-28 09:50:24.975069750,99978,334,99941,129,99997,225,99930,125,100036,225,99925,225,100096,100,99924,100,100123,100,99919,100,100218,100,99896,100,100231,100,99769,100,100296,100,99708,100,100301,100,99597,100,100349,100,99577,100
2019-06-28 09:50:30.000000000,99978,334,99925,229,99997,225,99924,225,100036,225,99919,225,100096,100,99896,100,100123,100,99769,100,100218,100,99708,100,100231,100,99597,100,100296,100,99577,100,100301,100,99118,100,100349,100,98785,100
2019-06-28 09:50:36.772979318,99946,100,99925,229,99978,334,99924,225,99997,225,99919,225,100036,225,99896,100,100096,100,99769,100,100123,100,99708,100,100218,100,99597,100,100231,100,99577,100,100296,100,99118,100,100301,100,98785,100
2019-06-28 09:50:40.000000000,99946,176,99925,176,99978,281,99924,176,99997,176,99919,176,100036,176,99896,176,100096,176,99769,176,100123,100,99708,100,100218,100,99597,100,100231,100,99577,100,100296,100,99118,100,100301,100,98785,100
2019-06-28 09:50:41.896286158,99946,176,99925,176,99978,281,99924,176,99997,176,99919,176,100036,176,99896,176,100096,176,99769,176,100123,100,99708,100,100218,100,99597,100,100231,100,99577,100,100296,100,99118,100,100301,100,98785,100
2019-06-28 09:50:50.000000000,99946,176,99925,176,99978,281,99924,176,99997,176,99919,176,100036,176,99896,176,100096,176,99769,176,100123,100,99708,100,100218,100,99597,100,100231,100,99577,100,100296,100,99118,100,100301,100,98785,100
2019-06-28 09:50:53.605674385,99946,176,99925,76,99978,281,99924,176,99997,176,99919,176,100036,176,99896,176,100096,176,99769,176,100123,100,99708,100,100218,100,99597,100,100231,100,99118,100,100296,100,98785,100,100301,100,98763,100
2019-06-28 09:51:00.000000000,99946,176,99924,176,99978,281,99919,176,99997,176,99896,176,100036,176,99769,176,100096,176,99708,176,100123,100,99597,100,100218,100,99118,100,100231,100,98785,100,100296,100,98763,100,100301,100,98725,100
2019-06-28 09:51:10.000000000,99946,195,99924,195,99978,300,99919,195,99997,195,99896,195,100036,195,99769,195,100096,100,99708,100,100123,100,99597,100,100218,100,99118,100,100231,100,98785,100,100296,100,98763,100,100301,100,98725,100
2019-06-28 09:51:12.254841633,99946,195,99924,95,99978,300,99919,195,99997,195,99896,195,100036,195,99769,195,100096,100,99708,100,100123,100,99597,100,100218,100,99118,100,100231,100,98785,100,100296,100,98763,100,100301,100,98725,100
2019-06-28 09:51:20.000000000,99946,229,99919,229,99978,330,99896,225,99997,225,99769,225,100036,100,99708,100,100096,100,99597,100,100123,100,99118,100,100218,100,98785,100,100231,100,98763,100,100296,100,98725,100,100301,100,98711,100
2019-06-28 09:51:30.000000000,99946,195,99919,195,99978,300,99896,195,99997,195,99769,195,100036,195,99708,195,100096,100,99597,100,100123,100,99118,100,100218,100,98785,100,100231,100,98763,100,100296,100,98725,100,100301,100,98711,100
2019-06-28 09:51:40.000000000,99946,480,99919,480,99978,205,99896,100,99997,100,99769,100,100036,100,99708,100,100096,100,99597,100,100123,100,99118,100,100218,100,98785,100,100231,100,98763,100,100296,100,98725,100,100301,100,98711,100
2019-06-28 09:51:42.562955769,99946,480,99919,480,99978,205,99896,100,99997,100,99769,100,100036,100,99708,100,100096,100,99597,100,100123,100,99118,100,100218,100,98785,100,100231,100,98763,100,100296,100,98725,200,100301,100,98711,100
2019-06-28 09:51:43.587344319,99925,100,99919,480,99946,480,99896,100,99978,205,99769,100,99997,100,99708,100,100036,100,99597,100,100096,100,99118,100,100123,100,98785,100,100218,100,98763,100,100231,100,98725,200,100296,100,98711,100
2019-06-28 09:51:50.000000000,99925,290,99919,290,99946,290,99896,290,99978,205,99769,100,99997,100,99708,100,100036,100,99597,100,100096,100,99118,100,100123,100,98785,100,100218,100,98763,100,100231,100,98725,200,100296,100,98711,100
2019-06-28 09:52:00.000000000,99925,290,99919,290,99946,290,99896,290,99978,205,99769,100,99997,100,99708,100,100036,100,99597,100,100096,100,99118,100,100123,100,98785,100,100218,100,98763,100,100231,100,98725,200,100296,100,98711,100
2019-06-28 09:52:04.607428693,99925,290,99919,290,99946,290,99896,290,99978,205,99769,100,99997,100,99708,100,100036,100,99597,100,100096,100,99118,100,100123,100,98785,100,100218,100,98781,100,100231,100,98763,100,100296,100,98725,200
2019-06-28 09:52:07.511438625,99925,290,99919,290,99946,290,99896,290,99978,205,99769,100,99997,100,99708,100,100036,100,99597,100,100096,100,99118,100,100123,100,98785,100,100218,100,98781,100,100231,100,98763,100,100296,100,98725,200
2019-06-28 09:52:10.000000000,99925,290,99919,290,99946,290,99896,290,99978,205,99769,100,99997,100,99708,100,100036,100,99597,100,100096,100,99118,100,100123,100,98785,100,100218,100,98781,100,100231,100,98763,100,100296,100,98725,200
2019-06-28 09:52:20.000000000,99925,290,99919,290,99946,290,99896,290,99978,205,99769,100,99997,100,99708,100,100036,100,99597,100,100096,100,99118,100,100123,100,98785,100,100218,100,98781,100,100231,100,98763,100,100296,100,98725,200
2019-06-28 09:52:26.429539694,99925,390,99919,290,99946,290,99896,290,99978,205,99769,100,99997,100,99708,100,100036,100,99597,100,100096,100,99118,100,100123,100,98785,100,100218,100,98781,100,100231,100,98763,100,100296,100,98725,200
2019-06-28 09:52:30.000000000,99925,276,99919,176,99946,176,99896,176,99978,281,99769,176,99997,176,99708,176,100036,176,99597,176,100096,100,99118,100,100123,100,98785,100,100218,100,98781,100,100231,100,98763,100,100296,100,98725,200
2019-06-28 09:52:40.000000000,99925,295,99919,195,99946,195,99896,195,99978,300,99769,195,99997,195,99708,195,100036,100,99597,100,100096,100,99118,100,100123,100,98785,100,100218,100,98781,100,100231,100,98763,100,100296,100,98725,200
2019-06-28 09:52:50.000000000,99925,390,99919,290,99946,290,99896,290,99978,205,99769,100,99997,100,99708,100,100036,100,99597,100,100096,100,99118,100,100123,100,98785,100,100218,100,98781,100,100231,100,98763,100,100296,100,98725,200
2019-06-28 09:52:56.768555123,99925,490,99919,290,99946,290,99896,290,99978,205,99769,100,99997,100,99708,100,100036,100,99597,100,100096,100,99118,100,100123,100,98785,100,100218,100,98781,100,100231,100,98763,100,100296,100,98725,200
2019-06-28 09:52:57.445416517,99925,490,99919,190,99946,290,99896,290,99978,205,99769,100,99997,100,99708,100,100036,100,99597,100,100096,100,98785,100,100123,100,98781,100,100218,100,98763,100,100231,100,98725,200,100296,100,98711,100
2019-06-28 09:53:00.000000000,99925,395,99896,195,99946,195,99769,195,99978,300,99708,195,99997,195,99597,195,100036,100,98785,100,100096,100,98781,100,100123,100,98763,100,100218,100,98725,200,100231,100,98711,100,100296,100,98702,100
2019-06-28 09:53:10.000000000,99925,680,99896,480,99946,100,99769,100,99978,205,99708,100,99997,100,99597,100,100036,100,98785,100,100096,100,98781,100,100123,100,98763,100,100218,100,98725,200,100231,100,98711,100,100296,100,98702,100
2019-06-28 09:53:17.613556058,99924,100,99896,480,99925,680,99769,100,99946,100,99708,100,99978,205,99597,100,99997,100,98785,100,100036,100,98781,100,100096,100,98763,100,100123,100,98725,200,100218,100,98711,100,100231,100,98702,100
2019-06-28 09:53:18.936472657,99924,200,99896,480,99925,680,99769,100,99946,100,99708,100,99978,205,99597,100,99997,100,98785,100,100036,100,98781,100,100096,100,98763,100,100123,100,98725,200,100218,100,98711,100,100231,100,98702,100
2019-06-28 09:53:20.000000000,99924,580,99896,480,99925,300,99769,100,99946,100,99708,100,99978,205,99597,100,99997,100,98785,100,100036,100,98781,100,100096,100,98763,100,100123,100,98725,200,100218,100,98711,100,100231,100,98702,100
2019-06-28 09:53:28.058504537,99924,580,99896,380,99925,300,99769,100,99946,100,99708,100,99978,205,99597,100,99997,100,98785,100,100036,100,98781,100,100096,100,98763,100,100123,100,98725,200,100218,100,98711,100,100231,100,98702,100
2019-06-28 09:53:30.000000000,99924,295,99769,195,99925,395,99708,195,99946,195,99597,195,99978,300,98785,195,99997,100,98781,100,100036,100,98763,100,100096,100,98725,200,100123,100,98711,100,100218,100,98702,100,100231,100,98620,100
2019-06-28 09:53:31.284122996,99924,295,99769,95,99925,395,99708,195,99946,195,99597,195,99978,300,98785,195,99997,100,98763,100,100036,100,98725,200,100096,100,98711,100,100123,100,98702,100,100218,100,98620,100,100231,100,98155,100
2019-06-28 09:53:40.000000000,99924,295,99708,195,99925,395,99597,195,99946,195,98785,195,99978,300,98763,195,99997,100,98725,200,100036,100,98711,100,100096,100,98702,100,100123,100,98620,100,100218,100,98155,100,100231,100,,
2019-06-28 09:53:50.000000000,99924,295,99708,195,99925,395,99597,195,99946,195,98785,195,99978,300,98763,195,99997,100,98725,200,100036,100,98711,100,100096,100,98702,100,100123,100,98620,100,100218,100,98155,100,100231,100,,
2019-06-28 09:54:00.000000000,99924,329,99708,229,99925,425,99597,225,99946,225,98785,225,99978,205,98763,100,99997,100,98725,200,100036,100,98711,100,100096,100,98702,100,100123,100,98620,100,100218,100,98155,100,100231,100,,
2019-06-28 09:54:10.000000000,99924,295,99708,195,99925,395,99597,195,99946,195,98785,195,99978,300,98763,195,99997,100,98725,200,100036,100,98711,100,100096,100,98702,100,100123,100,98620,100,100218,100,98155,100,100231,100,,
2019-06-28 09:54:20.000000000,99924,390,99708,290,99925,490,99597,290,99946,100,98785,100,99978,205,98763,100,99997,100,98725,200,100036,100,98711,100,100096,100,98702,100,100123,100,98620,100,100218,100,98155,100,100231,100,,
2019-06-28 09:54:25.327060060,99924,390,99708,290,99925,490,99597,290,99946,100,98785,100,99978,205,98763,100,99997,100,98725,200,100036,100,98711,100,100096,100,98624,100,100123,100,98620,100,100218,100,98155,100,100231,100,,
2019-06-28 09:54:30.000000000,99924,329,99708,229,99925,425,99597,225,99946,225,98785,225,99978,205,98763,100,99997,100,98725,200,100036,100,98711,100,100096,100,98624,100,100123,100,98620,100,100218,100,98155,100,100231,100,,
2019-06-28 09:54:36.603308673,99924,329,99708,229,99925,325,99597,225,99946,225,98785,225,99978,205,98763,100,99997,100,98725,200,100036,100,98711,100,100096,100,98624,100,100123,100,98620,100,100218,100,98155,100,100231,100,,
2019-06-28 09:54:40.000000000,99924,295,99708,195,99925,295,99597,195,99946,195,98785,195,99978,300,98763,195,99997,100,98725,200,100036,100,98711,100,100096,100,98624,100,100123,100,98620,100,100218,100,98155,100,100231,100,,
2019-06-28 09:54:50.000000000,99924,276,99708,176,99925,276,99597,176,99946,176,98785,176,99978,281,98763,176,99997,176,98725,276,100036,100,98711,100,100096,100,98624,100,100123,100,98620,100,100218,100,98155,100,100231,100,,
2019-06-28 09:55:00.000000000,99924,580,99708,480,99925,200,99597,100,99946,100,98785,100,99978,205,98763,100,99997,100,98725,200,100036,100,98711,100,100096,100,98624,100,100123,100,98620,100,100218,100,98155,100,100231,100,,
2019-06-28 09:55:03.357713350,99924,580,99708,380,99925,200,99597,100,99946,100,98785,100,99978,205,98763,100,99997,100,98725,200,100036,100,98711,100,100096,100,98624,100,100123,100,98620,100,100218,100,98155,100,100231,100,,
2019-06-28 09:55:10.000000000,99924,276,99597,176,99925,276,98785,176,99946,176,98763,176,99978,281,98725,276,99997,176,98711,176,100036,100,98624,100,100096,100,98620,100,100123,100,98155,100,100218,100,,,100231,100,,
2019-06-28 09:55:13.717750823,99924,276,99597,176,99925,276,98785,176,99946,176,98777,100,99978,281,98763,176,99997,176,98725,276,100036,100,98711,176,100096,100,98624,100,100123,100,98620,100,100218,100,98155,100,100231,100,,
2019-06-28 09:55:20.000000000,99924,295,99597,195,99925,295,98785,195,99946,195,98777,195,99978,300,98763,195,99997,100,98725,200,100036,100,98711,100,100096,100,98624,100,100123,100,98620,100,100218,100,98155,100,100231,100,,
2019-06-28 09:55:26.093302702,99924,295,99597,195,99925,295,98785,195,99946,195,98777,195,99978,300,98763,195,99997,100,98725,200,100036,100,98711,100,100096,100,98691,100,100123,100,98624,100,100218,100,98155,100,100231,100,,
2019-06-28 09:55:30.000000000,99924,329,99597,229,99925,325,98785,225,99946,225,98777,225,99978,205,98763,100,99997,100,98725,200,100036,100,98711,100,100096,100,98691,100,100123,100,98624,100,100218,100,98155,100,100231,100,,
2019-06-28 09:55:40.000000000,99924,276,99597,176,99925,276,98785,176,99946,176,98777,176,99978,281,98763,176,99997,176,98725,276,100036,100,98711,100,100096,100,98691,100,100123,100,98624,100,100218,100,98155,100,100231,100,,
2019-06-28 09:55:45.693976067,99924,276,99597,76,99925,276,98785,176,99946,176,98777,176,99978,281,98763,176,99997,176,98725,276,100036,100,98711,100,100096,100,98691,100,100123,100,98624,100,100218,100,98155,100,100231,100,,
2019-06-28 09:55:50.000000000,99924,276,98785,176,99925,276,98777,176,99946,176,98763,176,99978,281,98725,276,99997,176,98711,176,100036,100,98691,100,100096,100,98624,100,100123,100,98155,100,100218,100,,,100231,100,,
2019-06-28 09:56:00.000000000,99924,329,98785,229,99925,325,98777,225,99946,225,98763,225,99978,205,98725,200,99997,100,98711,100,100036,100,98691,100,100096,100,98624,100,100123,100,98155,100,100218,100,,,100231,100,,
2019-06-28 09:56:10.000000000,99924,390,98785,290,99925,390,98777,290,99946,100,98763,100,99978,205,98725,200,99997,100,98711,100,100036,100,98691,100,100096,100,98624,100,100123,100,98155,100,100218,100,,,100231,100,,
2019-06-28 09:56:20.000000000,99924,580,98785,480,99925,200,98777,100,99946,100,98763,100,99978,205,98725,200,99997,100,98711,100,100036,100,98691,100,100096,100,98624,100,100123,100,98155,100,100218,100,,,100231,100,,
2019-06-28 09:56:30.000000000,99924,329,98785,229,99925,325,98777,225,99946,225,98763,225,99978,205,98725,200,99997,100,98711,100,100036,100,98691,100,100096,100,98624,100,100123,100,98155,100,100218,100,,,100231,100,,
2019-06-28 09:56:40.000000000,99924,390,98785,290,99925,390,98777,290,99946,100,98763,100,99978,205,98725,200,99997,100,98711,100,100036,100,98691,100,100096,100,98624,100,100123,100,98155,100,100218,100,,,100231,100,,
2019-06-28 09:56:50.000000000,99924,390,98785,290,99925,390,98777,290,99946,100,98763,100,99978,205,98725,200,99997,100,98711,100,100036,100,98691,100,100096,100,98624,100,100123,100,98155,100,100218,100,,,100231,100,,
2019-06-28 09:57:00.000000000,99924,390,98785,290,99925,390,98777,290,99946,100,98763,100,99978,205,98725,200,99997,100,98711,100,100036,100,98691,100,100096,100,98624,100,100123,100,98155,100,100218,100,,,100231,100,,
2019-06-28 09:57:10.000000000,99924,390,98785,290,99925,390,98777,290,99946,100,98763,100,99978,205,98725,200,99997,100,98711,100,100036,100,98691,100,100096,100,98624,100,100123,100,98155,100,100218,100,,,100231,100,,
2019-06-28 09:57:20.000000000,99924,580,98785,480,99925,200,98777,100,99946,100,98763,100,99978,205,98725,200,99997,100,98711,100,100036,100,98691,100,100096,100,98624,100,100123,100,98155,100,100218,100,,,100231,100,,
2019-06-28 09:57:30.000000000,99924,276,98785,176,99925,276,98777,176,99946,176,98763,176,99978,281,98725,276,99997,176,98711,176,100036,100,98691,100,100096,100,98624,100,100123,100,98155,100,100218,100,,,100231,100,,
2019-06-28 09:57:32.947354608,99924,276,99441,100,99925,276,98785,176,99946,176,98777,176,99978,281,98763,176,99997,176,98725,276,100036,100,98711,176,100096,100,98691,100,100123,100,98624,100,100218,100,98155,100,100231,100,,
2019-06-28 09:57:37.298906044,99708,100,99441,100,99924,276,98785,176,99925,176,98777,176,99946,176,98763,176,99978,281,98725,276,99997,176,98711,176,100036,100,98691,100,100096,100,98624,100,100123,100,98155,100,100218,100,,
2019-06-28 09:57:39.295144435,99582,100,99441,100,99708,100,98785,176,99924,276,98777,176,99925,176,98763,176,99946,176,98725,276,99978,281,98711,176,99997,176,98691,100,100036,100,98624,100,100096,100,98155,100,100123,100,,
2019-06-28 09:57:40.000000000,99582,176,99441,176,99708,176,98785,176,99924,276,98777,176,99925,176,98763,176,99946,176,98725,276,99978,205,98711,100,99997,100,98691,100,100036,100,98624,100,100096,100,98155,100,100123,100,,
2019-06-28 09:57:50.000000000,99582,176,99441,176,99708,176,98785,176,99924,276,98777,176,99925,176,98763,176,99946,176,98725,276,99978,205,98711,100,99997,100,98691,100,100036,100,98624,100,100096,100,98155,100,100123,100,,
2019-06-28 09:57:51.334417118,99582,76,99441,176,99708,176,98785,176,99924,276,98777,176,99925,176,98763,176,99946,176,98725,276,99978,205,98711,100,99997,100,98691,100,100036,100,98624,100,100096,100,98155,100,100123,100,,
2019-06-28 09:58:00.000000000,99708,176,99441,176,99924,276,98785,176,99925,176,98777,176,99946,176,98763,176,99978,281,98725,276,99997,100,98711,100,100036,100,98691,100,100096,100,98624,100,100123,100,98155,100,100218,100,,
2019-06-28 09:58:00.407020768,99597,100,99441,176,99708,176,98785,176,99924,276,98777,176,99925,176,98763,176,99946,176,98725,276,99978,281,98711,100,99997,100,98691,100,100036,100,98624,100,100096,100,98155,100,100123,100,,
2019-06-28 09:58:10.000000000,99597,290,99441,290,99708,290,98785,290,99924,200,98777,100,99925,100,98763,100,99946,100,98725,200,99978,205,98711,100,99997,100,98691,100,100036,100,98624,100,100096,100,98155,100,100123,100,,
2019-06-28 09:58:20.000000000,99597,229,99441,229,99708,225,98785,225,99924,325,98777,225,99925,100,98763,100,99946,100,98725,200,99978,205,98711,100,99997,100,98691,100,100036,100,98624,100,100096,100,98155,100,100123,100,,
2019-06-28 09:58:21.423941735,99597,229,99441,229,99708,225,98785,225,99878,100,98777,225,99924,325,98763,100,99925,100,98725,200,99946,100,98711,100,99978,205,98691,100,99997,100,98624,100,100036,100,98155,100,100096,100,,
2019-06-28 09:58:30.000000000,99597,176,99441,176,99708,176,98785,176,99878,176,98777,176,99924,276,98763,176,99925,176,98725,276,99946,100,98711,100,99978,205,98691,100,99997,100,98624,100,100036,100,98155,100,100096,100,,
2019-06-28 09:58:40.000000000,99597,229,99441,229,99708,225,98785,225,99878,225,98777,225,99924,200,98763,100,99925,100,98725,200,99946,100,98711,100,99978,205,98691,100,99997,100,98624,100,100036,100,98155,100,100096,100,,
2019-06-28 09:58:47.531194926,99597,229,99441,229,99708,225,98785,225,99740,100,98777,225,99878,225,98763,100,99924,200,98725,200,99925,100,98711,100,99946,100,98691,100,99978,205,98624,100,99997,100,98155,100,100036,100,,
2019-06-28 09:58:50.000000000,99597,480,99441,480,99708,100,98785,100,99740,100,98777,100,99878,100,98763,100,99924,200,98725,200,99925,100,98711,100,99946,100,98691,100,99978,205,98624,100,99997,100,98155,100,100036,100,,
2019-06-28 09:58:52.786971761,99597,480,99536,100,99708,100,99441,480,99740,100,98785,100,99878,100,98777,100,99924,200,98763,100,99925,100,98725,200,99946,100,98711,100,99978,200,98691,100,99997,100,98624,100,100036,100,98155,100
2019-06-28 09:58:57.030561976,99597,380,99536,100,99708,100,99441,480,99740,100,98785,100,99878,100,98777,100,99924,200,98763,100,99925,100,98725,200,99946,100,98711,100,99978,200,98691,100,99997,100,98624,100,100036,100,98155,100
2019-06-28 09:58:58.396399805,99579,100,99536,100,99597,380,99441,480,99708,100,98785,100,99740,100,98777,100,99878,100,98763,100,99924,200,98725,200,99925,100,98711,100,99946,100,98691,100,99978,200,98624,100,99997,100,98155,100
2019-06-28 09:59:00.000000000,99579,480,99536,480,99708,100,99441,100,99740,100,98785,100,99878,100,98777,100,99924,200,98763,100,99925,100,98725,200,99946,100,98711,100,99978,200,98691,100,99997,100,98624,100,100036,100,98155,100
2019-06-28 09:59:02.327153666,99579,480,99536,480,99696,100,99441,100,99708,100,98785,100,99740,100,98777,100,99878,100,98763,100,99924,200,98725,200,99925,100,98711,100,99946,100,98691,100,99978,200,98624,100,99997,100,98155,100
2019-06-28 09:59:10.000000000,99579,290,99536,290,99696,290,99441,290,99708,100,98785,100,99740,100,98777,100,99878,100,98763,100,99924,200,98725,200,99925,100,98711,100,99946,100,98691,100,99978,200,98624,100,99997,100,98155,100
2019-06-28 09:59:20.000000000,99579,229,99536,229,99696,225,99441,225,99708,225,98785,225,99740,100,98777,100,99878,100,98763,100,99924,200,98725,200,99925,100,98711,100,99946,100,98691,100,99978,200,98624,100,99997,100,98155,100
2019-06-28 09:59:30.000000000,99579,176,99536,176,99696,176,99441,176,99708,176,98785,176,99740,176,98777,176,99878,176,98763,176,99924,200,98725,200,99925,100,98711,100,99946,100,98691,100,99978,200,98624,100,99997,100,98155,100
2019-06-28 09:59:34.045574018,99579,76,99536,176,99696,176,99441,176,99708,176,98785,176,99740,176,98777,176,99878,176,98763,176,99924,200,98725,200,99925,100,98711,100,99946,100,98691,100,99978,200,98624,100,99997,100,98155,100
2019-06-28 09:59:40.000000000,99696,480,99536,480,99708,100,99441,100,99740,100,98785,100,99878,100,98777,100,99924,200,98763,100,99925,100,98725,200,99946,100,98711,100,99978,200,98691,100,99997,100,98624,100,100036,100,98155,100
2019-06-28 09:59:50.000000000,99696,195,99536,195,99708,195,99441,195,99740,195,98785,195,99878,195,98777,195,99924,200,98763,100,99925,100,98725,200,99946,100,98711,100,99978,200,98691,100,99997,100,98624,100,100036,100,98155,100
2019-06-28 10:00:00.000000000,99696,195,99536,195,99708,195,99441,195,99740,195,98785,195,99878,195,98777,195,99924,200,98763,100,99925,100,98725,200,99946,100,98711,100,99978,200,98691,100,99997,100,98624,100,100036,100,98155,100
2019-06-28 10:00:10.000000000,99696,229,99536,229,99708,225,99441,225,99740,225,98785,225,99878,100,98777,100,99924,200,98763,100,99925,100,98725,200,99946,100,98711,100,99978,200,98691,100,99997,100,98624,100,100036,100,98155,100
2019-06-28 10:00:14.238371109,99568,100,99536,229,99696,229,99441,225,99708,225,98785,225,99740,225,98777,100,99924,200,98763,100,99925,100,98725,200,99946,100,98711,100,99978,200,98691,100,99997,100,98624,100,100036,100,98155,100
2019-06-28 10:00:20.000000000,99568,176,99536,176,99696,176,99441,176,99708,176,98785,176,99740,176,98777,176,99924,276,98763,176,99925,100,98725,200,99946,100,98711,100,99978,200,98691,100,99997,100,98624,100,100036,100,98155,100
2019-06-28 10:00:21.065597983,99568,176,99536,176,99696,176,99441,176,99708,176,99216,100,99740,176,98785,176,99924,276,98777,176,99925,100,98763,176,99946,100,98725,200,99978,200,98711,100,99997,100,98691,100,100036,100,98624,100
2019-06-28 10:00:30.000000000,99568,229,99536,229,99696,225,99441,225,99708,225,99216,225,99740,100,98785,100,99924,200,98777,100,99925,100,98763,100,99946,100,98725,200,99978,200,98711,100,99997,100,98691,100,100036,100,98624,100
2019-06-28 10:00:40.000000000,99568,229,99536,229,99696,225,99441,225,99708,225,99216,225,99740,100,98785,100,99924,200,98777,100,99925,100,98763,100,99946,100,98725,200,99978,200,98711,100,99997,100,98691,100,100036,100,98624,100
2019-06-28 10:00:45.563487187,99560,100,99536,229,99568,229,99441,225,99696,225,99216,225,99708,225,98785,100,99740,100,98777,100,99924,200,98763,100,99925,100,98725,200,99946,100,98711,100,99978,200,98691,100,99997,100,98624,100
2019-06-28 10:00:46.510468733,99560,100,99536,229,99568,229,99441,225,99696,225,99281,100,99708,225,99216,225,99740,100,98785,100,99924,200,98777,100,99925,100,98763,100,99946,100,98725,200,99978,200,98711,100,99997,100,98691,100
2019-06-28 10:00:50.000000000,99560,176,99536,176,99568,176,99441,176,99696,176,99281,176,99708,176,99216,176,99740,176,98785,176,99924,200,98777,100,99925,100,98763,100,99946,100,98725,200,99978,200,98711,100,99997,100,98691,100
2019-06-28 10:01:00.000000000,99560,176,99536,176,99568,176,99441,176,99696,176,99281,176,99708,176,99216,176,99740,176,98785,176,99924,200,98777,100,99925,100,98763,100,99946,100,98725,200,99978,200,98711,100,99997,100,98691,100
2019-06-28 10:01:07.724966180,99560,176,99536,176,99568,176,99441,176,99696,176,99281,176,99708,176,99216,176,99740,176,98890,100,99924,200,98785,176,99925,100,98777,100,99946,100,98763,100,99978,200,98725,200,99997,100,98711,100
2019-06-28 10:01:10.000000000,99560,290,99536,290,99568,290,99441,290,99696,100,99281,100,99708,100,99216,100,99740,100,98890,100,99924,200,98785,100,99925,100,98777,100,99946,100,98763,100,99978,200,98725,200,99997,100,98711,100
2019-06-28 10:01:20.000000000,99560,176,99536,176,99568,176,99441,176,99696,176,99281,176,99708,176,99216,176,99740,176,98890,176,99924,200,98785,100,99925,100,98777,100,99946,100,98763,100,99978,200,98725,200,99997,100,98711,100
2019-06-28 10:01:30.000000000,99560,480,99536,480,99568,100,99441,100,99696,100,99281,100,99708,100,99216,100,99740,100,98890,100,99924,200,98785,100,99925,100,98777,100,99946,100,98763,100,99978,200,98725,200,99997,100,98711,100
2019-06-28 10:01:32.383337079,99560,480,99536,380,99568,100,99441,100,99696,100,99281,100,99708,100,99216,100,99740,100,98890,100,99924,200,98785,100,99925,100,98777,100,99946,100,98763,100,99978,200,98725,200,99997,100,98711,100
2019-06-28 10:01:37.538529685,99560,480,99536,380,99568,100,99441,100,99696,100,99281,100,99708,100,99216,100,99740,100,99157,100,99924,200,98890,100,99925,100,98785,100,99946,100,98777,100,99978,200,98763,100,99997,100,98725,200
2019-06-28 10:01:38.170715786,99560,480,99536,380,99568,100,99441,100,99696,100,99281,100,99708,100,99216,100,99740,100,99157,100,99924,200,99086,100,99925,100,98890,100,99946,100,98785,100,99978,200,98777,100,99997,100,98763,100
2019-06-28 10:01:40.000000000,99560,229,99441,229,99568,225,99281,225,99696,225,99216,225,99708,100,99157,100,99740,100,99086,100,99924,200,98890,100,99925,100,98785,100,99946,100,98777,100,99978,200,98763,100,99997,100,98725,200
2019-06-28 10:01:44.566786184,99559,100,99441,229,99560,229,99281,225,99568,225,99216,225,99696,225,99157,100,99708,100,99086,100,99740,100,98890,100,99924,200,98785,100,99925,100,98777,100,99946,100,98763,100,99978,200,98725,200
2019-06-28 10:01:50.000000000,99559,176,99441,176,99560,176,99281,176,99568,176,99216,176,99696,176,99157,176,99708,176,99086,176,99740,100,98890,100,99924,200,98785,100,99925,100,98777,100,99946,100,98763,100,99978,200,98725,200
2019-06-28 10:02:00.000000000,99559,195,99441,195,99560,195,99281,195,99568,195,99216,195,99696,195,99157,195,99708,100,99086,100,99740,100,98890,100,99924,200,98785,100,99925,100,98777,100,99946,100,98763,100,99978,200,98725,200
2019-06-28 10:02:01.692537349,99559,195,99441,195,99560,195,99281,195,99568,195,99216,195,99696,195,99157,195,99708,100,99086,100,99740,100,98890,100,99924,200,98785,100,99925,100,98777,100,99946,100,98763,100,99978,200,98725,200
2019-06-28 10:02:05.239777057,99559,195,99441,95,99560,195,99281,195,99568,195,99216,95,99696,195,99157,195,99708,100,99086,100,99740,100,98890,100,99924,200,98785,100,99925,100,98777,100,99946,100,98763,100,99978,200,98725,200
2019-06-28 10:02:10.000000000,99559,195,99281,195,99560,195,99157,195,99568,195,99086,195,99696,195,98890,195,99708,100,98785,100,99740,100,98777,100,99924,200,98763,100,99925,100,98725,200,99946,100,98711,100,99978,200,98691,100
2019-06-28 10:02:20.000000000,99559,229,99281,229,99560,225,99157,225,99568,225,99086,225,99696,100,98890,100,99708,100,98785,100,99740,100,98777,100,99924,200,98763,100,99925,100,98725,200,99946,100,98711,100,99978,200,98691,100
2019-06-28 10:02:30.000000000,99559,290,99281,290,99560,290,99157,290,99568,100,99086,100,99696,100,98890,100,99708,100,98785,100,99740,100,98777,100,99924,200,98763,100,99925,100,98725,200,99946,100,98711,100,99978,200,98691,100
2019-06-28 10:02:40.000000000,99559,176,99281,176,99560,176,99157,176,99568,176,99086,176,99696,176,98890,176,99708,176,98785,176,99740,100,98777,100,99924,200,98763,100,99925,100,98725,200,99946,100,98711,100,99978,200,98691,100
2019-06-28 10:02:50.000000000,99559,229,99281,229,99560,225,99157,225,99568,225,99086,225,99696,100,98890,100,99708,100,98785,100,99740,100,98777,100,99924,200,98763,100,99925,100,98725,200,99946,100,98711,100,99978,200,98691,100
2019-06-28 10:03:00.000000000,99559,290,99281,290,99560,290,99157,290,99568,100,99086,100,99696,100,98890,100,99708,100,98785,100,99740,100,98777,100,99924,200,98763,100,99925,100,98725,200,99946,100,98711,100,99978,200,98691,100
2019-06-28 10:03:10.000000000,99559,290,99281,290,99560,290,99157,290,99568,100,99086,100,99696,100,98890,100,99708,100,98785,100,99740,100,98777,100,99924,200,98763,100,99925,100,98725,200,99946,100,98711,100,99978,200,98691,100
2019-06-28 10:03:17.221274185,99536,100,99281,290,99559,190,99157,290,99560,290,99086,100,99568,100,98890,100,99696,100,98785,100,99708,100,98777,100,99740,100,98763,100,99924,200,98725,200,99925,100,98711,100,99946,100,98691,100
2019-06-28 10:03:20.000000000,99536,480,99281,480,99560,100,99157,100,99568,100,99086,100,99696,100,98890,100,99708,100,98785,100,99740,100,98777,100,99924,200,98763,100,99925,100,98725,200,99946,100,98711,100,99978,200,98691,100
2019-06-28 10:03:30.000000000,99536,195,99281,195,99560,195,99157,195,99568,195,99086,195,99696,195,98890,195,99708,100,98785,100,99740,100,98777,100,99924,200,98763,100,99925,100,98725,200,99946,100,98711,100,99978,200,98691,100
2019-06-28 10:03:35.099698827,99536,295,99281,195,99560,195,99157,195,99568,195,99086,195,99696,195,98890,195,99708,100,98785,100,99740,100,98777,100,99924,200,98763,100,99925,100,98725,200,99978,200,98711,100,100096,100,98691,100
2019-06-28 10:03:40.000000000,99536,329,99281,229,99560,225,99157,225,99568,225,99086,225,99696,100,98890,100,99708,100,98785,100,99740,100,98777,100,99924,200,98763,100,99925,100,98725,200,99978,200,98711,100,100096,100,98691,100
2019-06-28 10:03:44.500318412,99536,329,99281,129,99560,225,99157,225,99568,225,99086,225,99696,100,98890,100,99708,100,98785,100,99740,100,98777,100,99924,200,98763,100,99925,100,98725,200,99978,200,98711,100,100096,100,98691,100
2019-06-28 10:03:50.000000000,99536,295,99157,195,99560,195,99086,195,99568,195,98890,195,99696,195,98785,195,99708,100,98777,100,99740,100,98763,100,99924,200,98725,200,99925,100,98711,100,99978,200,98691,100,100096,100,98624,100
2019-06-28 10:03:59.940647419,99441,100,99157,195,99536,295,99086,195,99560,195,98890,195,99568,195,98785,195,99696,195,98777,100,99708,100,98763,100,99740,100,98725,200,99924,200,98711,100,99925,100,98691,100,99978,200,98624,100
2019-06-28 10:04:00.000000000,99441,195,99157,195,99536,295,99086,195,99560,195,98890,195,99568,195,98785,195,99696,100,98777,100,99708,100,98763,100,99740,100,98725,200,99924,200,98711,100,99925,100,98691,100,99978,200,98624,100
2019-06-28 10:04:04.055785942,99441,295,99157,195,99536,295,99086,195,99560,195,98890,195,99568,195,98785,195,99696,100,98777,100,99708,100,98763,100,99740,100,98725,200,99924,200,98711,100,99925,100,98691,100,99978,200,98624,100
2019-06-28 10:04:10.000000000,99441,329,99157,229,99536,325,99086,225,99560,225,98890,225,99568,100,98785,100,99696,100,98777,100,99708,100,98763,100,99740,100,98725,200,99924,200,98711,100,99925,100,98691,100,99978,200,98624,100
2019-06-28 10:04:19.893823628,99441,429,99157,229,99536,325,99086,225,99560,225,98890,225,99568,100,98785,100,99696,100,98777,100,99708,100,98763,100,99740,100,98725,200,99924,200,98711,100,99978,200,98691,100,100096,100,98624,100
2019-06-28 10:04:20.000000000,99441,490,99157,290,99536,390,99086,290,99560,100,98890,100,99568,100,98785,100,99696,100,98777,100,99708,100,98763,100,99740,100,98725,200,99924,200,98711,100,99978,200,98691,100,100096,100,98624,100
2019-06-28 10:04:29.330625699,99441,490,99157,190,99536,390,99086,290,99560,100,98890,100,99568,100,98785,100,99696,100,98777,100,99708,100,98763,100,99740,100,98725,200,99924,200,98711,100,99978,200,98691,100,100096,100,98624,100
2019-06-28 10:04:30.000000000,99441,680,99086,480,99536,200,98890,100,99560,100,98785,100,99568,100,98777,100,99696,100,98763,100,99708,100,98725,200,99740,100,98711,100,99924,200,98691,100,99978,200,98624,100,100096,100,98155,100
2019-06-28 10:04:40.000000000,99441,395,99086,195,99536,295,98890,195,99560,195,98785,195,99568,195,98777,195,99696,100,98763,100,99708,100,98725,200,99740,100,98711,100,99924,200,98691,100,99978,200,98624,100,100096,100,98155,100
2019-06-28 10:04:50.000000000,99441,395,99086,195,99536,295,98890,195,99560,195,98785,195,99568,195,98777,195,99696,100,98763,100,99708,100,98725,200,99740,100,98711,100,99924,200,98691,100,99978,200,98624,100,100096,100,98155,100
2019-06-28 10:04:56.147121877,99441,295,99086,195,99536,295,98890,195,99560,195,98785,195,99568,195,98777,195,99696,100,98763,100,99708,100,98725,200,99740,100,98711,100,99924,200,98691,100,99978,200,98624,100,100096,100,98155,100
2019-06-28 10:05:00.000000000,99441,276,99086,176,99536,276,98890,176,99560,176,98785,176,99568,176,98777,176,99696,176,98763,176,99708,100,98725,200,99740,100,98711,100,99924,200,98691,100,99978,200,98624,100,100096,100,98155,100
2019-06-28 10:05:10.000000000,99441,276,99086,176,99536,276,98890,176,99560,176,98785,176,99568,176,98777,176,99696,176,98763,176,99708,100,98725,200,99740,100,98711,100,99924,200,98691,100,99978,200,98624,100,100096,100,98155,100
2019-06-28 10:05:20.000000000,99441,580,99086,480,99536,200,98890,100,99560,100,98785,100,99568,100,98777,100,99696,100,98763,100,99708,100,98725,200,99740,100,98711,100,99924,200,98691,100,99978,200,98624,100,100096,100,98155,100
2019-06-28 10:05:26.857207058,99441,580,99086,480,99536,200,98890,100,99560,100,98785,100,99568,100,98777,100,99696,100,98763,100,99708,100,98725,200,99740,100,98711,100,99924,100,98691,100,99978,200,98624,100,100096,100,98155,100
2019-06-28 10:05:30.000000000,99441,580,99086,480,99536,200,98890,100,99560,100,98785,100,99568,100,98777,100,99696,100,98763,100,99708,100,98725,200,99740,100,98711,100,99924,100,98691,100,99978,200,98624,100,100096,100,98155,100
2019-06-28 10:05:40.000000000,99441,295,99086,195,99536,295,98890,195,99560,195,98785,195,99568,195,98777,195,99696,100,98763,100,99708,100,98725,200,99740,100,98711,100,99924,100,98691,100,99978,200,98624,100,100096,100,98155,100
2019-06-28 10:05:40.201530199,99441,295,99086,195,99536,295,98890,195,99560,195,98785,195,99568,195,98777,195,99696,100,98763,100,99708,100,98725,200,99740,100,98711,100,99924,100,98694,100,99978,200,98691,100,100096,100,98624,100
2019-06-28 10:05:50.000000000,99441,295,99086,195,99536,295,98890,195,99560,195,98785,195,99568,195,98777,195,99696,100,98763,100,99708,100,98725,200,99740,100,98711,100,99924,100,98694,100,99978,200,98691,100,100096,100,98624,100
2019-06-28 10:06:00.000000000,99441,390,99086,290,99536,390,98890,290,99560,100,98785,100,99568,100,98777,100,99696,100,98763,100,99708,100,98725,200,99740,100,98711,100,99924,100,98694,100,99978,200,98691,100,100096,100,98624,100
2019-06-28 10:06:01.732149562,99441,390,99086,190,99536,390,98890,290,99560,100,98785,100,99568,100,98777,100,99696,100,98763,100,99708,100,98725,100,99740,100,98711,100,99924,100,98694,100,99978,200,98691,100,100096,100,98624,100
2019-06-28 10:06:10.000000000,99441,580,98890,480,99536,200,98785,100,99560,100,98777,100,99568,100,98763,100,99696,100,98725,100,99708,100,98711,100,99740,100,98694,100,99924,100,98691,100,99978,200,98624,100,100096,100,98155,100
2019-06-28 10:06:12.083402858,99441,580,98890,480,99536,200,98785,100,99560,100,98777,100,99568,100,98763,100,99696,100,98740,100,99708,100,98711,100,99740,100,98694,100,99924,100,98691,100,99978,200,98624,100,100096,100,98155,100
2019-06-28 10:06:14.542315697,99441,580,98890,480,99536,200,98870,100,99560,100,98785,100,99568,100,98777,100,99696,100,98763,100,99708,100,98740,100,99740,100,98711,100,99924,100,98694,100,99978,200,98691,100,100096,100,98624,100
2019-06-28 10:06:20.000000000,99441,295,98890,195,99536,295,98870,195,99560,195,98785,195,99568,195,98777,195,99696,100,98763,100,99708,100,98740,100,99740,100,98711,100,99924,100,98694,100,99978,200,98691,100,100096,100,98624,100
2019-06-28 10:06:25.369669180,99441,295,98890,95,99536,295,98870,195,99560,195,98785,195,99568,195,98777,195,99708,100,98763,100,99740,100,98740,100,99924,100,98711,100,99978,200,98694,100,100096,100,98691,100,100301,100,98624,100
2019-06-28 10:06:30.000000000,99441,295,98870,195,99536,295,98785,195,99560,195,98777,195,99568,195,98763,195,99708,100,98740,100,99740,100,98711,100,99924,100,98694,100,99978,200,98691,100,100096,100,98624,100,100301,100,98155,100
2019-06-28 10:06:40.000000000,99441,295,98870,195,99536,295,98785,195,99560,195,98777,195,99568,195,98763,195,99708,100,98740,100,99740,100,98711,100,99924,100,98694,100,99978,200,98691,100,100096,100,98624,100,100301,100,98155,100
2019-06-28 10:06:50.000000000,99441,390,98870,290,99536,390,98785,290,99560,100,98777,100,99568,100,98763,100,99708,100,98740,100,99740,100,98711,100,99924,100,98694,100,99978,200,98691,100,100096,100,98624,100,100301,100,98155,100
2019-06-28 10:07:00.000000000,99441,295,98870,195,99536,295,98785,195,99560,195,98777,195,99568,195,98763,195,99708,100,98740,100,99740,100,98711,100,99924,100,98694,100,99978,200,98691,100,100096,100,98624,100,100301,100,98155,100
2019-06-28 10:07:04.494233715,99441,295,98870,95,99536,295,98785,195,99560,195,98777,195,99568,195,98763,195,99708,100,98740,100,99740,100,98711,100,99924,100,98694,100,99978,200,98691,100,100096,100,98624,100,100301,100,98155,100
2019-06-28 10:07:10.000000000,99441,276,98785,176,99536,276,98777,176,99560,176,98763,176,99568,176,98740,176,99708,176,98711,176,99740,100,98694,100,99924,100,98691,100,99978,200,98624,100,100096,100,98155,100,100301,100,,
2019-06-28 10:07:20.000000000,99441,329,98785,229,99536,325,98777,225,99560,225,98763,225,99568,100,98740,100,99708,100,98711,100,99740,100,98694,100,99924,100,98691,100,99978,200,98624,100,100096,100,98155,100,100301,100,,
2019-06-28 10:07:30.000000000,99441,329,98785,229,99536,325,98777,225,99560,225,98763,225,99568,100,98740,100,99708,100,98711,100,99740,100,98694,100,99924,100,98691,100,99978,200,98624,100,100096,100,98155,100,100301,100,,
2019-06-28 10:07:30.336228541,99441,329,98785,129,99536,325,98777,225,99560,225,98763,225,99568,100,98740,100,99708,100,98711,100,99740,100,98694,100,99924,100,98691,100,99978,200,98624,100,100096,100,98155,100,100301,100,,
2019-06-28 10:07:39.348918007,98870,100,98785,129,99441,329,98777,225,99536,325,98763,225,99560,225,98740,100,99568,100,98711,100,99708,100,98694,100,99740,100,98691,100,99924,100,98624,100,99978,200,98155,100,100096,100,,
2019-06-28 10:07:40.000000000,98870,480,98777,480,99441,200,98763,100,99536,200,98740,100,99560,100,98711,100,99568,100,98694,100,99708,100,98691,100,99740,100,98624,100,99924,100,98155,100,99978,200,,,100096,100,,
