,ask_price_1,ask_size_1,bid_price_1,bid_size_1,ask_price_2,ask_size_2,bid_price_2,bid_size_2,ask_price_3,ask_size_3,bid_price_3,bid_size_3,ask_price_4,ask_size_4,bid_price_4,bid_size_4,ask_price_5,ask_size_5,bid_price_5,bid_size_5,ask_price_6,ask_size_6,bid_price_6,bid_size_6,ask_price_7,ask_size_7,bid_price_7,bid_size_7,ask_price_8,ask_size_8,bid_price_8,bid_size_8,ask_price_9,ask_size_9,bid_price_9,bid_size_9,ask_price_10,ask_size_10,bid_price_10,bid_size_10
2019-06-28 09:30:00.000000001,100042,100,99943,100,,,,,,,,,,,,,,,,,,,,,,,,,,,,,,,,,,,,
2019-06-28 09:30:00.000000002,,,99943,100,,,,,,,,,,,,,,,,,,,,,,,,,,,,,,,,,,,,
2019-06-28 09:30:00.000000003,100102,100,99943,100,,,,,,,,,,,,,,,,,,,,,,,,,,,,,,,,,,,,
2019-06-28 09:30:00.000000004,100102,100,99956,100,,,99943,100,,,,,,,,,,,,,,,,,,,,,,,,,,,,,,,,
2019-06-28 09:30:00.000000006,100102,100,99956,100,100238,100,99943,100,,,,,,,,,,,,,,,,,,,,,,,,,,,,,,,,
2019-06-28 09:30:00.000000007,100102,100,99956,100,100238,100,99943,100,,,99895,100,,,,,,,,,,,,,,,,,,,,,,,,,,,,
2019-06-28 09:30:00.000000008,100095,100,99956,100,100102,100,99943,100,100238,100,99895,100,,,,,,,,,,,,,,,,,,,,,,,,,,,,
2019-06-28 09:30:00.000000009,100083,100,99956,100,100095,100,99943,100,100102,100,99895,100,100238,100,,,,,,,,,,,,,,,,,,,,,,,,,,
2019-06-28 09:30:00.000000010,100083,100,99956,100,100091,100,99943,100,100095,100,99895,100,100102,100,99844,100,100238,100,99828,100,,,,,,,,,,,,,,,,,,,,
2019-06-28 09:30:00.000000012,100083,100,99956,100,100091,100,99943,100,100095,100,99895,100,100102,100,99878,100,100238,100,99844,100,,,99828,100,,,,,,,,,,,,,,,,
2019-06-28 09:30:00.000000013,100083,100,99956,100,100091,100,99943,100,100095,100,99895,100,100102,100,99878,100,100195,100,99844,100,100238,100,99828,100,,,,,,,,,,,,,,,,
2019-06-28 09:30:00.000000014,100081,100,99956,100,100083,100,99943,100,100091,100,99895,100,100095,100,99886,100,100102,100,99878,100,100195,100,99874,100,100238,100,99844,100,,,99828,100,,,,,,,,
2019-06-28 09:30:00.000000015,99995,100,99956,100,100081,100,99943,100,100083,100,99895,100,100091,100,99886,100,100095,100,99878,100,100102,100,99874,100,100195,100,99844,100,100238,100,99828,100,,,,,,,,
2019-06-28 09:30:00.000000023,99995,100,99956,100,100081,100,99943,100,100083,100,99895,100,100091,100,99886,100,100095,100,99878,100,100102,100,99874,100,100158,100,99844,100,100195,100,99828,100,100238,100,,,,,,
2019-06-28 09:30:00.000000027,100081,100,99956,100,100083,100,99943,100,100091,100,99895,100,100095,100,99886,100,100102,100,99878,100,100158,100,99874,100,100195,100,99849,100,100238,100,99844,100,,,99828,100,,,,
2019-06-28 09:30:00.000000028,100042,100,99956,100,100081,100,99943,100,100083,100,99895,100,100091,100,99886,100,100095,100,99878,100,100102,100,99874,100,100158,100,99849,100,100195,100,99844,100,100238,100,99828,100,,,,
2019-06-28 09:30:00.000000029,100081,100,99956,100,100083,100,99943,100,100084,100,99895,100,100091,100,99886,100,100095,100,99878,100,100102,100,99874,100,100158,100,99849,100,100195,100,99844,100,100238,100,99828,100,,,,
2019-06-28 09:30:00.000000030,100081,100,99956,100,100083,100,99943,100,100084,100,99895,100,100091,100,99886,100,100095,100,99878,100,100102,100,99874,100,100106,100,99849,100,100158,100,99844,100,100195,100,99828,100,100238,100,,
2019-06-28 09:30:00.000000034,99980,100,99956,100,100081,100,99943,100,100083,100,99895,100,100084,100,99886,100,100091,100,99878,100,100092,100,99874,100,100095,100,99849,100,100102,100,99844,100,100106,100,99828,100,100158,100,,
2019-06-28 09:30:00.000000035,99980,100,99956,100,100008,100,99943,100,100081,100,99895,100,100083,100,99886,100,100084,100,99878,100,100091,100,99874,100,100092,100,99849,100,100095,100,99844,100,100102,100,99828,100,100106,100,,
2019-06-28 09:30:00.000000036,100008,100,99956,100,100081,100,99943,100,100083,100,99895,100,100084,100,99886,100,100091,100,99878,100,100092,100,99874,100,100095,100,99849,100,100102,100,99844,100,100106,100,99828,100,100158,100,,
2019-06-28 09:30:00.000000040,100008,100,99980,100,100081,100,99956,100,100083,100,99943,100,100084,100,99895,100,100091,100,99886,100,100092,100,99878,100,100095,100,99874,100,100102,100,99849,100,100106,100,99844,100,100158,100,99828,100
2019-06-28 09:30:00.000000042,100008,100,99980,100,100042,100,99956,100,100081,100,99943,100,100083,100,99895,100,100084,100,99886,100,100091,100,99878,100,100092,100,99874,100,100095,100,99849,100,100102,100,99844,100,100106,100,99828,100
2019-06-28 09:30:00.000000043,100008,100,99980,100,100042,100,99956,100,100081,100,99943,100,100083,100,99939,100,100084,100,99895,100,100091,100,99886,100,100092,100,99878,100,100095,100,99874,100,100102,100,99849,100,100106,100,99844,100
2019-06-28 09:30:00.000000045,100008,100,99982,100,100042,100,99980,100,100081,100,99956,100,100083,100,99943,100,100084,100,99939,100,100091,100,99895,100,100092,100,99886,100,100095,100,99878,100,100102,100,99874,100,100106,100,99849,100
2019-06-28 09:30:00.000000047,100008,100,99982,100,100042,100,99980,100,100081,100,99956,100,100083,100,99943,100,100084,100,99939,100,100091,100,99895,100,100092,100,99886,100,100095,100,99878,100,100102,100,99874,100,100106,100,99861,100
2019-06-28 09:30:00.000000050,100008,100,99982,100,100042,200,99980,100,100081,100,99956,100,100083,100,99943,100,100084,100,99939,100,100091,100,99895,100,100092,100,99886,100,100095,100,99878,100,100102,100,99874,100,100106,100,99861,100
2019-06-28 09:30:00.000000051,100008,100,99982,100,100042,200,99980,200,100081,100,99956,100,100083,100,99943,100,100084,100,99939,100,100091,100,99895,100,100092,100,99886,100,100095,100,99878,100,100102,100,99874,100,100106,100,99861,100
2019-06-28 09:30:00.000000055,100008,100,99982,100,100042,300,99980,200,100081,100,99956,100,100083,100,99943,100,100084,100,99939,100,100091,100,99895,100,100092,100,99886,100,100095,100,99878,100,100102,100,99874,100,100106,100,99861,100
2019-06-28 09:30:00.000000058,100008,100,99982,100,100042,300,99980,200,100081,100,99956,100,100083,100,99943,100,100084,100,99939,100,100091,100,99895,100,100092,200,99886,100,100095,100,99878,100,100102,100,99874,100,100106,100,99861,100
2019-06-28 09:30:00.000000059,100008,100,99982,100,100042,400,99980,200,100081,100,99956,100,100083,100,99943,100,100084,100,99939,100,100091,100,99895,100,100092,200,99886,100,100093,100,99878,100,100095,100,99874,100,100102,100,99861,100
2019-06-28 09:30:00.000000060,100008,100,99982,100,100042,400,99980,200,100081,100,99956,100,100083,100,99943,100,100084,100,99939,100,100091,100,99895,100,100092,200,99886,100,100093,100,99878,100,100095,100,99874,100,100100,100,99861,100
2019-06-28 09:30:00.000000062,100008,100,99982,100,100042,400,99980,200,100081,100,99956,100,100083,100,99943,100,100084,100,99939,100,100091,100,99924,100,100092,200,99895,100,100093,100,99886,100,100095,100,99878,100,100100,100,99874,100
2019-06-28 09:30:00.000000063,100008,100,99982,100,100020,100,99980,200,100042,400,99956,100,100081,100,99943,100,100083,100,99939,100,100084,100,99924,100,100091,100,99895,100,100092,200,99886,100,100093,100,99878,100,100095,100,99874,100
2019-06-28 09:30:00.000000064,100007,100,99982,100,100008,100,99980,200,100020,100,99956,100,100023,100,99943,100,100042,400,99939,100,100081,100,99924,100,100083,100,99895,100,100084,100,99886,100,100091,100,99878,100,100092,200,99874,100
2019-06-28 09:30:00.000000065,100007,100,99980,200,100008,100,99956,100,100020,100,99943,100,100023,100,99939,100,100042,400,99924,100,100081,100,99895,100,100083,100,99886,100,100084,100,99878,100,100091,100,99874,100,100092,200,99861,100
2019-06-28 09:30:00.000000067,100007,100,99982,100,100008,100,99980,200,100020,100,99956,100,100023,100,99943,100,100042,400,99939,100,100081,100,99924,100,100083,100,99895,100,100084,100,99886,100,100091,100,99878,100,100092,200,99874,100
2019-06-28 09:30:00.000000072,100007,100,99982,100,100008,100,99980,200,100020,100,99956,100,100023,100,99943,100,100042,400,99939,100,100081,100,99924,100,100083,100,99895,100,100084,100,99886,100,100091,100,99878,100,100092,200,99874,100
2019-06-28 09:30:00.000000073,100007,100,99982,100,100008,100,99980,200,100020,100,99956,100,100023,100,99943,100,100042,400,99939,100,100062,100,99924,100,100081,100,99895,100,100083,100,99886,100,100084,100,99878,100,100091,100,99874,100
2019-06-28 09:30:00.000000074,100007,100,99982,100,100008,100,99980,200,100020,100,99956,100,100023,100,99943,100,100042,400,99939,100,100062,100,99924,100,100081,100,99895,100,100083,100,99886,100,100084,100,99878,100,100087,100,99874,100
2019-06-28 09:30:00.000000075,100007,100,99982,100,100008,100,99980,200,100020,100,99979,100,100023,100,99956,100,100042,400,99943,100,100062,100,99939,100,100081,100,99924,100,100083,100,99895,100,100084,100,99886,100,100087,100,99878,100
2019-06-28 09:30:00.000000076,100007,100,99982,100,100008,100,99980,200,100020,100,99979,100,100023,100,99956,100,100042,400,99943,100,100062,100,99939,100,100081,100,99924,100,100083,100,99895,100,100084,100,99886,100,100087,100,99878,100
2019-06-28 09:30:00.000000081,100007,100,99982,100,100008,100,99980,200,100020,100,99979,100,100023,100,99956,100,100042,400,99943,100,100062,100,99939,100,100081,100,99924,100,100083,100,99895,100,100084,100,99886,100,100087,100,99878,100
2019-06-28 09:30:00.000000082,100007,100,99982,100,100008,100,99980,200,100020,100,99979,100,100023,100,99956,100,100042,400,99943,100,100062,100,99939,100,100081,100,99924,100,100083,100,99895,100,100084,100,99886,100,100087,100,99878,100
2019-06-28 09:30:00.000000084,100007,100,99982,100,100008,100,99980,200,100020,100,99979,100,100023,100,99972,100,100042,400,99956,100,100062,100,99943,100,100081,100,99939,100,100083,100,99924,100,100084,100,99895,100,100087,100,99886,100
2019-06-28 09:30:00.000000087,99995,100,99982,100,100007,100,99980,200,100008,100,99979,100,100020,100,99972,100,100023,100,99956,100,100042,400,99943,100,100062,100,99939,100,100081,100,99924,100,100083,100,99895,100,100084,100,99886,100
2019-06-28 09:30:00.000000090,99995,100,99982,100,100007,100,99980,200,100008,100,99979,100,100020,100,99972,100,100023,100,99956,100,100042,400,99943,100,100050,100,99939,100,100062,100,99924,100,100081,100,99895,100,100083,100,99886,100
2019-06-28 09:30:00.000000092,99995,100,99982,100,100007,100,99980,200,100008,100,99979,100,100020,100,99972,100,100023,100,99956,100,100042,400,99951,100,100050,100,99943,100,100062,100,99939,100,100081,100,99924,100,100083,100,99895,100
2019-06-28 09:30:00.000000097,99995,100,99982,100,100007,100,99980,200,100008,100,99979,100,100020,100,99972,100,100023,100,99956,100,100042,400,99951,100,100050,100,99943,100,100062,100,99940,100,100081,100,99939,100,100083,100,99924,100
2019-06-28 09:30:10.000000000,99995,245,99982,245,100007,245,99980,345,100008,100,99979,100,100020,100,99972,100,100023,100,99956,100,100042,400,99951,100,100050,100,99943,100,100062,100,99940,100,100081,100,99939,100,100083,100,99924,100
2019-06-28 09:30:17.601511443,99995,245,99982,245,100007,245,99980,345,100008,100,99979,100,100020,100,99972,100,100042,400,99958,100,100050,100,99956,100,100062,100,99951,100,100081,100,99943,100,100083,100,99940,100,100084,100,99939,100
2019-06-28 09:30:20.000000000,99995,245,99982,245,100007,245,99980,345,100008,100,99979,100,100020,100,99972,100,100042,400,99958,100,100050,100,99956,100,100062,100,99951,100,100081,100,99943,100,100083,100,99940,100,100084,100,99939,100
2019-06-28 09:30:30.000000000,99995,390,99982,390,100007,100,99980,200,100008,100,99979,100,100020,100,99972,100,100042,400,99958,100,100050,100,99956,100,100062,100,99951,100,100081,100,99943,100,100083,100,99940,100,100084,100,99939,100
2019-06-28 09:30:40.000000000,99995,199,99982,199,100007,196,99980,296,100008,196,99979,196,100020,100,99972,100,100042,400,99958,100,100050,100,99956,100,100062,100,99951,100,100081,100,99943,100,100083,100,99940,100,100084,100,99939,100
2019-06-28 09:30:50.000000000,99995,172,99982,172,100007,172,99980,272,100008,172,99979,172,100020,172,99972,172,100042,400,99958,100,100050,100,99956,100,100062,100,99951,100,100081,100,99943,100,100083,100,99940,100,100084,100,99939,100
2019-06-28 09:31:00.000000000,99995,158,99982,158,100007,158,99980,258,100008,158,99979,158,100020,158,99972,158,100042,458,99958,158,100050,100,99956,100,100062,100,99951,100,100081,100,99943,100,100083,100,99940,100,100084,100,99939,100
2019-06-28 09:31:02.080272579,99995,58,99982,158,100007,158,99980,258,100008,158,99979,158,100020,158,99972,158,100042,458,99958,158,100050,100,99956,100,100062,100,99951,100,100081,100,99943,100,100083,100,99940,100,100084,100,99939,100
2019-06-28 09:31:10.000000000,100007,199,99982,199,100008,196,99980,296,100020,196,99979,196,100042,400,99972,100,100050,100,99958,100,100062,100,99956,100,100081,100,99951,100,100083,100,99943,100,100084,100,99940,100,100087,100,99939,100
2019-06-28 09:31:14.812160135,100007,99,99982,199,100008,196,99980,296,100020,196,99979,196,100042,400,99972,100,100050,100,99958,100,100062,100,99956,100,100081,100,99951,100,100083,100,99943,100,100087,100,99940,100,100091,100,99939,100
2019-06-28 09:31:20.000000000,100008,245,99982,245,100020,245,99980,345,100042,400,99979,100,100050,100,99972,100,100062,100,99958,100,100081,100,99956,100,100083,100,99951,100,100087,100,99943,100,100091,100,99940,100,100092,200,99939,100
2019-06-28 09:31:21.828665847,100008,245,99982,245,100020,245,99980,345,100042,400,99979,100,100050,100,99972,100,100062,100,99958,100,100081,100,99956,100,100083,100,99951,100,100087,100,99943,100,100091,100,99940,100,100092,200,99939,100
2019-06-28 09:31:30.000000000,100008,199,99982,199,100020,196,99980,296,100042,496,99979,196,100050,100,99972,100,100062,100,99958,100,100081,100,99956,100,100083,100,99951,100,100087,100,99943,100,100091,100,99940,100,100092,200,99939,100
2019-06-28 09:31:34.972761558,100008,99,99982,199,100020,196,99980,296,100042,496,99979,196,100050,100,99972,100,100062,100,99958,100,100081,100,99956,100,100083,100,99951,100,100087,100,99943,100,100091,100,99940,100,100092,200,99939,100
2019-06-28 09:31:40.000000000,100020,199,99982,199,100042,496,99980,296,100050,196,99979,196,100062,100,99972,100,100081,100,99958,100,100083,100,99956,100,100087,100,99951,100,100091,100,99943,100,100092,200,99940,100,100093,100,99939,100
2019-06-28 09:31:50.000000000,100020,199,99982,199,100042,496,99980,296,100050,196,99979,196,100062,100,99972,100,100081,100,99958,100,100083,100,99956,100,100087,100,99951,100,100091,100,99943,100,100092,200,99940,100,100093,100,99939,100
2019-06-28 09:31:59.779480033,100020,199,99982,199,100042,496,99980,296,100050,196,99979,196,100062,100,99972,100,100081,100,99958,100,100083,100,99956,100,100087,100,99951,100,100091,100,99943,100,100092,200,99940,100,100093,100,99939,100
2019-06-28 09:32:00.000000000,100020,390,99982,390,100042,400,99980,200,100050,100,99979,100,100062,100,99972,100,100081,100,99958,100,100083,100,99956,100,100087,100,99951,100,100091,100,99943,100,100092,200,99940,100,100093,100,99939,100
2019-06-28 09:32:10.000000000,100020,158,99982,158,100042,458,99980,258,100050,158,99979,158,100062,158,99972,158,100081,158,99958,158,100083,100,99956,100,100087,100,99951,100,100091,100,99943,100,100092,200,99940,100,100093,100,99939,100
2019-06-28 09:32:20.000000000,100020,158,99982,158,100042,458,99980,258,100050,158,99979,158,100062,158,99972,158,100081,158,99958,158,100083,100,99956,100,100087,100,99951,100,100091,100,99943,100,100092,200,99940,100,100093,100,99939,100
2019-06-28 09:32:24.748923065,100020,158,99982,158,100042,458,99980,258,100050,158,99979,158,100062,158,99972,158,100081,158,99958,158,100083,100,99956,100,100087,100,99951,100,100091,100,99943,100,100092,200,99940,100,100093,100,99924,100
2019-06-28 09:32:30.000000000,100020,390,99982,390,100042,400,99980,200,100050,100,99979,100,100062,100,99972,100,100081,100,99958,100,100083,100,99956,100,100087,100,99951,100,100091,100,99943,100,100092,200,99940,100,100093,100,99924,100
2019-06-28 09:32:40.000000000,100020,245,99982,245,100042,545,99980,345,100050,100,99979,100,100062,100,99972,100,100081,100,99958,100,100083,100,99956,100,100087,100,99951,100,100091,100,99943,100,100092,200,99940,100,100093,100,99924,100
2019-06-28 09:32:50.000000000,100020,245,99982,245,100042,545,99980,345,100050,100,99979,100,100062,100,99972,100,100081,100,99958,100,100083,100,99956,100,100087,100,99951,100,100091,100,99943,100,100092,200,99940,100,100093,100,99924,100
2019-06-28 09:33:00.000000000,100020,172,99982,172,100042,472,99980,272,100050,172,99979,172,100062,172,99972,172,100081,100,99958,100,100083,100,99956,100,100087,100,99951,100,100091,100,99943,100,100092,200,99940,100,100093,100,99924,100
2019-06-28 09:33:10.000000000,100020,199,99982,199,100042,496,99980,296,100050,196,99979,196,100062,100,99972,100,100081,100,99958,100,100083,100,99956,100,100087,100,99951,100,100091,100,99943,100,100092,200,99940,100,100093,100,99924,100
2019-06-28 09:33:20.000000000,100020,245,99982,245,100042,545,99980,345,100050,100,99979,100,100062,100,99972,100,100081,100,99958,100,100083,100,99956,100,100087,100,99951,100,100091,100,99943,100,100092,200,99940,100,100093,100,99924,100
2019-06-28 09:33:28.754555733,100020,145,99982,245,100042,545,99980,345,100050,100,99979,100,100062,100,99972,100,100081,100,99958,100,100083,100,99956,100,100087,100,99951,100,100091,100,99943,100,100092,200,99940,100,100093,100,99924,100
2019-06-28 09:33:30.000000000,100042,472,99982,172,100050,172,99980,272,100062,172,99979,172,100081,172,99972,172,100083,100,99958,100,100087,100,99956,100,100091,100,99951,100,100092,200,99943,100,100093,100,99940,100,100095,100,99924,100
2019-06-28 09:33:40.000000000,100042,499,99982,199,100050,196,99980,296,100062,196,99979,196,100081,100,99972,100,100083,100,99958,100,100087,100,99956,100,100091,100,99951,100,100092,200,99943,100,100093,100,99940,100,100095,100,99924,100
2019-06-28 09:33:40.559140332,100042,399,99982,199,100050,196,99980,296,100062,196,99979,196,100081,100,99972,100,100083,100,99958,100,100087,100,99956,100,100091,100,99951,100,100092,200,99943,100,100093,100,99940,100,100095,100,99924,100
2019-06-28 09:33:44.796052788,100042,399,99982,199,100050,196,99980,196,100062,196,99979,196,100081,100,99972,100,100083,100,99958,100,100087,100,99956,100,100091,100,99951,100,100092,200,99943,100,100093,100,99940,100,100095,100,99924,100
2019-06-28 09:33:50.000000000,100042,590,99982,390,100050,100,99980,100,100062,100,99979,100,100081,100,99972,100,100083,100,99958,100,100087,100,99956,100,100091,100,99951,100,100092,200,99943,100,100093,100,99940,100,100095,100,99924,100
2019-06-28 09:34:00.000000000,100042,372,99982,172,100050,172,99980,172,100062,172,99979,172,100081,172,99972,172,100083,100,99958,100,100087,100,99956,100,100091,100,99951,100,100092,200,99943,100,100093,100,99940,100,100095,100,99924,100
2019-06-28 09:34:09.567129493,100042,372,100020,100,100050,172,99982,172,100062,172,99980,172,100081,172,99979,172,100083,100,99972,172,100087,100,99958,100,100091,100,99956,100,100092,200,99951,100,100093,100,99943,100,100095,100,99940,100
2019-06-28 09:34:10.000000000,100042,445,100020,245,100050,245,99982,245,100062,100,99980,100,100081,100,99979,100,100083,100,99972,100,100087,100,99958,100,100091,100,99956,100,100092,200,99951,100,100093,100,99943,100,100095,100,99940,100
2019-06-28 09:34:19.689270737,100042,445,100020,245,100050,245,99982,245,100062,100,99980,100,100081,100,99979,100,100083,100,99972,100,100087,100,99958,100,100091,100,99956,100,100092,200,99951,100,100093,100,99943,100,100095,100,99940,100
2019-06-28 09:34:20.000000000,100042,399,100020,199,100050,196,99982,196,100062,196,99980,196,100081,100,99979,100,100083,100,99972,100,100087,100,99958,100,100091,100,99956,100,100092,200,99951,100,100093,100,99943,100,100095,100,99940,100
2019-06-28 09:34:30.000000000,100042,358,100020,158,100050,158,99982,158,100062,158,99980,158,100081,158,99979,158,100083,158,99972,158,100087,100,99958,100,100091,100,99956,100,100092,200,99951,100,100093,100,99943,100,100095,100,99940,100
2019-06-28 09:34:40.000000000,100042,590,100020,390,100050,100,99982,100,100062,100,99980,100,100081,100,99979,100,100083,100,99972,100,100087,100,99958,100,100091,100,99956,100,100092,200,99951,100,100093,100,99943,100,100095,100,99940,100
2019-06-28 09:34:50.000000000,100042,590,100020,390,100050,100,99982,100,100062,100,99980,100,100081,100,99979,100,100083,100,99972,100,100087,100,99958,100,100091,100,99956,100,100092,200,99951,100,100093,100,99943,100,100095,100,99940,100
2019-06-28 09:34:57.419856611,100042,590,100020,390,100050,100,99982,100,100062,100,99980,100,100081,100,99979,100,100083,100,99972,100,100087,100,99958,100,100091,100,99956,100,100092,200,99951,100,100093,100,99943,100,100095,100,99940,100
2019-06-28 09:35:00.000000000,100042,399,100020,199,100050,196,99982,196,100062,196,99980,196,100081,100,99979,100,100083,100,99972,100,100087,100,99958,100,100091,100,99956,100,100092,200,99951,100,100093,100,99943,100,100095,100,99940,100
2019-06-28 09:35:10.000000000,100042,590,100020,390,100050,100,99982,100,100062,100,99980,100,100081,100,99979,100,100083,100,99972,100,100087,100,99958,100,100091,100,99956,100,100092,200,99951,100,100093,100,99943,100,100095,100,99940,100
2019-06-28 09:35:12.548459418,100042,590,100020,390,100050,100,99982,100,100062,100,99980,100,100081,100,99979,100,100083,100,99972,100,100087,100,99958,100,100091,100,99956,100,100092,200,99951,100,100093,100,99943,100,100095,100,99940,100
2019-06-28 09:35:20.000000000,100042,445,100020,245,100050,245,99982,245,100062,100,99980,100,100081,100,99979,100,100083,100,99972,100,100087,100,99958,100,100091,100,99956,100,100092,200,99951,100,100093,100,99943,100,100095,100,99940,100
2019-06-28 09:35:30.000000000,100042,358,100020,158,100050,158,99982,158,100062,158,99980,158,100081,158,99979,158,100083,158,99972,158,100087,100,99958,100,100091,100,99956,100,100092,200,99951,100,100093,100,99943,100,100095,100,99940,100
2019-06-28 09:35:38.775870752,100042,358,100020,158,100050,158,99982,58,100062,158,99980,158,100081,158,99979,158,100083,158,99972,158,100087,100,99958,100,100091,100,99956,100,100092,200,99951,100,100093,100,99943,100,100095,100,99940,100
2019-06-28 09:35:40.000000000,100042,372,100020,172,100050,172,99980,172,100062,172,99979,172,100081,172,99972,172,100083,100,99958,100,100087,100,99956,100,100091,100,99951,100,100092,200,99943,100,100093,100,99940,100,100095,100,99924,100
2019-06-28 09:35:48.098606466,100042,372,100020,272,100050,172,99980,172,100062,172,99979,172,100081,172,99972,172,100083,100,99958,100,100087,100,99956,100,100091,100,99951,100,100092,200,99943,100,100093,100,99940,100,100095,100,99924,100
2019-06-28 09:35:50.000000000,100042,399,100020,299,100050,196,99980,196,100062,196,99979,196,100081,100,99972,100,100083,100,99958,100,100087,100,99956,100,100091,100,99951,100,100092,200,99943,100,100093,100,99940,100,100095,100,99924,100
2019-06-28 09:35:58.287354583,100042,399,100020,299,100050,196,99980,196,100062,196,99979,196,100081,100,99972,100,100083,100,99958,100,100087,100,99956,100,100091,100,99943,100,100092,200,99940,100,100093,100,99924,100,100095,100,99895,100
2019-06-28 09:35:59.656762282,100042,299,100020,299,100050,196,99980,196,100062,196,99979,196,100081,100,99972,100,100083,100,99958,100,100087,100,99956,100,100091,100,99943,100,100092,200,99940,100,100093,100,99924,100,100095,100,99895,100
2019-06-28 09:36:00.000000000,100042,490,100020,490,100050,100,99980,100,100062,100,99979,100,100081,100,99972,100,100083,100,99958,100,100087,100,99956,100,100091,100,99943,100,100092,200,99940,100,100093,100,99924,100,100095,100,99895,100
2019-06-28 09:36:10.000000000,100042,299,100020,299,100050,196,99980,196,100062,196,99979,196,100081,100,99972,100,100083,100,99958,100,100087,100,99956,100,100091,100,99943,100,100092,200,99940,100,100093,100,99924,100,100095,100,99895,100
2019-06-28 09:36:12.320036360,100042,199,100020,299,100050,196,99980,196,100062,196,99979,196,100081,100,99972,100,100083,100,99958,100,100087,100,99956,100,100091,100,99943,100,100092,200,99940,100,100093,100,99924,100,100095,100,99895,100
2019-06-28 09:36:12.350863674,100042,99,100020,299,100050,196,99980,196,100062,196,99979,196,100081,100,99972,100,100083,100,99958,100,100087,100,99956,100,100092,200,99943,100,100093,100,99940,100,100095,100,99924,100,100098,100,99895,100
2019-06-28 09:36:20.000000000,100050,245,100020,345,100062,245,99980,245,100081,100,99979,100,100083,100,99972,100,100087,100,99958,100,100092,200,99956,100,100093,100,99943,100,100095,100,99940,100,100098,100,99924,100,100100,100,99895,100
2019-06-28 09:36:30.000000000,100050,390,100020,490,100062,100,99980,100,100081,100,99979,100,100083,100,99972,100,100087,100,99958,100,100092,200,99956,100,100093,100,99943,100,100095,100,99940,100,100098,100,99924,100,100100,100,99895,100
2019-06-28 09:36:40.000000000,100050,158,100020,258,100062,158,99980,158,100081,158,99979,158,100083,158,99972,158,100087,158,99958,158,100092,200,99956,100,100093,100,99943,100,100095,100,99940,100,100098,100,99924,100,100100,100,99895,100
2019-06-28 09:36:43.951697028,100050,158,100042,100,100062,158,100020,258,100081,158,99980,158,100083,158,99979,158,100087,158,99972,158,100092,200,99958,158,100093,100,99956,100,100095,100,99943,100,100098,100,99940,100,100100,100,99924,100
2019-06-28 09:36:45.775522339,100050,158,100042,100,100062,158,100020,258,100081,158,99980,158,100083,158,99979,158,100087,158,99972,158,100092,200,99958,158,100093,100,99956,100,100095,100,99943,100,100098,100,99940,100,100100,100,99924,100
2019-06-28 09:36:46.503550678,100050,158,100042,100,100062,158,100020,258,100081,158,99980,158,100083,158,99979,158,100087,158,99972,158,100092,200,99958,158,100093,100,99956,100,100095,100,99943,100,100098,100,99940,100,100100,100,99924,100
2019-06-28 09:36:50.000000000,100050,158,100042,158,100062,158,100020,258,100081,158,99980,158,100083,158,99979,158,100087,158,99972,158,100092,200,99958,100,100093,100,99956,100,100095,100,99943,100,100098,100,99940,100,100100,100,99924,100
2019-06-28 09:37:00.000000000,100050,245,100042,245,100062,245,100020,345,100081,100,99980,100,100083,100,99979,100,100087,100,99972,100,100092,200,99958,100,100093,100,99956,100,100095,100,99943,100,100098,100,99940,100,100100,100,99924,100
2019-06-28 09:37:04.832057412,100050,145,100042,245,100062,245,100020,345,100081,100,99980,100,100083,100,99979,100,100087,100,99972,100,100092,200,99958,100,100093,100,99956,100,100095,100,99943,100,100098,100,99940,100,100100,100,99924,100
2019-06-28 09:37:07.149240797,100050,45,100042,245,100062,245,100020,345,100081,100,99980,100,100083,100,99979,100,100087,100,99972,100,100092,100,99958,100,100093,100,99956,100,100095,100,99943,100,100098,100,99940,100,100100,100,99924,100
2019-06-28 09:37:09.106835024,100062,245,100050,55,100081,100,100042,245,100083,100,100020,345,100087,100,99980,100,100092,100,99979,100,100093,100,99972,100,100095,100,99958,100,100098,100,99956,100,100100,100,99943,100,100106,100,99940,100
2019-06-28 09:37:10.000000000,100062,245,100050,200,100081,245,100042,245,100083,100,100020,200,100087,100,99980,100,100092,100,99979,100,100093,100,99972,100,100095,100,99958,100,100098,100,99956,100,100100,100,99943,100,100106,100,99940,100
2019-06-28 09:37:20.000000000,100062,172,100050,127,100081,172,100042,172,100083,172,100020,272,100087,172,99980,172,100092,100,99979,100,100093,100,99972,100,100095,100,99958,100,100098,100,99956,100,100100,100,99943,100,100106,100,99940,100
2019-06-28 09:37:30.000000000,100062,390,100050,345,100081,100,100042,100,100083,100,100020,200,100087,100,99980,100,100092,100,99979,100,100093,100,99972,100,100095,100,99958,100,100098,100,99956,100,100100,100,99943,100,100106,100,99940,100
2019-06-28 09:37:37.255968578,100062,290,100050,345,100081,100,100042,100,100083,100,100020,200,100087,100,99980,100,100092,100,99979,100,100093,100,99972,100,100095,100,99958,100,100098,100,99956,100,100100,100,99943,100,100106,100,99940,100
2019-06-28 09:37:40.000000000,100081,172,100050,127,100083,172,100042,172,100087,172,100020,272,100092,172,99980,172,100093,100,99979,100,100095,100,99972,100,100098,100,99958,100,100100,100,99956,100,100106,100,99943,100,100113,100,99940,100
2019-06-28 09:37:46.874619042,100081,172,100050,27,100083,172,100042,172,100087,172,100020,272,100092,172,99980,172,100093,100,99972,100,100095,100,99958,100,100098,100,99956,100,100100,100,99943,100,100106,100,99940,100,100113,100,99895,100
2019-06-28 09:37:50.000000000,100081,199,100042,199,100083,196,100020,296,100087,196,99980,196,100092,100,99972,100,100093,100,99958,100,100095,100,99956,100,100098,100,99943,100,100100,100,99940,100,100106,100,99895,100,100113,100,99886,100
2019-06-28 09:38:00.000000000,100081,245,100042,245,100083,245,100020,345,100087,100,99980,100,100092,100,99972,100,100093,100,99958,100,100095,100,99956,100,100098,100,99943,100,100100,100,99940,100,100106,100,99895,100,100113,100,99886,100
2019-06-28 09:38:01.921115163,100081,245,100042,245,100083,245,100020,345,100087,100,100010,100,100092,100,99980,100,100093,100,99972,100,100095,100,99958,100,100098,100,99956,100,100100,100,99943,100,100106,100,99940,100,100113,100,99895,100
2019-06-28 09:38:09.375133127,100081,245,100042,245,100083,245,100020,345,100087,100,100010,100,100092,100,99980,100,100093,100,99972,100,100095,100,99958,100,100098,100,99956,100,100100,100,99943,100,100106,100,99940,100,100113,100,99895,100
2019-06-28 09:38:10.000000000,100081,172,100042,172,100083,172,100020,272,100087,172,100010,172,100092,172,99980,172,100093,100,99972,100,100095,100,99958,100,100098,100,99956,100,100100,100,99943,100,100106,100,99940,100,100113,100,99895,100
2019-06-28 09:38:20.000000000,100081,172,100042,172,100083,172,100020,272,100087,172,100010,172,100092,172,99980,172,100093,100,99972,100,100095,100,99958,100,100098,100,99956,100,100100,100,99943,100,100106,100,99940,100,100113,100,99895,100
2019-06-28 09:38:30.000000000,100081,172,100042,172,100083,172,100020,272,100087,172,100010,172,100092,172,99980,172,100093,100,99972,100,100095,100,99958,100,100098,100,99956,100,100100,100,99943,100,100106,100,99940,100,100113,100,99895,100
2019-06-28 09:38:40.000000000,100081,245,100042,245,100083,245,100020,345,100087,100,100010,100,100092,100,99980,100,100093,100,99972,100,100095,100,99958,100,100098,100,99956,100,100100,100,99943,100,100106,100,99940,100,100113,100,99895,100
2019-06-28 09:38:41.567776466,100081,245,100042,245,100083,245,100020,345,100087,100,100010,100,100092,100,99980,100,100093,100,99972,100,100095,100,99958,100,100098,100,99956,100,100100,100,99943,100,100106,100,99940,100,100113,100,99895,100
2019-06-28 09:38:50.000000000,100081,390,100042,390,100083,100,100020,200,100087,100,100010,100,100092,100,99980,100,100093,100,99972,100,100095,100,99958,100,100098,100,99956,100,100100,100,99943,100,100106,100,99940,100,100113,100,99895,100
2019-06-28 09:39:00.000000000,100081,172,100042,172,100083,172,100020,272,100087,172,100010,172,100092,172,99980,172,100093,100,99972,100,100095,100,99958,100,100098,100,99956,100,100100,100,99943,100,100106,100,99940,100,100113,100,99895,100
2019-06-28 09:39:02.353106789,100081,72,100042,172,100083,172,100020,272,100087,172,100010,172,100092,172,99980,172,100095,100,99972,100,100098,100,99958,100,100100,100,99956,100,100106,100,99943,100,100113,100,99940,100,100116,100,99895,100
2019-06-28 09:39:05.847206002,100081,72,100042,172,100083,172,100020,272,100087,172,100010,172,100092,172,99980,172,100095,100,99972,100,100098,100,99958,100,100100,100,99956,100,100106,100,99943,100,100113,100,99940,100,100116,100,99895,100
2019-06-28 09:39:10.000000000,100083,172,100042,172,100087,172,100020,272,100092,172,100010,172,100095,172,99980,172,100098,100,99972,100,100100,100,99958,100,100106,100,99956,100,100113,100,99943,100,100116,100,99940,100,100117,100,99895,100
2019-06-28 09:39:18.517019295,100083,172,100042,172,100087,172,100020,272,100092,172,100010,172,100095,172,99980,172,100098,100,99972,100,100100,100,99958,100,100106,100,99956,100,100113,100,99943,100,100116,100,99940,100,100117,100,99886,100
2019-06-28 09:39:20.000000000,100083,199,100042,199,100087,196,100020,296,100092,196,100010,196,100095,100,99980,100,100098,100,99972,100,100100,100,99958,100,100106,100,99956,100,100113,100,99943,100,100116,100,99940,100,100117,100,99886,100
2019-06-28 09:39:30.000000000,100083,199,100042,199,100087,196,100020,296,100092,196,100010,196,100095,100,99980,100,100098,100,99972,100,100100,100,99958,100,100106,100,99956,100,100113,100,99943,100,100116,100,99940,100,100117,100,99886,100
2019-06-28 09:39:39.750913387,100083,199,100042,199,100087,196,100020,296,100092,196,100010,196,100095,100,99980,100,100098,100,99972,100,100100,100,99958,100,100106,100,99956,100,100113,100,99943,100,100116,100,99940,100,100117,100,99886,100
2019-06-28 09:39:40.000000000,100083,199,100042,199,100087,196,100020,296,100092,196,100010,196,100095,100,99980,100,100098,100,99972,100,100100,100,99958,100,100106,100,99956,100,100113,100,99943,100,100116,100,99940,100,100117,100,99886,100
2019-06-28 09:39:47.362666706,100083,199,100050,100,100087,196,100042,199,100092,196,100020,296,100095,100,100010,196,100098,100,99980,100,100100,100,99972,100,100106,100,99958,100,100113,100,99956,100,100116,100,99943,100,100117,100,99940,100
2019-06-28 09:39:50.000000000,100083,172,100050,172,100087,172,100042,172,100092,172,100020,272,100095,172,100010,172,100098,100,99980,100,100100,100,99972,100,100106,100,99958,100,100113,100,99956,100,100116,100,99943,100,100117,100,99940,100
2019-06-28 09:39:55.581700633,100083,72,100050,172,100087,172,100042,172,100092,172,100020,272,100095,172,100010,172,100098,100,99980,100,100100,100,99972,100,100106,100,99958,100,100113,100,99956,100,100116,100,99943,100,100117,100,99940,100
2019-06-28 09:40:00.000000000,100087,172,100050,172,100092,172,100042,172,100095,172,100020,272,100098,172,100010,172,100100,100,99980,100,100106,100,99972,100,100113,100,99958,100,100116,100,99956,100,100117,100,99943,100,100127,100,99940,100
2019-06-28 09:40:03.148916016,100087,172,100050,172,100092,172,100042,172,100095,172,100020,272,100098,172,100010,172,100100,100,99980,100,100106,100,99972,100,100113,100,99958,100,100115,100,99956,100,100116,100,99943,100,100117,100,99940,100
2019-06-28 09:40:04.790050802,100087,172,100081,100,100092,172,100050,172,100095,172,100042,172,100098,172,100020,272,100100,100,100010,172,100106,100,99972,100,100113,100,99958,100,100115,100,99956,100,100116,100,99943,100,100117,100,99940,100
2019-06-28 09:40:10.000000000,100087,245,100081,245,100092,245,100050,245,100095,100,100042,100,100098,100,100020,200,100100,100,100010,100,100106,100,99972,100,100113,100,99958,100,100115,100,99956,100,100116,100,99943,100,100117,100,99940,100
2019-06-28 09:40:15.786492442,100087,245,100081,245,100092,245,100050,245,100095,100,100042,100,100098,100,100020,200,100100,100,100010,100,100106,100,99972,100,100113,100,99958,100,100115,100,99956,100,100116,100,99943,100,100117,100,99940,100
2019-06-28 09:40:20.000000000,100087,390,100081,390,100092,100,100050,100,100095,100,100042,100,100098,100,100020,200,100100,100,100010,100,100106,100,99972,100,100113,100,99958,100,100115,100,99956,100,100116,100,99943,100,100117,100,99940,100
2019-06-28 09:40:30.000000000,100087,158,100081,158,100092,158,100050,158,100095,158,100042,158,100098,158,100020,258,100100,158,100010,158,100106,100,99972,100,100113,100,99958,100,100115,100,99956,100,100116,100,99943,100,100117,100,99940,100
2019-06-28 09:40:35.789941040,100087,158,100081,158,100092,158,100050,158,100095,158,100042,158,100098,158,100020,258,100100,158,100010,158,100106,100,99972,100,100113,100,99956,100,100115,100,99943,100,100116,100,99940,100,100117,100,99888,100
2019-06-28 09:40:40.000000000,100087,158,100081,158,100092,158,100050,158,100095,158,100042,158,100098,158,100020,258,100100,158,100010,158,100106,100,99972,100,100113,100,99956,100,100115,100,99943,100,100116,100,99940,100,100117,100,99888,100
2019-06-28 09:40:50.000000000,100087,158,100081,158,100092,158,100050,158,100095,158,100042,158,100098,158,100020,258,100100,158,100010,158,100106,100,99972,100,100113,100,99956,100,100115,100,99943,100,100116,100,99940,100,100117,100,99888,100
2019-06-28 09:41:00.000000000,100087,390,100081,390,100092,100,100050,100,100095,100,100042,100,100098,100,100020,200,100100,100,100010,100,100106,100,99972,100,100113,100,99956,100,100115,100,99943,100,100116,100,99940,100,100117,100,99888,100
2019-06-28 09:41:10.000000000,100087,390,100081,390,100092,100,100050,100,100095,100,100042,100,100098,100,100020,200,100100,100,100010,100,100106,100,99972,100,100113,100,99956,100,100115,100,99943,100,100116,100,99940,100,100117,100,99888,100
2019-06-28 09:41:14.201800776,100087,390,100081,390,100092,100,100050,100,100095,100,100042,100,100098,100,100020,200,100100,100,100010,100,100106,100,99972,100,100113,100,99956,100,100115,100,99943,100,100116,100,99940,100,100117,100,99888,100
2019-06-28 09:41:20.000000000,100087,158,100081,158,100092,158,100050,158,100095,158,100042,158,100098,158,100020,258,100100,158,100010,158,100106,100,99972,100,100113,100,99956,100,100115,100,99943,100,100116,100,99940,100,100117,100,99888,100
2019-06-28 09:41:30.000000000,100087,158,100081,158,100092,158,100050,158,100095,158,100042,158,100098,158,100020,258,100100,158,100010,158,100106,100,99972,100,100113,100,99956,100,100115,100,99943,100,100116,100,99940,100,100117,100,99888,100
2019-06-28 09:41:34.149531088,100087,58,100081,158,100092,158,100050,158,100095,158,100042,158,100098,158,100020,258,100100,158,100010,158,100106,100,99972,100,100113,100,99956,100,100115,100,99943,100,100116,100,99940,100,100117,100,99888,100
2019-06-28 09:41:40.000000000,100092,199,100081,199,100095,196,100050,196,100098,196,100042,196,100100,100,100020,200,100106,100,100010,100,100113,100,99972,100,100115,100,99956,100,100116,100,99943,100,100117,100,99940,100,100127,100,99888,100
2019-06-28 09:41:40.034370362,100092,199,100083,100,100095,196,100081,199,100098,196,100050,196,100100,100,100042,96,100106,100,100020,200,100113,100,100010,100,100115,100,99972,100,100116,100,99956,100,100117,100,99943,100,100127,100,99940,100
2019-06-28 09:41:41.874314972,100092,199,100083,100,100095,196,100081,199,100098,196,100050,196,100100,100,100042,96,100106,100,100020,100,100113,100,100010,100,100115,100,99972,100,100116,100,99956,100,100117,100,99943,100,100127,100,99940,100
2019-06-28 09:41:47.585853559,100092,99,100083,100,100095,196,100081,199,100098,196,100050,196,100100,100,100042,96,100106,100,100020,100,100113,100,100010,100,100115,100,99972,100,100116,100,99956,100,100117,100,99943,100,100127,100,99940,100
2019-06-28 09:41:50.000000000,100095,390,100083,390,100098,100,100081,100,100100,100,100050,100,100106,100,100020,100,100113,100,100010,100,100115,100,99972,100,100116,100,99956,100,100117,100,99943,100,100127,100,99940,100,100158,100,99888,100
2019-06-28 09:41:57.584167808,100095,390,100083,390,100098,100,100081,100,100100,100,100050,100,100106,100,100020,100,100113,100,100010,100,100115,100,99972,100,100116,100,99956,100,100117,100,99943,100,100127,100,99940,100,100158,100,99888,100
2019-06-28 09:42:00.000000000,100095,245,100083,245,100098,245,100081,245,100100,100,100050,100,100106,100,100020,100,100113,100,100010,100,100115,100,99972,100,100116,100,99956,100,100117,100,99943,100,100127,100,99940,100,100158,100,99888,100
2019-06-28 09:42:01.142415174,100095,245,100083,245,100098,245,100081,245,100100,100,100050,100,100106,100,100010,100,100113,100,99972,100,100115,100,99956,100,100116,100,99943,100,100117,100,99940,100,100127,100,99888,100,100158,100,99886,100
2019-06-28 09:42:10.000000000,100095,158,100083,158,100098,158,100081,158,100100,158,100050,158,100106,158,100010,158,100113,158,99972,158,100115,100,99956,100,100116,100,99943,100,100117,100,99940,100,100127,100,99888,100,100158,100,99886,100
2019-06-28 09:42:20.000000000,100095,199,100083,199,100098,196,100081,196,100100,196,100050,196,100106,100,100010,100,100113,100,99972,100,100115,100,99956,100,100116,100,99943,100,100117,100,99940,100,100127,100,99888,100,100158,100,99886,100
2019-06-28 09:42:30.000000000,100095,199,100083,199,100098,196,100081,196,100100,196,100050,196,100106,100,100010,100,100113,100,99972,100,100115,100,99956,100,100116,100,99943,100,100117,100,99940,100,100127,100,99888,100,100158,100,99886,100
2019-06-28 09:42:38.055202184,100095,199,100087,100,100098,196,100083,199,100100,196,100081,196,100106,100,100050,196,100113,100,100010,100,100115,100,99972,100,100116,100,99956,100,100117,100,99943,100,100127,100,99940,100,100158,100,99888,100
2019-06-28 09:42:40.000000000,100095,172,100087,172,100098,172,100083,172,100100,172,100081,172,100106,172,100050,172,100113,100,100010,100,100115,100,99972,100,100116,100,99956,100,100117,100,99943,100,100127,100,99940,100,100158,100,99888,100
2019-06-28 09:42:45.262955519,100095,172,100087,272,100098,172,100083,172,100100,172,100081,172,100106,172,100050,172,100113,100,100010,100,100115,100,99972,100,100116,100,99956,100,100117,100,99943,100,100127,100,99940,100,100158,100,99888,100
2019-06-28 09:42:50.000000000,100095,245,100087,345,100098,245,100083,245,100100,100,100081,100,100106,100,100050,100,100113,100,100010,100,100115,100,99972,100,100116,100,99956,100,100117,100,99943,100,100127,100,99940,100,100158,100,99888,100
2019-06-28 09:43:00.000000000,100095,172,100087,272,100098,172,100083,172,100100,172,100081,172,100106,172,100050,172,100113,100,100010,100,100115,100,99972,100,100116,100,99956,100,100117,100,99943,100,100127,100,99940,100,100158,100,99888,100
2019-06-28 09:43:00.109854707,100095,172,100087,372,100098,172,100083,172,100100,172,100081,172,100106,172,100050,172,100113,100,100010,100,100115,100,99972,100,100116,100,99956,100,100117,100,99943,100,100127,100,99940,100,100158,100,99888,100
2019-06-28 09:43:10.000000000,100095,199,100087,399,100098,196,100083,196,100100,196,100081,196,100106,100,100050,100,100113,100,100010,100,100115,100,99972,100,100116,100,99956,100,100117,100,99943,100,100127,100,99940,100,100158,100,99888,100
2019-06-28 09:43:11.016571774,100095,99,100087,399,100098,196,100083,196,100100,196,100081,196,100106,100,100050,100,100113,100,100010,100,100115,100,99972,100,100116,100,99956,100,100117,100,99943,100,100127,100,99940,100,100158,100,99888,100
2019-06-28 09:43:20.000000000,100098,390,100087,590,100100,100,100083,100,100106,100,100081,100,100113,100,100050,100,100115,100,100010,100,100116,100,99972,100,100117,100,99956,100,100127,100,99943,100,100158,100,99940,100,100195,100,99888,100
2019-06-28 09:43:30.000000000,100098,390,100087,590,100100,100,100083,100,100106,100,100081,100,100113,100,100050,100,100115,100,100010,100,100116,100,99972,100,100117,100,99956,100,100127,100,99943,100,100158,100,99940,100,100195,100,99888,100
2019-06-28 09:43:32.449529028,100098,390,100092,100,100100,100,100087,590,100106,100,100083,100,100113,100,100081,100,100115,100,100050,100,100116,100,100010,100,100117,100,99972,100,100127,100,99956,100,100158,100,99943,100,100195,100,99940,100
2019-06-28 09:43:40.000000000,100098,390,100092,390,100100,100,100087,300,100106,100,100083,100,100113,100,100081,100,100115,100,100050,100,100116,100,100010,100,100117,100,99972,100,100127,100,99956,100,100158,100,99943,100,100195,100,99940,100
2019-06-28 09:43:48.388581589,100098,390,100092,390,100106,100,100087,300,100113,100,100083,100,100115,100,100081,100,100116,100,100050,100,100117,100,100023,100,100127,100,100010,100,100158,100,99972,100,100195,100,99956,100,100276,100,99943,100
2019-06-28 09:43:48.432245244,100098,390,100092,390,100106,100,100087,300,100113,100,100083,100,100115,100,100081,100,100116,100,100050,100,100117,100,100023,100,100127,100,100010,100,100158,100,99972,100,100195,100,99956,100,100276,100,99943,100
2019-06-28 09:43:50.000000000,100098,199,100092,199,100106,196,100087,396,100113,196,100083,196,100115,100,100081,100,100116,100,100050,100,100117,100,100023,100,100127,100,100010,100,100158,100,99972,100,100195,100,99956,100,100276,100,99943,100
2019-06-28 09:43:50.292508355,100098,99,100092,199,100106,196,100087,396,100113,196,100083,196,100115,100,100081,100,100116,100,100050,100,100117,100,100023,100,100127,100,100010,100,100158,100,99972,100,100195,100,99956,100,100276,100,99943,100
2019-06-28 09:44:00.000000000,100106,245,100092,245,100113,245,100087,445,100115,100,100083,100,100116,100,100081,100,100117,100,100050,100,100127,100,100023,100,100158,100,100010,100,100195,100,99972,100,100276,100,99956,100,100437,100,99943,100
2019-06-28 09:44:10.000000000,100106,172,100092,172,100113,172,100087,372,100115,172,100083,172,100116,172,100081,172,100117,100,100050,100,100127,100,100023,100,100158,100,100010,100,100195,100,99972,100,100276,100,99956,100,100437,100,99943,100
2019-06-28 09:44:17.048106950,100106,172,100095,100,100113,172,100092,172,100115,172,100087,272,100116,172,100083,172,100117,100,100081,172,100127,100,100050,100,100158,100,100023,100,100195,100,100010,100,100276,100,99972,100,100437,100,99956,100
2019-06-28 09:44:20.000000000,100106,199,100095,199,100113,196,100092,196,100115,196,100087,296,100116,100,100083,100,100117,100,100081,100,100127,100,100050,100,100158,100,100023,100,100195,100,100010,100,100276,100,99972,100,100437,100,99956,100
2019-06-28 09:44:30.000000000,100106,245,100095,245,100113,245,100092,245,100115,100,100087,200,100116,100,100083,100,100117,100,100081,100,100127,100,100050,100,100158,100,100023,100,100195,100,100010,100,100276,100,99972,100,100437,100,99956,100
2019-06-28 09:44:40.000000000,100106,158,100095,158,100113,158,100092,158,100115,158,100087,258,100116,158,100083,158,100117,158,100081,158,100127,100,100050,100,100158,100,100023,100,100195,100,100010,100,100276,100,99972,100,100437,100,99956,100
2019-06-28 09:44:50.000000000,100106,245,100095,245,100113,245,100092,245,100115,100,100087,200,100116,100,100083,100,100117,100,100081,100,100127,100,100050,100,100158,100,100023,100,100195,100,100010,100,100276,100,99972,100,100437,100,99956,100
2019-06-28 09:45:00.000000000,100106,390,100095,390,100113,100,100092,100,100115,100,100087,200,100116,100,100083,100,100117,100,100081,100,100127,100,100050,100,100158,100,100023,100,100195,100,100010,100,100276,100,99972,100,100437,100,99956,100
2019-06-28 09:45:10.000000000,100106,172,100095,172,100113,172,100092,172,100115,172,100087,272,100116,172,100083,172,100117,100,100081,100,100127,100,100050,100,100158,100,100023,100,100195,100,100010,100,100276,100,99972,100,100437,100,99956,100
2019-06-28 09:45:20.000000000,100106,199,100095,199,100113,196,100092,196,100115,196,100087,296,100116,100,100083,100,100117,100,100081,100,100127,100,100050,100,100158,100,100023,100,100195,100,100010,100,100276,100,99972,100,100437,100,99956,100
2019-06-28 09:45:30.000000000,100106,199,100095,199,100113,196,100092,196,100115,196,100087,296,100116,100,100083,100,100117,100,100081,100,100127,100,100050,100,100158,100,100023,100,100195,100,100010,100,100276,100,99972,100,100437,100,99956,100
2019-06-28 09:45:40.000000000,100106,199,100095,199,100113,196,100092,196,100115,196,100087,296,100116,100,100083,100,100117,100,100081,100,100127,100,100050,100,100158,100,100023,100,100195,100,100010,100,100276,100,99972,100,100437,100,99956,100
2019-06-28 09:45:50.000000000,100106,199,100095,199,100113,196,100092,196,100115,196,100087,296,100116,100,100083,100,100117,100,100081,100,100127,100,100050,100,100158,100,100023,100,100195,100,100010,100,100276,100,99972,100,100437,100,99956,100
2019-06-28 09:46:00.000000000,100106,390,100095,390,100113,100,100092,100,100115,100,100087,200,100116,100,100083,100,100117,100,100081,100,100127,100,100050,100,100158,100,100023,100,100195,100,100010,100,100276,100,99972,100,100437,100,99956,100
2019-06-28 09:46:10.000000000,100106,158,100095,158,100113,158,100092,158,100115,158,100087,258,100116,158,100083,158,100117,158,100081,158,100127,100,100050,100,100158,100,100023,100,100195,100,100010,100,100276,100,99972,100,100437,100,99956,100
2019-06-28 09:46:13.548482806,100106,58,100095,158,100113,58,100092,158,100115,158,100087,258,100116,158,100083,158,100117,158,100081,158,100127,100,100050,100,100158,100,100023,100,100195,100,100010,100,100276,100,99972,100,100437,100,99956,100
2019-06-28 09:46:20.000000000,100115,158,100095,158,100116,158,100092,158,100117,158,100087,258,100127,158,100083,158,100158,158,100081,158,100195,100,100050,100,100276,100,100023,100,100437,100,100010,100,100487,100,99972,100,100557,100,99956,100
2019-06-28 09:46:30.000000000,100115,172,100095,172,100116,172,100092,172,100117,172,100087,272,100127,172,100083,172,100158,100,100081,100,100195,100,100050,100,100276,100,100023,100,100437,100,100010,100,100487,100,99972,100,100557,100,99956,100
2019-06-28 09:46:30.057367622,100115,72,100095,172,100116,172,100092,172,100117,172,100087,272,100127,172,100083,172,100158,100,100081,100,100195,100,100050,100,100276,100,100023,100,100437,100,100010,100,100487,100,99972,100,100557,100,99956,100
2019-06-28 09:46:35.234971894,100115,72,100106,100,100116,172,100095,172,100117,172,100092,172,100127,172,100087,272,100158,100,100083,72,100195,100,100081,100,100276,100,100050,100,100437,100,100023,100,100487,100,100010,100,100557,100,99972,100
2019-06-28 09:46:39.965443584,100115,72,100106,100,100116,172,100095,172,100117,172,100092,172,100127,172,100087,272,100158,100,100083,72,100195,100,100081,100,100276,100,100050,100,100437,100,100023,100,100487,100,100010,100,100557,100,99972,100
2019-06-28 09:46:40.000000000,100116,245,100106,245,100117,245,100095,245,100127,100,100092,100,100158,100,100087,200,100195,100,100081,100,100276,100,100050,100,100437,100,100023,100,100487,100,100010,100,100557,100,99972,100,100693,100,99956,100
2019-06-28 09:46:46.553234344,100116,145,100106,245,100117,245,100095,245,100127,100,100092,100,100158,100,100087,200,100195,100,100081,100,100276,100,100050,100,100437,100,100023,100,100487,100,100010,100,100557,100,99972,100,100693,100,99956,100
2019-06-28 09:46:50.000000000,100117,158,100106,158,100127,158,100095,158,100158,158,100092,158,100195,158,100087,258,100276,158,100081,158,100437,100,100050,100,100487,100,100023,100,100557,100,100010,100,100693,100,99972,100,101124,100,99956,100
2019-06-28 09:46:59.659457377,100117,158,100115,100,100127,158,100106,158,100158,158,100095,158,100195,158,100092,158,100276,158,100087,258,100437,100,100081,158,100487,100,100050,100,100557,100,100023,100,100693,100,100010,100,101124,100,99972,100
2019-06-28 09:47:00.000000000,100117,245,100115,245,100127,245,100106,245,100158,100,100095,100,100195,100,100092,100,100276,100,100087,200,100437,100,100081,100,100487,100,100050,100,100557,100,100023,100,100693,100,100010,100,101124,100,99972,100
2019-06-28 09:47:10.000000000,100117,199,100115,199,100127,196,100106,196,100158,196,100095,196,100195,100,100092,100,100276,100,100087,200,100437,100,100081,100,100487,100,100050,100,100557,100,100023,100,100693,100,100010,100,101124,100,99972,100
2019-06-28 09:47:14.893497263,100117,199,100115,199,100127,196,100106,196,100158,196,100095,196,100195,100,100092,100,100276,100,100087,200,100437,100,100050,100,100487,100,100023,100,100557,100,100010,100,100693,100,99972,100,101124,100,99956,100
2019-06-28 09:47:20.000000000,100117,245,100115,245,100127,245,100106,245,100158,100,100095,100,100195,100,100092,100,100276,100,100087,200,100437,100,100050,100,100487,100,100023,100,100557,100,100010,100,100693,100,99972,100,101124,100,99956,100
2019-06-28 09:47:30.000000000,100117,390,100115,390,100127,100,100106,100,100158,100,100095,100,100195,100,100092,100,100276,100,100087,200,100437,100,100050,100,100487,100,100023,100,100557,100,100010,100,100693,100,99972,100,101124,100,99956,100
2019-06-28 09:47:40.000000000,100117,245,100115,245,100127,245,100106,245,100158,100,100095,100,100195,100,100092,100,100276,100,100087,200,100437,100,100050,100,100487,100,100023,100,100557,100,100010,100,100693,100,99972,100,101124,100,99956,100
2019-06-28 09:47:50.000000000,100117,390,100115,390,100127,100,100106,100,100158,100,100095,100,100195,100,100092,100,100276,100,100087,200,100437,100,100050,100,100487,100,100023,100,100557,100,100010,100,100693,100,99972,100,101124,100,99956,100
2019-06-28 09:47:58.618007563,100117,390,100115,290,100127,100,100106,100,100158,100,100095,100,100195,100,100092,100,100276,100,100087,200,100437,100,100050,100,100487,100,100023,100,100557,100,100010,100,100693,100,99972,100,101124,100,99956,100
2019-06-28 09:48:00.000000000,100117,199,100106,199,100127,196,100095,196,100158,196,100092,196,100195,100,100087,200,100276,100,100050,100,100437,100,100023,100,100487,100,100010,100,100557,100,99972,100,100693,100,99956,100,101124,100,99943,100
2019-06-28 09:48:09.424575957,100117,199,100106,99,100127,196,100095,196,100158,196,100092,196,100195,100,100087,200,100276,100,100050,100,100437,100,100023,100,100487,100,100010,100,100557,100,99972,100,100693,100,99956,100,101124,100,99943,100
2019-06-28 09:48:10.000000000,100117,199,100095,199,100127,196,100092,196,100158,196,100087,296,100195,100,100050,100,100276,100,100023,100,100437,100,100010,100,100487,100,99972,100,100557,100,99956,100,100693,100,99943,100,101124,100,99940,100
2019-06-28 09:48:20.000000000,100117,172,100095,172,100127,172,100092,172,100158,172,100087,272,100195,172,100050,172,100276,100,100023,100,100437,100,100010,100,100487,100,99972,100,100557,100,99956,100,100693,100,99943,100,101124,100,99940,100
2019-06-28 09:48:30.000000000,100117,172,100095,172,100127,172,100092,172,100158,172,100087,272,100195,172,100050,172,100276,100,100023,100,100437,100,100010,100,100487,100,99972,100,100557,100,99956,100,100693,100,99943,100,101124,100,99940,100
2019-06-28 09:48:33.651256002,100117,72,100095,172,100127,172,100092,172,100158,172,100087,272,100195,172,100050,172,100276,100,100023,100,100437,100,100010,100,100487,100,99972,100,100557,100,99956,100,100693,100,99943,100,100741,100,99940,100
2019-06-28 09:48:37.041582173,100117,72,100116,100,100127,172,100095,172,100158,172,100092,172,100195,172,100087,272,100276,100,100050,172,100437,100,100023,100,100487,100,100010,100,100557,100,99972,100,100693,100,99956,100,100741,100,99943,100
2019-06-28 09:48:37.248034477,100117,72,100116,100,100127,172,100095,172,100158,172,100092,72,100195,172,100087,272,100276,100,100050,172,100437,100,100023,100,100487,100,100010,100,100557,100,99972,100,100693,100,99956,100,100741,100,99943,100
2019-06-28 09:48:40.000000000,100127,245,100116,245,100158,245,100095,245,100195,100,100087,200,100276,100,100050,100,100437,100,100023,100,100487,100,100010,100,100557,100,99972,100,100693,100,99956,100,100741,100,99943,100,101124,100,99940,100
2019-06-28 09:48:43.186601281,100127,245,100116,245,100158,245,100095,245,100195,100,100087,200,100276,100,100050,100,100437,100,100023,100,100487,100,100010,100,100557,100,99972,100,100583,100,99956,100,100693,100,99943,100,100741,100,99940,100
2019-06-28 09:48:50.000000000,100127,199,100116,199,100158,196,100095,196,100195,196,100087,296,100276,100,100050,100,100437,100,100023,100,100487,100,100010,100,100557,100,99972,100,100583,100,99956,100,100693,100,99943,100,100741,100,99940,100
2019-06-28 09:48:57.915071227,100127,199,100116,199,100158,196,100095,196,100195,196,100087,296,100276,100,100050,100,100437,100,100023,100,100445,100,100010,100,100487,100,99972,100,100557,100,99956,100,100583,100,99943,100,100693,100,99940,100
2019-06-28 09:49:00.000000000,100127,158,100116,158,100158,158,100095,158,100195,158,100087,258,100276,158,100050,158,100437,158,100023,158,100445,100,100010,100,100487,100,99972,100,100557,100,99956,100,100583,100,99943,100,100693,100,99940,100
2019-06-28 09:49:10.000000000,100127,245,100116,245,100158,245,100095,245,100195,100,100087,200,100276,100,100050,100,100437,100,100023,100,100445,100,100010,100,100487,100,99972,100,100557,100,99956,100,100583,100,99943,100,100693,100,99940,100
2019-06-28 09:49:13.404921853,100127,245,100116,245,100158,245,100095,245,100195,100,100087,200,100276,100,100050,100,100437,100,100023,200,100445,100,100010,100,100487,100,99972,100,100557,100,99956,100,100583,100,99943,100,100693,100,99940,100
2019-06-28 09:49:20.000000000,100127,199,100116,199,100158,196,100095,196,100195,196,100087,296,100276,100,100050,100,100437,100,100023,200,100445,100,100010,100,100487,100,99972,100,100557,100,99956,100,100583,100,99943,100,100693,100,99940,100
2019-06-28 09:49:20.520153725,100127,199,100116,199,100158,196,100095,196,100195,196,100087,296,100217,100,100050,100,100276,100,100023,200,100437,100,100010,100,100487,100,99972,100,100557,100,99956,100,100583,100,99943,100,100693,100,99940,100
2019-06-28 09:49:23.351930074,100127,199,100116,199,100158,196,100095,196,100195,196,100087,296,100217,100,100050,100,100276,100,100023,200,100369,100,100010,100,100437,100,99972,100,100487,100,99956,100,100557,100,99943,100,100583,100,99940,100
2019-06-28 09:49:30.000000000,100127,199,100116,199,100158,196,100095,196,100195,196,100087,296,100217,100,100050,100,100276,100,100023,200,100369,100,100010,100,100437,100,99972,100,100487,100,99956,100,100557,100,99943,100,100583,100,99940,100
2019-06-28 09:49:33.425009880,100127,199,100116,199,100158,196,100095,196,100195,196,100087,296,100217,100,100050,100,100259,100,100023,200,100276,100,100010,100,100369,100,99972,100,100437,100,99956,100,100487,100,99943,100,100583,100,99940,100
2019-06-28 09:49:40.000000000,100127,158,100116,158,100158,158,100095,158,100195,158,100087,258,100217,158,100050,158,100259,158,100023,258,100276,100,100010,100,100369,100,99972,100,100437,100,99956,100,100487,100,99943,100,100583,100,99940,100
2019-06-28 09:49:50.000000000,100127,199,100116,199,100158,196,100095,196,100195,196,100087,296,100217,100,100050,100,100259,100,100023,200,100276,100,100010,100,100369,100,99972,100,100437,100,99956,100,100487,100,99943,100,100583,100,99940,100
2019-06-28 09:49:57.295818157,100127,199,100116,199,100158,196,100095,196,100195,196,100087,296,100217,100,100076,100,100259,100,100050,100,100276,100,100023,100,100369,100,100010,100,100437,100,99972,100,100487,100,99956,100,100583,100,99943,100
2019-06-28 09:50:00.000000000,100127,390,100116,390,100158,100,100095,100,100195,100,100087,200,100217,100,100076,100,100259,100,100050,100,100276,100,100023,100,100369,100,100010,100,100437,100,99972,100,100487,100,99956,100,100583,100,99943,100
2019-06-28 09:50:03.338675062,100127,390,100116,390,100158,100,100095,100,100195,100,100087,200,100217,100,100076,100,100259,100,100050,100,100276,100,100023,100,100369,100,100010,100,100437,100,99999,100,100487,100,99972,100,100583,100,99956,100
2019-06-28 09:50:10.000000000,100127,172,100116,172,100158,172,100095,172,100195,172,100087,272,100217,172,100076,172,100259,100,100050,100,100276,100,100023,100,100369,100,100010,100,100437,100,99999,100,100487,100,99972,100,100583,100,99956,100
2019-06-28 09:50:20.000000000,100127,172,100116,172,100158,172,100095,172,100195,172,100087,272,100217,172,100076,172,100259,100,100050,100,100276,100,100023,100,100369,100,100010,100,100437,100,99999,100,100487,100,99972,100,100583,100,99956,100
2019-06-28 09:50:28.913193714,100127,172,100116,72,100158,172,100095,172,100195,172,100087,272,100217,172,100076,172,100259,100,100050,100,100276,100,100023,100,100369,100,100010,100,100437,100,99999,100,100487,100,99972,100,100583,100,99956,100
2019-06-28 09:50:30.000000000,100127,172,100095,172,100158,172,100087,272,100195,172,100076,172,100217,172,100050,172,100259,100,100023,100,100276,100,100010,100,100369,100,99999,100,100437,100,99972,100,100487,100,99956,100,100583,100,99943,100
2019-06-28 09:50:40.000000000,100127,158,100095,158,100158,158,100087,258,100195,158,100076,158,100217,158,100050,158,100259,158,100023,158,100276,100,100010,100,100369,100,99999,100,100437,100,99972,100,100487,100,99956,100,100583,100,99943,100
2019-06-28 09:50:41.148012271,100127,158,100095,158,100158,158,100087,258,100195,158,100076,158,100217,158,100050,158,100259,158,100023,158,100276,100,100010,100,100369,100,99999,100,100437,100,99972,100,100487,100,99956,100,100583,100,99943,100
2019-06-28 09:50:50.000000000,100127,158,100095,158,100158,158,100087,258,100195,158,100076,158,100217,158,100050,158,100259,158,100023,158,100276,100,100010,100,100369,100,99999,100,100437,100,99972,100,100487,100,99956,100,100583,100,99943,100
2019-06-28 09:50:54.768707937,100127,158,100095,158,100158,158,100087,158,100195,158,100076,158,100217,158,100050,158,100259,158,100023,158,100276,100,100010,100,100369,100,99999,100,100437,100,99972,100,100487,100,99956,100,100583,100,99943,100
2019-06-28 09:51:00.000000000,100127,199,100095,199,100158,196,100087,196,100195,196,100076,196,100217,100,100050,100,100259,100,100023,100,100276,100,100010,100,100369,100,99999,100,100437,100,99972,100,100487,100,99956,100,100583,100,99943,100
2019-06-28 09:51:10.000000000,100127,390,100095,390,100158,100,100087,100,100195,100,100076,100,100217,100,100050,100,100259,100,100023,100,100276,100,100010,100,100369,100,99999,100,100437,100,99972,100,100487,100,99956,100,100583,100,99943,100
2019-06-28 09:51:20.000000000,100127,158,100095,158,100158,158,100087,158,100195,158,100076,158,100217,158,100050,158,100259,158,100023,158,100276,100,100010,100,100369,100,99999,100,100437,100,99972,100,100487,100,99956,100,100583,100,99943,100
2019-06-28 09:51:30.000000000,100127,172,100095,172,100158,172,100087,172,100195,172,100076,172,100217,172,100050,172,100259,100,100023,100,100276,100,100010,100,100369,100,99999,100,100437,100,99972,100,100487,100,99956,100,100583,100,99943,100
2019-06-28 09:51:33.998210175,100127,172,100117,100,100158,172,100095,172,100195,172,100087,172,100217,172,100076,172,100259,100,100050,172,100276,100,100023,100,100369,100,100010,100,100437,100,99999,100,100487,100,99972,100,100583,100,99956,100
2019-06-28 09:51:40.000000000,100127,172,100117,172,100158,172,100095,172,100195,172,100087,172,100217,172,100076,172,100259,100,100050,100,100276,100,100023,100,100369,100,100010,100,100437,100,99999,100,100487,100,99972,100,100583,100,99956,100
2019-06-28 09:51:50.000000000,100127,158,100117,158,100158,158,100095,158,100195,158,100087,158,100217,158,100076,158,100259,158,100050,158,100276,100,100023,100,100369,100,100010,100,100437,100,99999,100,100487,100,99972,100,100583,100,99956,100
2019-06-28 09:52:00.000000000,100127,199,100117,199,100158,196,100095,196,100195,196,100087,196,100217,100,100076,100,100259,100,100050,100,100276,100,100023,100,100369,100,100010,100,100437,100,99999,100,100487,100,99972,100,100583,100,99956,100
2019-06-28 09:52:09.149261417,100127,99,100117,199,100158,196,100095,196,100195,196,100087,196,100217,100,100076,100,100259,100,100050,100,100276,100,100023,100,100369,100,100010,100,100437,100,99972,100,100487,100,99956,100,100583,100,99943,100
2019-06-28 09:52:10.000000000,100158,199,100117,199,100195,196,100095,196,100217,196,100087,196,100259,100,100076,100,100276,100,100050,100,100369,100,100023,100,100437,100,100010,100,100487,100,99972,100,100583,100,99956,100,100693,100,99943,100
2019-06-28 09:52:19.499997761,100158,199,100118,100,100195,196,100117,199,100217,196,100095,196,100259,100,100087,196,100276,100,100076,100,100369,100,100050,100,100437,100,100023,100,100487,100,100010,100,100583,100,99972,100,100693,100,99956,100
2019-06-28 09:52:20.000000000,100158,245,100118,245,100195,245,100117,245,100217,100,100095,100,100259,100,100087,100,100276,100,100076,100,100369,100,100050,100,100437,100,100023,100,100487,100,100010,100,100583,100,99972,100,100693,100,99956,100
2019-06-28 09:52:30.000000000,100158,172,100118,172,100195,172,100117,172,100217,172,100095,172,100259,172,100087,172,100276,100,100076,100,100369,100,100050,100,100437,100,100023,100,100487,100,100010,100,100583,100,99972,100,100693,100,99956,100
2019-06-28 09:52:40.000000000,100158,158,100118,158,100195,158,100117,158,100217,158,100095,158,100259,158,100087,158,100276,158,100076,158,100369,100,100050,100,100437,100,100023,100,100487,100,100010,100,100583,100,99972,100,100693,100,99956,100
2019-06-28 09:52:45.354702580,100158,58,100118,158,100195,158,100117,158,100217,158,100095,158,100259,158,100087,158,100276,158,100076,158,100369,100,100050,100,100437,100,100023,100,100487,100,99972,100,100583,100,99956,100,100693,100,99943,100
2019-06-28 09:52:50.000000000,100195,390,100118,390,100217,100,100117,100,100259,100,100095,100,100276,100,100087,100,100369,100,100076,100,100437,100,100050,100,100487,100,100023,100,100583,100,99972,100,100693,100,99956,100,101124,100,99943,100
2019-06-28 09:52:50.728309585,100195,390,100118,390,100217,100,100117,100,100259,100,100095,100,100276,100,100087,100,100369,100,100076,100,100437,100,100050,100,100487,100,100023,100,100583,100,99972,100,100693,100,99956,100,101124,100,99940,100
2019-06-28 09:52:56.073852156,100195,390,100118,390,100217,100,100117,100,100276,100,100095,100,100369,100,100087,100,100437,100,100076,100,100487,100,100050,100,100583,100,100023,100,100693,100,99972,100,101070,100,99956,100,101124,100,99940,100
2019-06-28 09:53:00.000000000,100195,199,100118,199,100217,196,100117,196,100276,196,100095,196,100369,100,100087,100,100437,100,100076,100,100487,100,100050,100,100583,100,100023,100,100693,100,99972,100,101070,100,99956,100,101124,100,99940,100
2019-06-28 09:53:10.000000000,100195,390,100118,390,100217,100,100117,100,100276,100,100095,100,100369,100,100087,100,100437,100,100076,100,100487,100,100050,100,100583,100,100023,100,100693,100,99972,100,101070,100,99956,100,101124,100,99940,100
2019-06-28 09:53:12.193957672,100195,290,100118,390,100217,100,100117,100,100276,100,100095,100,100369,100,100087,100,100437,100,100076,100,100487,100,100050,100,100693,100,100023,100,101070,100,99972,100,101124,100,99956,100,101312,100,99940,100
2019-06-28 09:53:20.000000000,100217,158,100118,158,100276,158,100117,158,100369,158,100095,158,100437,158,100087,158,100487,158,100076,158,100693,100,100050,100,101070,100,100023,100,101124,100,99972,100,101312,100,99956,100,101791,100,99940,100
2019-06-28 09:53:24.796106576,100217,58,100118,158,100276,158,100117,158,100369,158,100095,158,100437,158,100087,158,100487,158,100076,158,100693,100,100050,100,101070,100,100023,100,101124,100,99972,100,101312,100,99956,100,101791,100,99940,100
2019-06-28 09:53:30.000000000,100276,245,100118,245,100369,245,100117,245,100437,100,100095,100,100487,100,100087,100,100693,100,100076,100,101070,100,100050,100,101124,100,100023,100,101312,100,99972,100,101791,100,99956,100,,,99940,100
2019-06-28 09:53:40.000000000,100276,245,100118,245,100369,245,100117,245,100437,100,100095,100,100487,100,100087,100,100693,100,100076,100,101070,100,100050,100,101124,100,100023,100,101312,100,99972,100,101791,100,99956,100,,,99940,100
2019-06-28 09:53:48.398982035,100276,245,100195,100,100369,245,100118,245,100437,100,100117,245,100487,100,100095,100,100693,100,100087,100,101070,100,100076,100,101124,100,100050,100,101312,100,100023,100,101791,100,99972,100,,,99956,100
2019-06-28 09:53:50.000000000,100276,390,100195,390,100369,100,100118,100,100437,100,100117,100,100487,100,100095,100,100693,100,100087,100,101070,100,100076,100,101124,100,100050,100,101312,100,100023,100,101791,100,99972,100,,,99956,100
2019-06-28 09:53:55.646913288,100276,390,100195,390,100369,100,100118,100,100437,100,100117,100,100487,100,100095,100,100693,100,100087,100,101070,100,100076,100,101124,100,100050,100,101277,100,100023,100,101312,100,99972,100,101791,100,99956,100
2019-06-28 09:54:00.000000000,100276,172,100195,172,100369,172,100118,172,100437,172,100117,172,100487,172,100095,172,100693,100,100087,100,101070,100,100076,100,101124,100,100050,100,101277,100,100023,100,101312,100,99972,100,101791,100,99956,100
2019-06-28 09:54:03.241240585,100276,172,100195,272,100369,172,100118,172,100437,172,100117,172,100487,172,100095,172,100693,100,100087,100,101070,100,100076,100,101124,100,100050,100,101277,100,100023,100,101312,100,99972,100,101791,100,99956,100
2019-06-28 09:54:04.819787721,100276,72,100195,272,100369,172,100118,172,100437,172,100117,172,100487,172,100095,172,100693,100,100087,100,101124,100,100076,100,101277,100,100050,100,101312,100,100023,100,101791,100,99972,100,,,99956,100
2019-06-28 09:54:10.000000000,100369,172,100195,272,100437,172,100118,172,100487,172,100117,172,100693,172,100095,172,101124,100,100087,100,101277,100,100076,100,101312,100,100050,100,101791,100,100023,100,,,99972,100,,,99956,100
2019-06-28 09:54:20.000000000,100369,390,100195,490,100437,100,100118,100,100487,100,100117,100,100693,100,100095,100,101124,100,100087,100,101277,100,100076,100,101312,100,100050,100,101791,100,100023,100,,,99972,100,,,99956,100
2019-06-28 09:54:30.000000000,100369,390,100195,490,100437,100,100118,100,100487,100,100117,100,100693,100,100095,100,101124,100,100087,100,101277,100,100076,100,101312,100,100050,100,101791,100,100023,100,,,99972,100,,,99956,100
2019-06-28 09:54:40.000000000,100369,158,100195,258,100437,158,100118,158,100487,158,100117,158,100693,158,100095,158,101124,158,100087,158,101277,100,100076,100,101312,100,100050,100,101791,100,100023,100,,,99972,100,,,99956,100
2019-06-28 09:54:46.960355821,100369,158,100327,100,100437,158,100195,258,100487,158,100118,158,100693,158,100117,158,101124,158,100095,158,101277,100,100087,158,101312,100,100076,100,101791,100,100050,100,,,100023,100,,,99972,100
2019-06-28 09:54:50.000000000,100369,390,100327,390,100437,100,100195,200,100487,100,100118,100,100693,100,100117,100,101124,100,100095,100,101277,100,100087,100,101312,100,100076,100,101791,100,100050,100,,,100023,100,,,99972,100
2019-06-28 09:55:00.000000000,100369,172,100327,172,100437,172,100195,272,100487,172,100118,172,100693,172,100117,172,101124,100,100095,100,101277,100,100087,100,101312,100,100076,100,101791,100,100050,100,,,100023,100,,,99972,100
2019-06-28 09:55:01.302707874,100369,172,100327,72,100437,172,100195,272,100487,172,100118,172,100693,172,100117,72,101124,100,100095,100,101277,100,100087,100,101312,100,100076,100,101791,100,100050,100,,,100023,100,,,99972,100
2019-06-28 09:55:08.154784746,100327,28,100195,272,100369,172,100118,172,100437,172,100117,72,100487,172,100095,100,100693,172,100087,100,101124,100,100076,100,101277,100,100050,100,101312,100,100023,100,101791,100,99972,100,,,99956,100
2019-06-28 09:55:10.000000000,100327,127,100195,299,100369,196,100118,196,100437,196,100095,196,100487,100,100087,100,100693,100,100076,100,101124,100,100050,100,101277,100,100023,100,101312,100,99972,100,101791,100,99956,100,,,99940,100
2019-06-28 09:55:19.595924012,100327,127,100195,299,100369,196,100118,196,100437,196,100095,196,100487,100,100087,100,100693,100,100076,100,101124,100,100050,100,101277,100,100023,100,101312,100,99972,100,101791,100,99956,100,,,99940,100
2019-06-28 09:55:20.000000000,100327,127,100195,299,100369,196,100118,196,100437,196,100095,196,100487,100,100087,100,100693,100,100076,100,101124,100,100050,100,101277,100,100023,100,101312,100,99972,100,101791,100,99956,100,,,99940,100
2019-06-28 09:55:26.463975100,100327,127,100195,199,100369,196,100118,196,100437,196,100095,196,100487,100,100087,100,100693,100,100076,100,101124,100,100050,100,101277,100,100023,100,101312,100,99972,100,101791,100,99956,100,,,99940,100
2019-06-28 09:55:28.750647587,100327,127,100195,99,100369,196,100118,196,100437,196,100095,196,100487,100,100087,100,100693,100,100076,100,101124,100,100050,100,101277,100,100023,100,101791,100,99972,100,,,99956,100,,,99940,100
2019-06-28 09:55:30.000000000,100327,100,100118,172,100369,172,100095,172,100437,172,100087,172,100487,172,100076,172,100693,100,100050,100,101124,100,100023,100,101277,100,99972,100,101791,100,99956,100,,,99940,100,,,99888,100
2019-06-28 09:55:31.281381812,100195,100,100118,172,100327,100,100095,172,100369,172,100087,172,100437,172,100076,172,100487,172,100050,100,100693,100,100023,100,101124,100,99972,100,101277,100,99956,100,101791,100,99940,100,,,99888,100
2019-06-28 09:55:40.000000000,100195,172,100118,172,100327,100,100095,172,100369,172,100087,172,100437,172,100076,172,100487,100,100050,100,100693,100,100023,100,101124,100,99972,100,101277,100,99956,100,101791,100,99940,100,,,99888,100
2019-06-28 09:55:43.539438013,100195,172,100118,172,100327,100,100095,172,100369,172,100087,172,100437,172,100076,172,100487,100,100050,100,100693,100,100023,100,101124,100,99972,100,101277,100,99956,100,101791,100,99940,100,,,99857,100
2019-06-28 09:55:50.000000000,100195,172,100118,172,100327,100,100095,172,100369,172,100087,172,100437,172,100076,172,100487,100,100050,100,100693,100,100023,100,101124,100,99972,100,101277,100,99956,100,101791,100,99940,100,,,99857,100
2019-06-28 09:56:00.000000000,100195,172,100118,172,100327,100,100095,172,100369,172,100087,172,100437,172,100076,172,100487,100,100050,100,100693,100,100023,100,101124,100,99972,100,101277,100,99956,100,101791,100,99940,100,,,99857,100
2019-06-28 09:56:05.785683139,100195,272,100118,172,100327,100,100095,172,100369,172,100087,172,100437,172,100076,172,100487,100,100050,100,100693,100,100023,100,101124,100,99972,100,101277,100,99956,100,101791,100,99940,100,,,99857,100
2019-06-28 09:56:10.000000000,100195,490,100118,390,100327,28,100095,100,100369,100,100087,100,100437,100,100076,100,100487,100,100050,100,100693,100,100023,100,101124,100,99972,100,101277,100,99956,100,101791,100,99940,100,,,99857,100
2019-06-28 09:56:10.761214450,100195,590,100118,390,100327,28,100095,100,100369,100,100087,100,100437,100,100076,100,100487,100,100050,100,100693,100,100023,100,101124,100,99972,100,101277,100,99956,100,101791,100,99940,100,,,99857,100
2019-06-28 09:56:20.000000000,100195,399,100118,199,100327,124,100095,196,100369,196,100087,196,100437,100,100076,100,100487,100,100050,100,100693,100,100023,100,101124,100,99972,100,101277,100,99956,100,101791,100,99940,100,,,99857,100
2019-06-28 09:56:24.518743764,100195,399,100118,199,100327,124,100095,196,100369,96,100087,196,100437,100,100076,100,100487,100,100050,100,100693,100,100023,100,101124,100,99972,100,101277,100,99956,100,101791,100,99940,100,,,99857,100
2019-06-28 09:56:30.000000000,100195,372,100118,172,100327,100,100095,172,100437,172,100087,172,100487,172,100076,172,100693,100,100050,100,101124,100,100023,100,101277,100,99972,100,101791,100,99956,100,,,99940,100,,,99857,100
2019-06-28 09:56:30.087718866,100195,372,100118,172,100327,100,100095,172,100437,172,100087,172,100487,172,100076,172,100693,100,100050,100,101124,100,100023,100,101277,100,99972,100,101791,100,99956,100,,,99940,100,,,99857,100
2019-06-28 09:56:40.000000000,100195,399,100118,199,100327,124,100095,196,100437,196,100087,196,100487,100,100076,100,100693,100,100050,100,101124,100,100023,100,101277,100,99972,100,101791,100,99956,100,,,99940,100,,,99857,100
2019-06-28 09:56:44.869579593,100195,499,100118,199,100327,124,100095,196,100437,196,100087,196,100487,100,100076,100,100693,100,100050,100,101124,100,100023,100,101277,100,99972,100,101791,100,99956,100,,,99940,100,,,99857,100
2019-06-28 09:56:49.894855222,100195,399,100118,199,100327,124,100095,196,100437,196,100087,196,100487,100,100076,100,100693,100,100050,100,101124,100,100023,100,101277,100,99972,100,101791,100,99956,100,,,99940,100,,,99857,100
2019-06-28 09:56:50.000000000,100195,590,100118,390,100327,28,100095,100,100437,100,100087,100,100487,100,100076,100,100693,100,100050,100,101124,100,100023,100,101277,100,99972,100,101791,100,99956,100,,,99940,100,,,99857,100
2019-06-28 09:57:00.000000000,100195,445,100118,245,100327,173,100095,245,100437,100,100087,100,100487,100,100076,100,100693,100,100050,100,101124,100,100023,100,101277,100,99972,100,101791,100,99956,100,,,99940,100,,,99857,100
2019-06-28 09:57:05.237085242,100195,445,100118,145,100327,173,100095,245,100437,100,100087,100,100487,100,100076,100,100693,100,100050,100,101124,100,100023,100,101277,100,99972,100,,,99956,100,,,99940,100,,,99857,100
2019-06-28 09:57:09.803050408,100195,445,100118,45,100327,173,100095,245,100437,100,100087,100,100487,100,100050,100,100693,100,100023,100,101124,100,99972,100,101277,100,99956,100,,,99940,100,,,99857,100,,,99849,100
2019-06-28 09:57:10.000000000,100195,590,100095,390,100327,28,100087,100,100437,100,100050,100,100487,100,100023,100,100693,100,99972,100,101124,100,99956,100,101277,100,99940,100,,,99857,100,,,99849,100,,,99844,100
2019-06-28 09:57:20.000000000,100195,372,100095,172,100327,100,100087,172,100437,172,100050,172,100487,172,100023,172,100693,100,99972,100,101124,100,99956,100,101277,100,99940,100,,,99857,100,,,99849,100,,,99844,100
2019-06-28 09:57:30.000000000,100195,399,100095,199,100327,124,100087,196,100437,196,100050,196,100487,100,100023,100,100693,100,99972,100,101124,100,99956,100,101277,100,99940,100,,,99857,100,,,99849,100,,,99844,100
2019-06-28 09:57:33.399894748,100195,399,100095,99,100327,124,100087,196,100437,196,100050,196,100487,100,100023,100,100693,100,99972,100,101277,100,99956,100,,,99940,100,,,99857,100,,,99849,100,,,99844,100
2019-06-28 09:57:40.000000000,100195,445,100087,245,100327,173,100050,245,100437,100,100023,100,100487,100,99972,100,100693,100,99956,100,101277,100,99940,100,,,99857,100,,,99849,100,,,99844,100,,,99837,100
2019-06-28 09:57:43.096561043,100118,100,100087,245,100195,445,100050,245,100327,173,100023,100,100437,100,99972,100,100487,100,99956,100,100693,100,99940,100,101277,100,99857,100,,,99849,100,,,99844,100,,,99837,100
2019-06-28 09:57:47.164861410,100118,100,100087,145,100195,445,100050,245,100327,173,100023,100,100437,100,99972,100,100487,100,99956,100,100693,100,99940,100,101277,100,99857,100,,,99849,100,,,99844,100,,,99837,100
2019-06-28 09:57:50.000000000,100118,199,100050,199,100195,396,100023,196,100327,124,99972,196,100437,100,99956,100,100487,100,99940,100,100693,100,99857,100,101277,100,99849,100,,,99844,100,,,99837,100,,,99806,100
2019-06-28 09:58:00.000000000,100118,172,100050,172,100195,372,100023,172,100327,100,99972,172,100437,172,99956,172,100487,100,99940,100,100693,100,99857,100,101277,100,99849,100,,,99844,100,,,99837,100,,,99806,100
2019-06-28 09:58:10.000000000,100118,158,100050,158,100195,358,100023,158,100327,86,99972,158,100437,158,99956,158,100487,158,99940,158,100693,100,99857,100,101277,100,99849,100,,,99844,100,,,99837,100,,,99806,100
2019-06-28 09:58:20.000000000,100118,172,100050,172,100195,372,100023,172,100327,100,99972,172,100437,172,99956,172,100487,100,99940,100,100693,100,99857,100,101277,100,99849,100,,,99844,100,,,99837,100,,,99806,100
2019-06-28 09:58:30.000000000,100118,245,100050,245,100195,445,100023,245,100327,28,99972,100,100437,100,99956,100,100487,100,99940,100,100693,100,99857,100,101277,100,99849,100,,,99844,100,,,99837,100,,,99806,100
2019-06-28 09:58:40.000000000,100118,245,100050,245,100195,445,100023,245,100327,28,99972,100,100437,100,99956,100,100487,100,99940,100,100693,100,99857,100,101277,100,99849,100,,,99844,100,,,99837,100,,,99806,100
2019-06-28 09:58:43.025098938,100095,100,100050,245,100118,245,100023,245,100195,345,99972,100,100327,28,99956,100,100437,100,99940,100,100487,100,99857,100,100693,100,99849,100,101277,100,99844,100,,,99837,100,,,99806,100
2019-06-28 09:58:50.000000000,100095,390,100050,390,100118,100,100023,100,100195,200,99972,100,100327,28,99956,100,100437,100,99940,100,100487,100,99857,100,100693,100,99849,100,101277,100,99844,100,,,99837,100,,,99806,100
2019-06-28 09:58:54.714042365,100095,390,100050,390,100118,100,100023,100,100195,200,99972,100,100327,28,99956,100,100437,100,99940,100,100487,100,99857,100,100693,100,99849,100,101277,100,99844,100,,,99837,100,,,99806,100
2019-06-28 09:59:00.000000000,100095,390,100050,390,100118,100,100023,100,100195,200,99972,100,100327,28,99956,100,100437,100,99940,100,100487,100,99857,100,100693,100,99849,100,101277,100,99844,100,,,99837,100,,,99806,100
2019-06-28 09:59:10.000000000,100095,158,100050,158,100118,158,100023,158,100195,258,99972,158,100327,86,99956,158,100437,158,99940,158,100487,100,99857,100,100693,100,99849,100,101277,100,99844,100,,,99837,100,,,99806,100
2019-06-28 09:59:20.000000000,100095,390,100050,390,100118,100,100023,100,100195,200,99972,100,100327,28,99956,100,100437,100,99940,100,100487,100,99857,100,100693,100,99849,100,101277,100,99844,100,,,99837,100,,,99806,100
2019-06-28 09:59:28.919869354,100095,390,100050,290,100118,100,100023,100,100195,200,99972,100,100327,28,99956,100,100437,100,99940,100,100487,100,99857,100,100693,100,99849,100,101277,100,99844,100,,,99837,100,,,99806,100
2019-06-28 09:59:30.000000000,100095,390,100023,390,100118,100,99972,100,100195,200,99956,100,100327,28,99940,100,100437,100,99857,100,100487,100,99849,100,100693,100,99844,100,101277,100,99837,100,,,99806,100,,,99714,100
2019-06-28 09:59:30.174400907,100095,390,100023,390,100118,100,99972,100,100195,200,99956,100,100327,28,99940,100,100437,100,99857,100,100487,100,99849,100,100693,100,99844,100,101277,100,99837,100,,,99806,100,,,99714,100
2019-06-28 09:59:40.000000000,100095,245,100023,245,100118,245,99972,245,100195,200,99956,100,100327,28,99940,100,100437,100,99857,100,100487,100,99849,100,100693,100,99844,100,101277,100,99837,100,,,99806,100,,,99714,100
2019-06-28 09:59:46.504958846,100095,245,100023,245,100118,245,99972,245,100195,200,99956,100,100327,28,99940,100,100437,100,99857,100,100487,100,99849,100,100693,100,99844,100,101277,100,99837,100,,,99806,100,,,99714,100
2019-06-28 09:59:50.000000000,100095,172,100023,172,100118,172,99972,172,100195,272,99956,172,100327,100,99940,172,100437,100,99857,100,100487,100,99849,100,100693,100,99844,100,101277,100,99837,100,,,99806,100,,,99714,100
2019-06-28 10:00:00.000000000,100095,172,100023,172,100118,172,99972,172,100195,272,99956,172,100327,100,99940,172,100437,100,99857,100,100487,100,99849,100,100693,100,99844,100,101277,100,99837,100,,,99806,100,,,99714,100
2019-06-28 10:00:10.000000000,100095,158,100023,158,100118,158,99972,158,100195,258,99956,158,100327,86,99940,158,100437,158,99857,158,100487,100,99849,100,100693,100,99844,100,101277,100,99837,100,,,99806,100,,,99714,100
2019-06-28 10:00:19.836810677,100095,158,100023,158,100118,158,99972,158,100195,158,99956,158,100327,86,99940,158,100437,158,99857,158,100487,100,99849,100,100693,100,99844,100,101277,100,99837,100,,,99806,100,,,99714,100
2019-06-28 10:00:20.000000000,100095,245,100023,245,100118,245,99972,245,100195,100,99956,100,100327,28,99940,100,100437,100,99857,100,100487,100,99849,100,100693,100,99844,100,101277,100,99837,100,,,99806,100,,,99714,100
2019-06-28 10:00:30.000000000,100095,245,100023,245,100118,245,99972,245,100195,100,99956,100,100327,28,99940,100,100437,100,99857,100,100487,100,99849,100,100693,100,99844,100,101277,100,99837,100,,,99806,100,,,99714,100
2019-06-28 10:00:38.464531248,100095,245,100023,245,100118,245,99972,245,100195,100,99956,100,100327,28,99940,100,100437,100,99857,100,100487,100,99849,100,100693,100,99844,100,101277,100,99837,100,,,99806,100,,,99714,100
2019-06-28 10:00:40.000000000,100095,158,100023,158,100118,158,99972,158,100195,158,99956,158,100327,86,99940,158,100437,158,99857,158,100487,100,99849,100,100693,100,99844,100,101277,100,99837,100,,,99806,100,,,99714,100
2019-06-28 10:00:50.000000000,100095,199,100023,199,100118,196,99972,196,100195,196,99956,196,100327,28,99940,100,100437,100,99857,100,100487,100,99849,100,100693,100,99844,100,101277,100,99837,100,,,99806,100,,,99714,100
2019-06-28 10:01:00.000000000,100095,199,100023,199,100118,196,99972,196,100195,196,99956,196,100327,28,99940,100,100437,100,99857,100,100487,100,99849,100,100693,100,99844,100,101277,100,99837,100,,,99806,100,,,99714,100
2019-06-28 10:01:10.000000000,100095,199,100023,199,100118,196,99972,196,100195,196,99956,196,100327,28,99940,100,100437,100,99857,100,100487,100,99849,100,100693,100,99844,100,101277,100,99837,100,,,99806,100,,,99714,100
2019-06-28 10:01:20.000000000,100095,172,100023,172,100118,172,99972,172,100195,172,99956,172,100327,100,99940,172,100437,100,99857,100,100487,100,99849,100,100693,100,99844,100,101277,100,99837,100,,,99806,100,,,99714,100
2019-06-28 10:01:30.000000000,100095,245,100023,245,100118,245,99972,245,100195,100,99956,100,100327,28,99940,100,100437,100,99857,100,100487,100,99849,100,100693,100,99844,100,101277,100,99837,100,,,99806,100,,,99714,100
2019-06-28 10:01:40.000000000,100095,390,100023,390,100118,100,99972,100,100195,100,99956,100,100327,28,99940,100,100437,100,99857,100,100487,100,99849,100,100693,100,99844,100,101277,100,99837,100,,,99806,100,,,99714,100
2019-06-28 10:01:49.180882643,100095,390,100023,390,100118,100,99972,100,100195,100,99956,100,100327,28,99940,100,100437,100,99857,100,100487,100,99849,100,100693,100,99844,100,101277,100,99837,100,,,99806,100,,,99633,100
2019-06-28 10:01:50.000000000,100095,390,100023,390,100118,100,99972,100,100195,100,99956,100,100327,28,99940,100,100437,100,99857,100,100487,100,99849,100,100693,100,99844,100,101277,100,99837,100,,,99806,100,,,99633,100
2019-06-28 10:01:55.696218632,100095,390,100023,390,100118,100,99956,100,100195,100,99940,100,100327,28,99857,100,100437,100,99849,100,100487,100,99844,100,100693,100,99837,100,101277,100,99806,100,,,99633,100,,,99399,100
2019-06-28 10:02:00.000000000,100095,172,100023,172,100118,172,99956,172,100195,172,99940,172,100327,100,99857,172,100437,100,99849,100,100487,100,99844,100,100693,100,99837,100,101277,100,99806,100,,,99633,100,,,99399,100
2019-06-28 10:02:10.000000000,100095,158,100023,158,100118,158,99956,158,100195,158,99940,158,100327,86,99857,158,100437,158,99849,158,100487,100,99844,100,100693,100,99837,100,101277,100,99806,100,,,99633,100,,,99399,100
2019-06-28 10:02:20.000000000,100095,245,100023,245,100118,245,99956,245,100195,100,99940,100,100327,28,99857,100,100437,100,99849,100,100487,100,99844,100,100693,100,99837,100,101277,100,99806,100,,,99633,100,,,99399,100
2019-06-28 10:02:30.000000000,100095,390,100023,390,100118,100,99956,100,100195,100,99940,100,100327,28,99857,100,100437,100,99849,100,100487,100,99844,100,100693,100,99837,100,101277,100,99806,100,,,99633,100,,,99399,100
2019-06-28 10:02:40.000000000,100095,199,100023,199,100118,196,99956,196,100195,196,99940,196,100327,28,99857,100,100437,100,99849,100,100487,100,99844,100,100693,100,99837,100,101277,100,99806,100,,,99633,100,,,99399,100
2019-06-28 10:02:42.490072291,100095,199,100023,199,100118,196,99956,196,100195,196,99940,196,100327,28,99857,100,100437,100,99849,100,100487,100,99844,100,100693,100,99837,100,101277,100,99806,100,,,99633,100,,,99399,100
2019-06-28 10:02:50.000000000,100095,199,100023,199,100118,196,99956,196,100195,196,99940,196,100327,28,99857,100,100437,100,99849,100,100487,100,99844,100,100693,100,99837,100,101277,100,99806,100,,,99633,100,,,99399,100
2019-06-28 10:03:00.000000000,100095,245,100023,245,100118,245,99956,245,100195,100,99940,100,100327,28,99857,100,100437,100,99849,100,100487,100,99844,100,100693,100,99837,100,101277,100,99806,100,,,99633,100,,,99399,100
2019-06-28 10:03:00.844206492,100095,245,100023,245,100118,245,99956,245,100195,100,99940,100,100327,28,99857,100,100437,100,99844,100,100487,100,99837,100,100693,100,99806,100,101277,100,99633,100,,,99399,100,,,99332,100
2019-06-28 10:03:04.518618653,100095,245,100023,245,100118,245,99956,245,100195,100,99940,100,100327,28,99857,100,100437,100,99844,100,100487,100,99837,100,100693,100,99806,100,101277,100,99633,100,,,99399,100,,,99332,100
2019-06-28 10:03:10.000000000,100095,172,100023,172,100118,172,99956,172,100195,172,99940,172,100327,100,99857,172,100437,100,99844,100,100487,100,99837,100,100693,100,99806,100,101277,100,99633,100,,,99399,100,,,99332,100
2019-06-28 10:03:11.784978261,100095,172,100023,72,100118,172,99956,172,100195,172,99940,172,100327,100,99857,172,100437,100,99844,100,100487,100,99837,100,100693,100,99806,100,101277,100,99633,100,,,99399,100,,,99332,100
2019-06-28 10:03:20.000000000,100095,158,99956,158,100118,158,99940,158,100195,158,99857,158,100327,86,99844,158,100437,158,99837,158,100487,100,99806,100,100693,100,99633,100,101277,100,99399,100,,,99332,100,,,98040,100
2019-06-28 10:03:28.812739551,100050,100,99956,158,100095,158,99940,158,100118,158,99857,158,100195,158,99844,158,100327,86,99837,158,100437,158,99806,100,100487,100,99633,100,100693,100,99399,100,101277,100,99332,100,,,98040,100
2019-06-28 10:03:29.411610045,100050,100,99956,158,100095,158,99940,158,100118,158,99857,158,100195,158,99844,158,100327,86,99837,158,100437,158,99806,100,100487,100,99633,100,100693,100,99399,100,101277,100,99332,100,,,98040,100
2019-06-28 10:03:30.000000000,100050,158,99956,158,100095,158,99940,158,100118,158,99857,158,100195,158,99844,158,100327,86,99837,158,100437,100,99806,100,100487,100,99633,100,100693,100,99399,100,101277,100,99332,100,,,98040,100
2019-06-28 10:03:40.000000000,100050,245,99956,245,100095,245,99940,245,100118,100,99857,100,100195,100,99844,100,100327,28,99837,100,100437,100,99806,100,100487,100,99633,100,100693,100,99399,100,101277,100,99332,100,,,98040,100
2019-06-28 10:03:40.121644404,100050,245,99956,245,100095,245,99940,245,100118,100,99857,100,100195,100,99844,100,100327,28,99837,100,100437,100,99806,100,100487,100,99633,100,100693,100,99399,100,101277,100,99332,100,,,98040,100
2019-06-28 10:03:43.273246392,100050,245,99956,245,100095,245,99940,245,100118,100,99857,100,100195,100,99844,100,100327,28,99837,100,100437,100,99806,100,100487,100,99399,100,100693,100,99332,100,101277,100,98040,100,,,98014,100
2019-06-28 10:03:44.698072195,100050,245,99956,245,100095,245,99940,245,100118,100,99857,100,100195,100,99844,100,100327,28,99837,100,100437,100,99806,100,100487,100,99399,100,100693,100,99332,100,,,98040,100,,,98014,100
2019-06-28 10:03:50.000000000,100050,158,99956,158,100095,158,99940,158,100118,158,99857,158,100195,158,99844,158,100327,86,99837,158,100437,100,99806,100,100487,100,99399,100,100693,100,99332,100,,,98040,100,,,98014,100
2019-06-28 10:03:54.542558073,100050,158,99956,158,100095,58,99940,158,100118,158,99857,158,100195,158,99844,158,100327,86,99837,158,100437,100,99806,100,100487,100,99399,100,100693,100,99332,100,,,98040,100,,,98014,100
2019-06-28 10:04:00.000000000,100050,199,99956,199,100118,196,99940,196,100195,196,99857,196,100327,28,99844,100,100437,100,99837,100,100487,100,99806,100,100693,100,99399,100,,,99332,100,,,98040,100,,,98014,100
2019-06-28 10:04:04.100316504,100050,199,99956,199,100118,196,99940,196,100195,196,99857,196,100327,28,99844,100,100437,100,99837,100,100487,100,99806,100,100693,100,99399,100,,,99332,100,,,98040,100,,,98014,100
2019-06-28 10:04:10.000000000,100050,158,99956,158,100118,158,99940,158,100195,158,99857,158,100327,86,99844,158,100437,158,99837,158,100487,100,99806,100,100693,100,99399,100,,,99332,100,,,98040,100,,,98014,100
2019-06-28 10:04:20.000000000,100050,199,99956,199,100118,196,99940,196,100195,196,99857,196,100327,28,99844,100,100437,100,99837,100,100487,100,99806,100,100693,100,99399,100,,,99332,100,,,98040,100,,,98014,100
2019-06-28 10:04:30.000000000,100050,158,99956,158,100118,158,99940,158,100195,158,99857,158,100327,86,99844,158,100437,158,99837,158,100487,100,99806,100,100693,100,99399,100,,,99332,100,,,98040,100,,,98014,100
2019-06-28 10:04:38.957751443,100050,258,99956,158,100118,158,99940,158,100195,158,99857,158,100327,86,99844,158,100437,158,99837,158,100487,100,99806,100,100693,100,99399,100,,,99332,100,,,98040,100,,,98014,100
2019-06-28 10:04:40.000000000,100050,345,99956,245,100118,245,99940,245,100195,100,99857,100,100327,28,99844,100,100437,100,99837,100,100487,100,99806,100,100693,100,99399,100,,,99332,100,,,98040,100,,,98014,100
2019-06-28 10:04:50.000000000,100050,299,99956,199,100118,196,99940,196,100195,196,99857,196,100327,28,99844,100,100437,100,99837,100,100487,100,99806,100,100693,100,99399,100,,,99332,100,,,98040,100,,,98014,100
2019-06-28 10:04:51.029845288,100050,299,99956,99,100118,196,99940,96,100195,196,99857,196,100327,28,99844,100,100437,100,99837,100,100487,100,99806,100,100693,100,99399,100,,,99332,100,,,98040,100,,,98014,100
2019-06-28 10:04:52.382385405,99956,1,99940,96,100050,299,99857,196,100118,196,99844,100,100195,196,99837,100,100327,28,99806,100,100437,100,99399,100,100487,100,99332,100,100693,100,98040,100,,,98014,100,,,98000,100
2019-06-28 10:04:58.642264091,99956,1,99940,96,100050,299,99857,196,100118,196,99844,100,100195,196,99837,100,100327,28,99806,100,100437,100,99399,100,100487,100,99332,100,100693,100,98040,100,,,98014,100,,,98000,100
2019-06-28 10:04:59.494947382,99956,1,99940,96,100050,299,99857,196,100118,196,99844,100,100195,196,99837,100,100327,28,99806,100,100437,100,99399,100,100487,100,99332,100,100693,100,98040,100,,,98014,100,,,98000,100
2019-06-28 10:05:00.000000000,99956,291,99857,390,100050,200,99844,100,100118,100,99837,100,100195,100,99806,100,100327,28,99399,100,100437,100,99332,100,100487,100,98040,100,100693,100,98014,100,,,98000,100,,,97942,100
2019-06-28 10:05:10.000000000,99956,73,99857,172,100050,272,99844,172,100118,172,99837,172,100195,172,99806,172,100327,28,99399,100,100437,100,99332,100,100487,100,98040,100,100693,100,98014,100,,,98000,100,,,97942,100
2019-06-28 10:05:16.523482185,99956,73,99857,72,100050,272,99844,172,100118,172,99837,172,100195,172,99806,172,100327,28,99399,100,100437,100,99332,100,100487,100,98040,100,100693,100,98014,100,,,98000,100,,,97942,100
2019-06-28 10:05:17.643073954,99956,73,99857,72,100050,272,99844,172,100118,172,99837,172,100195,172,99806,172,100327,28,99399,100,100437,100,99332,100,100487,100,98040,100,100693,100,98014,100,,,98000,100,,,97942,100
2019-06-28 10:05:17.789471126,99955,100,99857,72,99956,73,99844,172,100050,272,99837,172,100118,172,99806,172,100195,172,99399,100,100327,28,99332,100,100437,100,98040,100,100487,100,98014,100,100693,100,98000,100,,,97942,100
2019-06-28 10:05:20.000000000,99955,172,99844,172,99956,73,99837,172,100050,272,99806,172,100118,172,99399,172,100195,100,99332,100,100327,28,98040,100,100437,100,98014,100,100487,100,98000,100,100693,100,97942,100,,,97914,100
2019-06-28 10:05:30.000000000,99955,245,99844,245,99956,146,99837,245,100050,200,99806,100,100118,100,99399,100,100195,100,99332,100,100327,28,98040,100,100437,100,98014,100,100487,100,98000,100,100693,100,97942,100,,,97914,100
2019-06-28 10:05:40.000000000,99955,158,99844,158,99956,59,99837,158,100050,258,99806,158,100118,158,99399,158,100195,158,99332,158,100327,28,98040,100,100437,100,98014,100,100487,100,98000,100,100693,100,97942,100,,,97914,100
2019-06-28 10:05:43.697189067,99955,158,99844,158,99956,59,99837,158,100050,258,99806,158,100118,158,99399,58,100195,158,99332,158,100327,28,98040,100,100437,100,98014,100,100487,100,98000,100,100693,100,97942,100,,,97914,100
2019-06-28 10:05:49.354940377,99955,158,99844,58,99956,59,99837,158,100050,258,99806,158,100118,158,99399,58,100195,158,99332,158,100327,28,98040,100,100437,100,98014,100,100487,100,98000,100,100693,100,97942,100,,,97914,100
2019-06-28 10:05:50.000000000,99955,158,99837,158,99956,59,99806,158,100050,258,99332,158,100118,158,98040,158,100195,158,98014,158,100327,28,98000,100,100437,100,97942,100,100487,100,97914,100,100693,100,97855,100,,,97732,100
2019-06-28 10:05:53.758578958,99955,158,99837,58,99956,59,99806,158,100050,258,99332,158,100118,158,98040,158,100195,158,98014,158,100327,28,98000,100,100437,100,97942,100,100487,100,97914,100,100693,100,97855,100,,,97732,100
2019-06-28 10:06:00.000000000,99955,199,99806,199,99956,97,99332,196,100050,296,98040,196,100118,100,98014,100,100195,100,98000,100,100327,28,97942,100,100437,100,97914,100,100487,100,97855,100,100693,100,97732,100,,,97579,100
2019-06-28 10:06:03.564272837,99955,199,99806,99,99956,97,99332,196,100050,296,98040,196,100118,100,98014,100,100195,100,98000,100,100327,28,97942,100,100437,100,97914,100,100487,100,97855,100,100693,100,97732,100,,,97579,100
2019-06-28 10:06:10.000000000,99955,158,99332,158,99956,59,98040,158,100050,258,98014,158,100118,158,98000,158,100195,158,97942,158,100327,28,97914,100,100437,100,97855,100,100487,100,97732,100,100693,100,97579,100,,,97554,100
2019-06-28 10:06:20.000000000,99955,199,99332,199,99956,97,98040,196,100050,296,98014,196,100118,100,98000,100,100195,100,97942,100,100327,28,97914,100,100437,100,97855,100,100487,100,97732,100,100693,100,97579,100,,,97554,100
2019-06-28 10:06:30.000000000,99955,245,99332,245,99956,146,98040,245,100050,200,98014,100,100118,100,98000,100,100195,100,97942,100,100327,28,97914,100,100437,100,97855,100,100487,100,97732,100,100693,100,97579,100,,,97554,100
2019-06-28 10:06:40.000000000,99955,172,99332,172,99956,73,98040,172,100050,272,98014,172,100118,172,98000,172,100195,100,97942,100,100327,28,97914,100,100437,100,97855,100,100487,100,97732,100,100693,100,97579,100,,,97554,100
2019-06-28 10:06:41.904539051,99955,172,99332,172,99956,73,98040,72,100050,272,98014,172,100118,172,98000,172,100195,100,97942,100,100327,28,97914,100,100437,100,97855,100,100487,100,97732,100,100693,100,97681,100,,,97579,100
2019-06-28 10:06:48.467735755,99955,172,99332,172,99956,73,98040,72,100050,272,98014,172,100118,172,98000,172,100195,100,97942,100,100327,28,97914,100,100437,100,97855,100,100487,100,97732,100,100693,100,97681,100,,,97579,100
2019-06-28 10:06:50.000000000,99955,158,99332,158,99956,59,98014,158,100050,258,98000,158,100118,158,97942,158,100195,158,97914,158,100327,28,97855,100,100437,100,97732,100,100487,100,97681,100,100693,100,97579,100,,,97554,100
2019-06-28 10:07:00.000000000,99955,245,99332,245,99956,146,98014,245,100050,200,98000,100,100118,100,97942,100,100195,100,97914,100,100327,28,97855,100,100437,100,97732,100,100487,100,97681,100,100693,100,97579,100,,,97554,100
2019-06-28 10:07:06.550824549,99955,245,99332,145,99956,146,98014,245,100050,200,98000,100,100118,100,97942,100,100195,100,97914,100,100327,28,97855,100,100437,100,97732,100,100487,100,97681,100,100693,100,97579,100,,,97554,100
2019-06-28 10:07:10.000000000,99955,245,98014,245,99956,146,98000,245,100050,200,97942,100,100118,100,97914,100,100195,100,97855,100,100327,28,97732,100,100437,100,97681,100,100487,100,97579,100,100693,100,97554,100,,,97516,100
2019-06-28 10:07:20.000000000,99955,245,98014,245,99956,146,98000,245,100050,200,97942,100,100118,100,97914,100,100195,100,97855,100,100327,28,97732,100,100437,100,97681,100,100487,100,97579,100,100693,100,97554,100,,,97516,100
2019-06-28 10:07:26.236655231,99955,245,98014,245,99956,146,98000,245,100050,200,97942,100,100118,100,97914,100,100195,100,97855,100,100327,28,97733,100,100437,100,97732,100,100487,100,97681,100,100693,100,97579,100,,,97554,100
2019-06-28 10:07:30.000000000,99955,390,98014,390,99956,1,98000,100,100050,200,97942,100,100118,100,97914,100,100195,100,97855,100,100327,28,97733,100,100437,100,97732,100,100487,100,97681,100,100693,100,97579,100,,,97554,100
2019-06-28 10:07:40.000000000,99955,390,98014,390,99956,1,98000,100,100050,200,97942,100,100118,100,97914,100,100195,100,97855,100,100327,28,97733,100,100437,100,97732,100,100487,100,97681,100,100693,100,97579,100,,,97554,100
2019-06-28 10:07:40.768641689,99955,390,98014,290,99956,1,98000,100,100050,200,97942,100,100118,100,97914,100,100195,100,97855,100,100327,28,97733,100,100437,100,97732,100,100487,100,97681,100,100693,100,97579,100,,,97554,100
2019-06-28 10:07:48.660917605,98018,100,98014,290,99955,390,98000,100,99956,1,97942,100,100050,200,97914,100,100118,100,97855,100,100195,100,97733,100,100327,28,97732,100,100437,100,97681,100,100487,100,97579,100,100693,100,97554,100
2019-06-28 10:07:50.000000000,98018,172,98000,172,99955,172,97942,172,99956,73,97914,172,100050,272,97855,172,100118,100,97733,100,100195,100,97732,100,100327,28,97681,100,100437,100,97579,100,100487,100,97554,100,100693,100,97516,100
2019-06-28 10:08:00.000000000,98018,199,98000,199,99955,196,97942,196,99956,97,97914,196,100050,200,97855,100,100118,100,97733,100,100195,100,97732,100,100327,28,97681,100,100437,100,97579,100,100487,100,97554,100,100693,100,97516,100
