,ask_price_1,ask_size_1,bid_price_1,bid_size_1,ask_price_2,ask_size_2,bid_price_2,bid_size_2,ask_price_3,ask_size_3,bid_price_3,bid_size_3,ask_price_4,ask_size_4,bid_price_4,bid_size_4,ask_price_5,ask_size_5,bid_price_5,bid_size_5,ask_price_6,ask_size_6,bid_price_6,bid_size_6,ask_price_7,ask_size_7,bid_price_7,bid_size_7,ask_price_8,ask_size_8,bid_price_8,bid_size_8,ask_price_9,ask_size_9,bid_price_9,bid_size_9,ask_price_10,ask_size_10,bid_price_10,bid_size_10
2019-06-28 09:30:00.000000000,100047,100,,,,,,,,,,,,,,,,,,,,,,,,,,,,,,,,,,,,,,
2019-06-28 09:30:00.000000001,100044,100,,,100047,100,,,100218,100,,,,,,,,,,,,,,,,,,,,,,,,,,,,,,
2019-06-28 09:30:00.000000006,100044,100,99906,100,100047,100,99889,100,100218,100,,,,,,,,,,,,,,,,,,,,,,,,,,,,,,
2019-06-28 09:30:00.000000010,100044,100,99906,100,100047,100,99889,100,100218,100,99874,100,,,,,,,,,,,,,,,,,,,,,,,,,,,,
2019-06-28 09:30:00.000000011,100044,100,99906,100,100047,100,99889,100,100110,100,99874,100,100115,100,,,100218,100,,,,,,,,,,,,,,,,,,,,,,
2019-06-28 09:30:00.000000014,100044,100,99953,100,100047,100,99906,100,100110,100,99889,100,100115,100,99874,100,100218,100,99858,100,,,99807,100,,,,,,,,,,,,,,,,
2019-06-28 09:30:00.000000015,100044,100,99953,100,100047,100,99906,100,100089,100,99889,100,100110,100,99874,100,100115,100,99858,100,100218,100,99807,100,,,,,,,,,,,,,,,,
2019-06-28 09:30:00.000000017,100031,100,99953,100,100044,100,99906,100,100047,100,99889,100,100089,100,99874,100,100110,100,99858,100,100115,100,99807,100,100218,100,,,,,,,,,,,,,,
2019-06-28 09:30:00.000000020,100031,100,99906,100,100044,100,99889,100,100047,100,99874,100,100089,100,99858,100,100110,100,99807,100,100115,100,,,100218,100,,,,,,,,,,,,,,
2019-06-28 09:30:00.000000021,100044,100,99909,100,100047,100,99906,100,100089,100,99889,100,100110,100,99874,100,100115,100,99858,100,100218,100,99807,100,,,,,,,,,,,,,,,,
2019-06-28 09:30:00.000000022,99982,100,99909,100,100044,100,99906,100,100047,100,99889,100,100089,100,99874,100,100110,100,99858,100,100115,100,99807,100,100218,100,,,,,,,,,,,,,,
2019-06-28 09:30:00.000000028,100044,100,99909,100,100047,100,99906,100,100089,100,99889,100,100110,100,99874,100,100115,100,99858,100,100218,100,99807,100,,,,,,,,,,,,,,,,
2019-06-28 09:30:00.000000031,100044,100,99909,100,100047,100,99906,100,100089,100,99889,100,100110,100,99874,100,100115,100,99858,100,100122,100,99807,100,100218,100,,,,,,,,,,,,,,
2019-06-28 09:30:00.000000032,100044,100,100002,100,100047,100,99909,100,100089,100,99906,100,100110,100,99889,100,100115,100,99874,100,100122,100,99858,100,100218,100,99807,100,,,,,,,,,,,,
2019-06-28 09:30:00.000000034,100044,100,100002,100,100047,100,99993,100,100089,100,99909,100,100110,100,99906,100,100115,100,99889,100,100122,100,99874,100,100218,100,99858,100,,,99807,100,,,,,,,,
2019-06-28 09:30:00.000000037,100044,100,100002,100,100047,100,99993,100,100089,100,99982,100,100110,100,99909,100,100115,100,99906,100,100122,100,99889,100,100218,100,99874,100,,,99858,100,,,99807,100,,,,
2019-06-28 09:30:00.000000039,100031,100,100002,100,100044,100,99993,100,100047,100,99982,100,100089,100,99909,100,100110,100,99906,100,100115,100,99889,100,100122,100,99874,100,100218,100,99858,100,,,99807,100,,,,
2019-06-28 09:30:00.000000040,100031,100,100002,100,100044,100,99993,100,100047,100,99982,200,100089,100,99909,100,100110,100,99906,100,100115,100,99889,100,100122,100,99874,100,100218,100,99858,100,,,99807,100,,,,
2019-06-28 09:30:00.000000043,100031,100,100002,100,100032,100,99993,100,100044,100,99982,300,100047,100,99909,100,100089,100,99906,100,100110,100,99889,100,100115,100,99874,100,100122,100,99858,100,100218,100,99807,100,,,,
2019-06-28 09:30:00.000000044,100031,100,99993,100,100032,100,99982,300,100044,100,99909,100,100047,100,99906,100,100089,100,99889,100,100110,100,99874,100,100115,100,99858,100,100122,100,99807,100,100218,100,,,,,,
2019-06-28 09:30:00.000000046,100031,100,100010,100,100032,100,99993,100,100044,100,99982,300,100047,100,99909,100,100089,100,99906,100,100110,100,99889,100,100115,100,99874,100,100122,100,99858,100,100218,100,99807,100,,,,
2019-06-28 09:30:00.000000047,100031,100,100010,100,100032,100,99993,100,100044,100,99982,300,100047,100,99909,100,100089,100,99906,100,100110,100,99889,100,100115,100,99874,100,100122,100,99858,100,100141,100,99807,100,100218,100,,
2019-06-28 09:30:00.000000051,100031,100,100010,100,100032,100,99993,100,100044,100,99982,300,100047,100,99909,100,100089,100,99906,100,100110,100,99902,100,100115,100,99889,100,100122,100,99874,100,100141,100,99858,100,100218,100,99807,100
2019-06-28 09:30:00.000000052,100031,100,99995,100,100032,100,99993,100,100044,100,99982,300,100047,100,99909,100,100089,100,99906,100,100110,100,99902,100,100115,100,99889,100,100122,100,99874,100,100141,100,99858,100,100218,100,99807,100
2019-06-28 09:30:00.000000054,100010,100,99995,100,100031,100,99993,100,100032,100,99982,300,100044,100,99909,100,100047,100,99906,100,100089,100,99902,100,100110,100,99889,100,100112,100,99874,100,100115,100,99858,100,100122,100,99807,100
2019-06-28 09:30:00.000000057,100010,100,99995,100,100031,100,99993,100,100032,100,99982,300,100044,100,99963,100,100047,100,99909,100,100089,100,99906,100,100110,100,99902,100,100112,100,99889,100,100115,100,99874,100,100122,100,99858,100
2019-06-28 09:30:00.000000059,100010,100,99995,100,100031,100,99993,100,100032,100,99982,300,100044,100,99963,100,100047,100,99935,100,100089,100,99909,100,100110,100,99906,100,100112,100,99902,100,100115,100,99889,100,100122,100,99874,100
2019-06-28 09:30:00.000000061,100010,100,99995,100,100031,100,99993,100,100032,100,99982,300,100044,100,99963,100,100047,100,99935,200,100089,100,99909,100,100110,100,99906,100,100112,100,99902,100,100115,100,99889,100,100122,100,99874,100
2019-06-28 09:30:00.000000062,100010,100,99995,100,100031,100,99993,100,100032,100,99982,300,100044,100,99963,100,100047,100,99935,200,100089,100,99909,100,100110,100,99906,100,100112,100,99902,100,100115,200,99889,100,100122,100,99874,100
2019-06-28 09:30:00.000000063,100031,100,99995,100,100032,100,99993,100,100044,100,99982,300,100047,100,99963,100,100089,100,99935,200,100110,100,99909,100,100112,100,99906,100,100115,200,99902,100,100122,100,99889,100,100141,100,99874,100
2019-06-28 09:30:00.000000065,100031,100,99995,100,100032,100,99993,100,100044,100,99982,300,100047,100,99963,100,100089,100,99935,200,100110,100,99930,100,100112,100,99909,100,100115,200,99906,100,100122,100,99902,100,100141,100,99889,100
2019-06-28 09:30:00.000000068,100031,100,99995,100,100032,100,99993,100,100044,100,99982,300,100047,100,99963,100,100089,100,99935,200,100110,100,99930,100,100112,100,99909,100,100115,200,99906,100,100118,100,99902,100,100122,100,99889,100
2019-06-28 09:30:00.000000070,100020,100,99995,100,100031,100,99993,100,100032,100,99982,300,100044,100,99963,100,100047,100,99935,200,100089,100,99930,100,100110,100,99909,100,100112,100,99906,100,100115,200,99902,100,100118,100,99889,100
2019-06-28 09:30:00.000000072,100020,100,99995,100,100031,100,99993,100,100032,100,99982,300,100044,100,99963,100,100047,100,99935,200,100065,100,99930,100,100089,100,99909,100,100110,100,99906,100,100112,100,99902,100,100115,200,99889,100
2019-06-28 09:30:00.000000078,100020,100,100016,100,100031,100,99995,100,100032,100,99993,100,100044,100,99982,300,100047,100,99963,100,100065,100,99935,200,100080,100,99930,100,100089,100,99909,100,100110,100,99906,100,100112,100,99902,100
2019-06-28 09:30:00.000000079,100020,100,100016,100,100031,100,99995,100,100032,100,99993,100,100044,100,99982,300,100047,100,99963,100,100065,100,99935,200,100080,100,99930,100,100089,100,99909,100,100110,100,99906,100,100112,100,99902,100
2019-06-28 09:30:00.000000080,100017,100,100016,100,100020,100,99995,100,100031,100,99993,100,100032,100,99982,300,100044,100,99963,100,100047,100,99935,200,100065,100,99930,100,100080,100,99909,100,100089,100,99906,100,100110,100,99902,100
2019-06-28 09:30:00.000000081,100017,100,100016,100,100020,100,99995,100,100031,100,99993,100,100032,100,99982,300,100044,100,99963,100,100047,100,99935,200,100065,100,99930,100,100074,100,99909,100,100080,100,99906,100,100089,100,99902,100
2019-06-28 09:30:00.000000083,100017,100,99995,100,100020,100,99993,100,100031,100,99982,300,100032,100,99963,100,100044,100,99935,200,100047,100,99930,100,100065,100,99909,100,100074,100,99906,100,100080,100,99902,100,100089,100,99889,100
2019-06-28 09:30:00.000000084,100017,100,99995,100,100020,100,99993,100,100031,100,99982,300,100032,100,99963,100,100039,100,99935,200,100044,100,99930,100,100047,100,99909,100,100065,100,99906,100,100074,100,99902,100,100080,100,99889,100
2019-06-28 09:30:00.000000085,100017,100,99995,100,100020,100,99993,100,100031,100,99982,300,100032,100,99963,100,100039,100,99935,200,100044,100,99930,100,100047,100,99909,100,100055,100,99906,100,100065,100,99902,100,100074,100,99889,100
2019-06-28 09:30:00.000000086,100017,100,100010,100,100020,100,99995,100,100031,100,99993,100,100032,100,99982,300,100039,100,99963,100,100044,100,99935,200,100047,100,99930,100,100055,100,99909,100,100065,100,99906,100,100074,100,99902,100
2019-06-28 09:30:00.000000087,100017,100,100010,100,100020,100,99995,100,100031,100,99993,100,100032,100,99982,300,100039,100,99963,100,100044,100,99936,100,100047,100,99935,200,100055,100,99930,100,100065,100,99909,100,100074,100,99906,100
2019-06-28 09:30:00.000000088,100017,100,100010,100,100020,100,99995,100,100031,100,99993,100,100032,100,99982,300,100039,100,99963,100,100042,100,99936,100,100044,100,99935,200,100047,100,99930,100,100055,100,99909,100,100065,100,99906,100
2019-06-28 09:30:00.000000089,100017,100,100010,200,100020,100,99995,100,100031,100,99993,100,100032,100,99982,300,100039,100,99963,100,100042,100,99936,100,100044,100,99935,200,100047,100,99930,100,100055,100,99909,100,100065,100,99906,100
2019-06-28 09:30:00.000000091,100017,100,100010,200,100020,100,99995,100,100031,100,99993,100,100032,100,99982,300,100039,100,99963,100,100042,100,99936,100,100044,100,99935,200,100047,100,99930,100,100055,100,99909,100,100065,100,99906,100
2019-06-28 09:30:00.000000093,100017,100,100010,200,100020,100,99995,100,100031,100,99993,100,100032,100,99982,300,100039,100,99963,100,100042,100,99936,100,100044,100,99935,200,100047,100,99930,100,100048,100,99909,100,100055,100,99906,100
2019-06-28 09:30:00.000000094,100017,100,100010,200,100020,100,99995,100,100031,100,99993,100,100032,100,99982,300,100039,100,99972,100,100042,100,99963,100,100044,100,99936,100,100047,100,99935,200,100048,100,99930,100,100055,100,99909,100
2019-06-28 09:30:00.000000096,100016,200,100010,200,100017,100,99995,100,100020,100,99993,100,100026,100,99982,300,100031,100,99972,100,100032,100,99963,100,100039,100,99936,100,100042,100,99935,200,100044,100,99930,100,100047,100,99909,100
2019-06-28 09:30:00.000000097,100016,200,100010,200,100017,100,99995,100,100020,100,99993,100,100026,100,99982,300,100031,100,99972,100,100032,100,99963,100,100039,100,99937,100,100042,100,99936,100,100044,100,99935,200,100047,100,99930,100
2019-06-28 09:30:00.000000099,100016,200,100010,200,100017,100,99995,100,100020,100,99993,100,100026,100,99982,300,100031,100,99972,100,100032,100,99963,100,100039,100,99937,100,100042,100,99936,100,100044,100,99935,200,100047,100,99930,100
2019-06-28 09:30:10.000000000,100016,346,100010,346,100017,246,99995,246,100020,100,99993,100,100026,100,99982,300,100031,100,99972,100,100032,100,99963,100,100039,100,99937,100,100042,100,99936,100,100044,100,99935,200,100047,100,99930,100
2019-06-28 09:30:18.402037829,100016,246,100010,346,100017,246,99995,246,100020,100,99993,100,100026,100,99982,300,100031,100,99972,100,100032,100,99963,100,100039,100,99937,100,100042,100,99936,100,100044,100,99935,200,100047,100,99930,100
2019-06-28 09:30:20.000000000,100016,158,100010,258,100017,158,99995,158,100020,158,99993,158,100026,158,99982,358,100031,158,99972,158,100032,100,99963,100,100039,100,99937,100,100042,100,99936,100,100044,100,99935,200,100047,100,99930,100
2019-06-28 09:30:30.000000000,100016,392,100010,492,100017,100,99995,100,100020,100,99993,100,100026,100,99982,300,100031,100,99972,100,100032,100,99963,100,100039,100,99937,100,100042,100,99936,100,100044,100,99935,200,100047,100,99930,100
2019-06-28 09:30:39.417338367,100016,392,100010,492,100017,100,99995,100,100020,100,99993,100,100026,100,99982,300,100031,100,99972,100,100039,100,99963,100,100042,100,99937,100,100044,100,99936,100,100047,100,99935,200,100048,100,99930,100
2019-06-28 09:30:40.000000000,100016,246,100010,346,100017,246,99995,246,100020,100,99993,100,100026,100,99982,300,100031,100,99972,100,100039,100,99963,100,100042,100,99937,100,100044,100,99936,100,100047,100,99935,200,100048,100,99930,100
2019-06-28 09:30:50.000000000,100016,392,100010,492,100017,100,99995,100,100020,100,99993,100,100026,100,99982,300,100031,100,99972,100,100039,100,99963,100,100042,100,99937,100,100044,100,99936,100,100047,100,99935,200,100048,100,99930,100
2019-06-28 09:31:00.000000000,100016,199,100010,299,100017,196,99995,196,100020,196,99993,196,100026,100,99982,300,100031,100,99972,100,100039,100,99963,100,100042,100,99937,100,100044,100,99936,100,100047,100,99935,200,100048,100,99930,100
2019-06-28 09:31:10.000000000,100016,392,100010,492,100017,100,99995,100,100020,100,99993,100,100026,100,99982,300,100031,100,99972,100,100039,100,99963,100,100042,100,99937,100,100044,100,99936,100,100047,100,99935,200,100048,100,99930,100
2019-06-28 09:31:20.000000000,100016,392,100010,492,100017,100,99995,100,100020,100,99993,100,100026,100,99982,300,100031,100,99972,100,100039,100,99963,100,100042,100,99937,100,100044,100,99936,100,100047,100,99935,200,100048,100,99930,100
2019-06-28 09:31:30.000000000,100016,158,100010,258,100017,158,99995,158,100020,158,99993,158,100026,158,99982,358,100031,158,99972,158,100039,100,99963,100,100042,100,99937,100,100044,100,99936,100,100047,100,99935,200,100048,100,99930,100
2019-06-28 09:31:40.000000000,100016,392,100010,492,100017,100,99995,100,100020,100,99993,100,100026,100,99982,300,100031,100,99972,100,100039,100,99963,100,100042,100,99937,100,100044,100,99936,100,100047,100,99935,200,100048,100,99930,100
2019-06-28 09:31:50.000000000,100016,246,100010,346,100017,246,99995,246,100020,100,99993,100,100026,100,99982,300,100031,100,99972,100,100039,100,99963,100,100042,100,99937,100,100044,100,99936,100,100047,100,99935,200,100048,100,99930,100
2019-06-28 09:32:00.000000000,100016,173,100010,273,100017,173,99995,173,100020,173,99993,173,100026,173,99982,373,100031,100,99972,100,100039,100,99963,100,100042,100,99937,100,100044,100,99936,100,100047,100,99935,200,100048,100,99930,100
2019-06-28 09:32:10.000000000,100016,173,100010,273,100017,173,99995,173,100020,173,99993,173,100026,173,99982,373,100031,100,99972,100,100039,100,99963,100,100042,100,99937,100,100044,100,99936,100,100047,100,99935,200,100048,100,99930,100
2019-06-28 09:32:20.000000000,100016,158,100010,258,100017,158,99995,158,100020,158,99993,158,100026,158,99982,358,100031,158,99972,158,100039,100,99963,100,100042,100,99937,100,100044,100,99936,100,100047,100,99935,200,100048,100,99930,100
2019-06-28 09:32:30.000000000,100016,199,100010,299,100017,196,99995,196,100020,196,99993,196,100026,100,99982,300,100031,100,99972,100,100039,100,99963,100,100042,100,99937,100,100044,100,99936,100,100047,100,99935,200,100048,100,99930,100
2019-06-28 09:32:31.513768640,100016,299,100010,199,100017,196,99995,196,100020,196,99993,196,100026,100,99982,300,100031,100,99972,100,100039,100,99963,100,100042,100,99937,100,100044,100,99936,100,100047,100,99935,200,100048,100,99930,100
2019-06-28 09:32:40.000000000,100016,346,100010,246,100017,246,99995,246,100020,100,99993,100,100026,100,99982,300,100031,100,99972,100,100039,100,99963,100,100042,100,99937,100,100044,100,99936,100,100047,100,99935,200,100048,100,99930,100
2019-06-28 09:32:47.894510427,100016,346,100010,246,100017,246,99995,246,100020,100,99993,100,100026,100,99982,200,100031,100,99972,100,100039,100,99963,100,100042,100,99937,100,100044,100,99936,100,100047,100,99935,200,100048,100,99930,100
2019-06-28 09:32:50.000000000,100016,299,100010,199,100017,196,99995,196,100020,196,99993,196,100026,100,99982,200,100031,100,99972,100,100039,100,99963,100,100042,100,99937,100,100044,100,99936,100,100047,100,99935,200,100048,100,99930,100
2019-06-28 09:32:53.338842933,100016,299,100010,99,100017,196,99995,196,100020,96,99993,196,100026,100,99982,200,100031,100,99972,100,100039,100,99963,100,100042,100,99937,100,100044,100,99936,100,100047,100,99935,200,100048,100,99930,100
2019-06-28 09:33:00.000000000,100016,258,99995,158,100017,158,99993,158,100026,158,99982,258,100031,158,99972,158,100039,158,99963,158,100042,100,99937,100,100044,100,99936,100,100047,100,99935,200,100048,100,99930,100,100055,100,99909,100
2019-06-28 09:33:10.000000000,100016,492,99995,392,100017,100,99993,100,100026,100,99982,200,100031,100,99972,100,100039,100,99963,100,100042,100,99937,100,100044,100,99936,100,100047,100,99935,200,100048,100,99930,100,100055,100,99909,100
2019-06-28 09:33:20.000000000,100016,492,99995,392,100017,100,99993,100,100026,100,99982,200,100031,100,99972,100,100039,100,99963,100,100042,100,99937,100,100044,100,99936,100,100047,100,99935,200,100048,100,99930,100,100055,100,99909,100
2019-06-28 09:33:30.000000000,100016,258,99995,158,100017,158,99993,158,100026,158,99982,258,100031,158,99972,158,100039,158,99963,158,100042,100,99937,100,100044,100,99936,100,100047,100,99935,200,100048,100,99930,100,100055,100,99909,100
2019-06-28 09:33:40.000000000,100016,346,99995,246,100017,246,99993,246,100026,100,99982,200,100031,100,99972,100,100039,100,99963,100,100042,100,99937,100,100044,100,99936,100,100047,100,99935,200,100048,100,99930,100,100055,100,99909,100
2019-06-28 09:33:44.984753125,100016,346,99995,246,100017,246,99993,246,100026,100,99982,200,100031,200,99972,100,100039,100,99963,100,100042,100,99937,100,100044,100,99936,100,100047,100,99935,200,100048,100,99930,100,100055,100,99909,100
2019-06-28 09:33:49.269345749,100015,100,99995,246,100016,246,99993,246,100017,246,99982,200,100026,100,99972,100,100031,200,99963,100,100039,100,99937,100,100042,100,99936,100,100044,100,99935,200,100047,100,99930,100,100048,100,99909,100
2019-06-28 09:33:50.000000000,100015,173,99995,173,100016,173,99993,173,100017,173,99982,273,100026,173,99972,173,100031,200,99963,100,100039,100,99937,100,100042,100,99936,100,100044,100,99935,200,100047,100,99930,100,100048,100,99909,100
2019-06-28 09:33:55.679531105,100015,173,99995,173,100016,173,99993,173,100017,173,99982,273,100026,173,99972,173,100031,200,99963,100,100039,100,99937,100,100042,100,99936,100,100044,100,99935,200,100048,100,99930,100,100055,100,99909,100
2019-06-28 09:34:00.000000000,100015,173,99995,173,100016,173,99993,173,100017,173,99982,273,100026,173,99972,173,100031,200,99963,100,100039,100,99937,100,100042,100,99936,100,100044,100,99935,200,100048,100,99930,100,100055,100,99909,100
2019-06-28 09:34:10.000000000,100015,173,99995,173,100016,173,99993,173,100017,173,99982,273,100026,173,99972,173,100031,200,99963,100,100039,100,99937,100,100042,100,99936,100,100044,100,99935,200,100048,100,99930,100,100055,100,99909,100
2019-06-28 09:34:13.492415765,100015,173,99995,173,100016,173,99993,173,100017,173,99982,273,100026,173,99972,173,100031,200,99963,100,100039,100,99937,100,100042,100,99936,100,100044,100,99935,200,100048,100,99930,100,100055,100,99909,100
2019-06-28 09:34:19.429371919,100015,173,99995,173,100016,173,99993,173,100017,173,99982,273,100026,173,99972,173,100031,200,99963,100,100039,100,99937,100,100044,100,99936,100,100048,100,99935,200,100055,100,99930,100,100065,100,99909,100
2019-06-28 09:34:20.000000000,100015,392,99995,392,100016,100,99993,100,100017,100,99982,200,100026,100,99972,100,100031,200,99963,100,100039,100,99937,100,100044,100,99936,100,100048,100,99935,200,100055,100,99930,100,100065,100,99909,100
2019-06-28 09:34:29.052850641,100015,392,99995,292,100016,100,99993,100,100017,100,99982,200,100026,100,99972,100,100031,200,99963,100,100039,100,99937,100,100044,100,99936,100,100048,100,99935,200,100055,100,99930,100,100065,100,99909,100
2019-06-28 09:34:30.000000000,100015,199,99993,199,100016,196,99982,296,100017,196,99972,196,100026,100,99963,100,100031,200,99937,100,100039,100,99936,100,100044,100,99935,200,100048,100,99930,100,100055,100,99909,100,100065,100,99906,100
2019-06-28 09:34:31.060121470,100015,199,99993,199,100016,196,99982,296,100017,196,99972,196,100026,100,99963,100,100031,200,99937,100,100039,100,99936,100,100044,100,99935,200,100048,100,99930,100,100055,100,99909,100,100065,100,99906,100
2019-06-28 09:34:40.000000000,100015,158,99993,158,100016,158,99982,258,100017,158,99972,158,100026,158,99963,158,100031,258,99937,158,100039,100,99936,100,100044,100,99935,200,100048,100,99930,100,100055,100,99909,100,100065,100,99906,100
2019-06-28 09:34:41.004002489,100015,158,99993,58,100016,158,99982,258,100017,158,99972,158,100026,158,99963,158,100031,258,99937,158,100039,100,99936,100,100044,100,99935,200,100048,100,99930,100,100055,100,99909,100,100065,100,99906,100
2019-06-28 09:34:44.072337036,99995,100,99993,58,100015,158,99982,258,100016,158,99972,158,100017,158,99963,158,100026,158,99937,158,100031,258,99936,100,100039,100,99935,200,100044,100,99930,100,100048,100,99909,100,100055,100,99906,100
2019-06-28 09:34:50.000000000,99995,246,99982,346,100015,246,99972,246,100016,100,99963,100,100017,100,99937,100,100026,100,99936,100,100031,200,99935,200,100039,100,99930,100,100044,100,99909,100,100048,100,99906,100,100055,100,99902,100
2019-06-28 09:34:57.877196856,99995,246,99982,346,100015,246,99972,146,100016,100,99963,100,100017,100,99937,100,100026,100,99936,100,100031,200,99935,200,100039,100,99930,100,100044,100,99909,100,100048,100,99906,100,100055,100,99902,100
2019-06-28 09:35:00.000000000,99995,158,99982,258,100015,158,99963,158,100016,158,99937,158,100017,158,99936,158,100026,158,99935,258,100031,200,99930,100,100039,100,99909,100,100044,100,99906,100,100048,100,99902,100,100055,100,99889,100
2019-06-28 09:35:10.000000000,99995,199,99982,299,100015,196,99963,196,100016,196,99937,196,100017,100,99936,100,100026,100,99935,200,100031,200,99930,100,100039,100,99909,100,100044,100,99906,100,100048,100,99902,100,100055,100,99889,100
2019-06-28 09:35:20.000000000,99995,199,99982,299,100015,196,99963,196,100016,196,99937,196,100017,100,99936,100,100026,100,99935,200,100031,200,99930,100,100039,100,99909,100,100044,100,99906,100,100048,100,99902,100,100055,100,99889,100
2019-06-28 09:35:26.426823940,99995,199,99982,299,100015,196,99963,196,100016,196,99937,196,100017,100,99936,100,100026,100,99935,200,100031,200,99930,100,100039,100,99909,100,100044,100,99906,100,100048,100,99902,100,100055,100,99884,100
2019-06-28 09:35:30.000000000,99995,392,99982,492,100015,100,99963,100,100016,100,99937,100,100017,100,99936,100,100026,100,99935,200,100031,200,99930,100,100039,100,99909,100,100044,100,99906,100,100048,100,99902,100,100055,100,99884,100
2019-06-28 09:35:40.000000000,99995,199,99982,299,100015,196,99963,196,100016,196,99937,196,100017,100,99936,100,100026,100,99935,200,100031,200,99930,100,100039,100,99909,100,100044,100,99906,100,100048,100,99902,100,100055,100,99884,100
2019-06-28 09:35:43.044669657,99995,299,99982,299,100015,196,99963,196,100016,196,99937,196,100017,100,99936,100,100026,100,99935,200,100031,200,99930,100,100039,100,99909,100,100044,100,99906,100,100048,100,99902,100,100055,100,99884,100
2019-06-28 09:35:50.000000000,99995,273,99982,273,100015,173,99963,173,100016,173,99937,173,100017,173,99936,173,100026,100,99935,200,100031,200,99930,100,100039,100,99909,100,100044,100,99906,100,100048,100,99902,100,100055,100,99884,100
2019-06-28 09:36:00.000000000,99995,273,99982,273,100015,173,99963,173,100016,173,99937,173,100017,173,99936,173,100026,100,99935,200,100031,200,99930,100,100039,100,99909,100,100044,100,99906,100,100048,100,99902,100,100055,100,99884,100
2019-06-28 09:36:05.133745611,99995,273,99982,173,100015,173,99963,173,100016,173,99937,173,100017,173,99936,173,100026,100,99935,200,100031,200,99930,100,100039,100,99909,100,100044,100,99906,100,100048,100,99902,100,100055,100,99884,100
2019-06-28 09:36:10.000000000,99995,258,99982,158,100015,158,99963,158,100016,158,99937,158,100017,158,99936,158,100026,158,99935,258,100031,200,99930,100,100039,100,99909,100,100044,100,99906,100,100048,100,99902,100,100055,100,99884,100
2019-06-28 09:36:17.601176697,99995,258,99982,158,100015,158,99963,158,100016,158,99937,158,100017,158,99936,158,100026,158,99935,258,100031,200,99930,100,100039,100,99909,100,100044,100,99906,100,100048,100,99902,100,100055,100,99884,100
2019-06-28 09:36:18.007194191,99995,258,99982,58,100015,158,99963,158,100016,158,99937,158,100017,158,99936,158,100026,158,99935,258,100031,200,99930,100,100039,100,99909,100,100044,100,99906,100,100048,100,99902,100,100055,100,99884,100
2019-06-28 09:36:20.000000000,99995,258,99963,158,100015,158,99937,158,100016,158,99936,158,100017,158,99935,258,100026,158,99930,158,100031,200,99909,100,100039,100,99906,100,100044,100,99902,100,100048,100,99884,100,100055,100,99874,100
2019-06-28 09:36:29.696983066,99982,100,99963,158,99995,258,99937,158,100015,158,99936,158,100016,158,99935,258,100017,158,99930,158,100026,158,99909,100,100031,200,99906,100,100039,100,99902,100,100044,100,99884,100,100048,100,99874,100
2019-06-28 09:36:30.000000000,99982,246,99963,246,99995,346,99937,246,100015,100,99936,100,100016,100,99935,200,100017,100,99930,100,100026,100,99909,100,100031,200,99906,100,100039,100,99902,100,100044,100,99884,100,100048,100,99874,100
2019-06-28 09:36:37.653177956,99982,246,99963,146,99995,346,99937,246,100015,100,99936,100,100016,100,99935,200,100026,100,99930,100,100031,200,99909,100,100039,100,99906,100,100044,100,99902,100,100048,100,99884,100,100055,100,99874,100
2019-06-28 09:36:40.000000000,99982,199,99937,199,99995,296,99936,196,100015,196,99935,296,100016,100,99930,100,100026,100,99909,100,100031,200,99906,100,100039,100,99902,100,100044,100,99884,100,100048,100,99874,100,100055,100,99873,100
2019-06-28 09:36:44.875904698,99982,199,99937,99,99995,296,99936,196,100015,196,99935,296,100016,100,99930,100,100026,100,99909,100,100031,200,99906,100,100039,100,99902,100,100044,100,99884,100,100048,100,99874,100,100055,100,99873,100
2019-06-28 09:36:50.000000000,99982,158,99936,158,99995,258,99935,258,100015,158,99930,158,100016,158,99909,158,100026,158,99906,158,100031,200,99902,100,100039,100,99884,100,100044,100,99874,100,100048,100,99873,100,100055,100,99870,100
2019-06-28 09:36:59.570829058,99963,100,99936,158,99982,158,99935,258,99995,258,99930,158,100015,158,99909,158,100016,158,99906,158,100026,158,99902,100,100031,200,99884,100,100039,100,99874,100,100044,100,99873,100,100048,100,99870,100
2019-06-28 09:37:00.000000000,99963,246,99936,246,99982,246,99935,346,99995,200,99930,100,100015,100,99909,100,100016,100,99906,100,100026,100,99902,100,100031,200,99884,100,100039,100,99874,100,100044,100,99873,100,100048,100,99870,100
2019-06-28 09:37:02.965849891,99963,346,99936,246,99982,246,99935,346,99995,200,99930,100,100015,100,99909,100,100016,100,99906,100,100026,100,99902,100,100031,200,99884,100,100039,100,99874,100,100044,100,99873,100,100048,100,99870,100
2019-06-28 09:37:10.000000000,99963,492,99936,392,99982,100,99935,200,99995,200,99930,100,100015,100,99909,100,100016,100,99906,100,100026,100,99902,100,100031,200,99884,100,100039,100,99874,100,100044,100,99873,100,100048,100,99870,100
2019-06-28 09:37:16.037088889,99963,492,99936,392,99982,100,99935,200,99995,200,99930,100,100015,100,99909,100,100016,100,99906,100,100026,100,99902,100,100031,200,99884,100,100039,100,99874,100,100044,100,99873,100,100048,100,99870,100
2019-06-28 09:37:20.000000000,99963,273,99936,173,99982,173,99935,273,99995,273,99930,173,100015,173,99909,173,100016,100,99906,100,100026,100,99902,100,100031,200,99884,100,100039,100,99874,100,100044,100,99873,100,100048,100,99870,100
2019-06-28 09:37:30.000000000,99963,346,99936,246,99982,246,99935,346,99995,200,99930,100,100015,100,99909,100,100016,100,99906,100,100026,100,99902,100,100031,200,99884,100,100039,100,99874,100,100044,100,99873,100,100048,100,99870,100
2019-06-28 09:37:39.039022794,99963,346,99936,246,99982,246,99935,346,99995,200,99930,100,100015,100,99906,100,100016,100,99902,100,100026,100,99884,100,100031,200,99874,100,100039,100,99873,100,100044,100,99870,100,100048,100,99861,100
2019-06-28 09:37:40.000000000,99963,492,99936,392,99982,100,99935,200,99995,200,99930,100,100015,100,99906,100,100016,100,99902,100,100026,100,99884,100,100031,200,99874,100,100039,100,99873,100,100044,100,99870,100,100048,100,99861,100
2019-06-28 09:37:47.839014916,99963,492,99936,292,99982,100,99935,200,99995,200,99930,100,100015,100,99906,100,100016,100,99902,100,100026,100,99884,100,100031,200,99874,100,100039,100,99873,100,100044,100,99870,100,100048,100,99861,100
2019-06-28 09:37:50.000000000,99963,273,99935,273,99982,173,99930,173,99995,273,99906,173,100015,173,99902,173,100016,100,99884,100,100026,100,99874,100,100031,200,99873,100,100039,100,99870,100,100044,100,99861,100,100048,100,99839,100
2019-06-28 09:38:00.000000000,99963,492,99935,492,99982,100,99930,100,99995,200,99906,100,100015,100,99902,100,100016,100,99884,100,100026,100,99874,100,100031,200,99873,100,100039,100,99870,100,100044,100,99861,100,100048,100,99839,100
2019-06-28 09:38:04.089655151,99963,492,99935,392,99982,100,99930,100,99995,200,99906,100,100015,100,99902,100,100016,100,99884,100,100026,100,99874,100,100031,200,99873,100,100039,100,99870,100,100044,100,99861,100,100048,100,99839,100
2019-06-28 09:38:10.000000000,99963,273,99935,173,99982,173,99930,173,99995,273,99906,173,100015,173,99902,173,100016,100,99884,100,100026,100,99874,100,100031,200,99873,100,100039,100,99870,100,100044,100,99861,100,100048,100,99839,100
2019-06-28 09:38:20.000000000,99963,299,99935,199,99982,196,99930,196,99995,296,99906,196,100015,100,99902,100,100016,100,99884,100,100026,100,99874,100,100031,200,99873,100,100039,100,99870,100,100044,100,99861,100,100048,100,99839,100
2019-06-28 09:38:22.094449310,99937,100,99935,199,99963,299,99930,196,99982,196,99906,196,99995,296,99902,100,100015,100,99884,100,100016,100,99874,100,100026,100,99873,100,100031,200,99870,100,100039,100,99861,100,100044,100,99839,100
2019-06-28 09:38:28.465669643,99937,100,99935,99,99963,299,99930,196,99982,196,99906,196,99995,296,99902,100,100015,100,99874,100,100016,100,99873,100,100026,100,99870,100,100031,200,99861,100,100039,100,99839,100,100044,100,99833,100
2019-06-28 09:38:30.000000000,99937,392,99930,392,99963,200,99906,100,99982,100,99902,100,99995,200,99874,100,100015,100,99873,100,100016,100,99870,100,100026,100,99861,100,100031,200,99839,100,100039,100,99833,100,100044,100,99807,100
2019-06-28 09:38:40.000000000,99937,392,99930,392,99963,200,99906,100,99982,100,99902,100,99995,200,99874,100,100015,100,99873,100,100016,100,99870,100,100026,100,99861,100,100031,200,99839,100,100039,100,99833,100,100044,100,99807,100
2019-06-28 09:38:41.405567312,99937,392,99930,392,99963,200,99906,100,99982,100,99902,100,99995,200,99874,100,100015,100,99873,100,100016,100,99870,100,100026,100,99861,100,100031,100,99839,100,100039,100,99833,100,100044,100,99807,100
2019-06-28 09:38:50.000000000,99937,392,99930,392,99963,200,99906,100,99982,100,99902,100,99995,200,99874,100,100015,100,99873,100,100016,100,99870,100,100026,100,99861,100,100031,100,99839,100,100039,100,99833,100,100044,100,99807,100
2019-06-28 09:39:00.000000000,99937,158,99930,158,99963,258,99906,158,99982,158,99902,158,99995,258,99874,158,100015,158,99873,158,100016,100,99870,100,100026,100,99861,100,100031,100,99839,100,100039,100,99833,100,100044,100,99807,100
2019-06-28 09:39:10.000000000,99937,392,99930,392,99963,200,99906,100,99982,100,99902,100,99995,200,99874,100,100015,100,99873,100,100016,100,99870,100,100026,100,99861,100,100031,100,99839,100,100039,100,99833,100,100044,100,99807,100
2019-06-28 09:39:10.254137426,99937,392,99930,392,99963,200,99906,100,99982,100,99902,100,99995,200,99874,100,100015,100,99873,100,100016,100,99870,100,100026,100,99861,100,100031,100,99839,100,100039,100,99833,100,100044,100,99807,100
2019-06-28 09:39:17.092819728,99937,392,99930,392,99963,200,99906,100,99982,100,99902,100,99995,200,99874,100,100015,100,99873,100,100016,100,99870,100,100026,100,99861,100,100031,100,99839,100,100039,100,99833,100,100044,100,99807,100
2019-06-28 09:39:18.120814676,99936,100,99930,392,99937,392,99906,100,99963,200,99902,100,99982,100,99874,100,99995,200,99873,100,100015,100,99870,100,100016,100,99861,100,100026,100,99839,100,100031,100,99833,100,100039,100,99807,100
2019-06-28 09:39:20.000000000,99936,158,99930,158,99937,158,99906,158,99963,258,99902,158,99982,158,99874,158,99995,258,99873,158,100015,100,99870,100,100016,100,99861,100,100026,100,99839,100,100031,100,99833,100,100039,100,99807,100
2019-06-28 09:39:21.302852628,99936,158,99930,58,99937,158,99906,158,99963,258,99902,158,99982,158,99874,158,99995,258,99873,158,100015,100,99870,100,100016,100,99861,100,100026,100,99839,100,100031,100,99833,100,100039,100,99807,100
2019-06-28 09:39:24.624024335,99936,158,99930,58,99937,158,99906,158,99963,258,99902,158,99982,158,99874,158,99995,258,99873,158,100015,100,99870,100,100016,100,99861,100,100026,100,99839,100,100031,100,99833,100,100039,100,99807,100
2019-06-28 09:39:30.000000000,99936,158,99906,158,99937,158,99902,158,99963,258,99874,158,99982,158,99873,158,99995,258,99870,158,100015,100,99861,100,100016,100,99839,100,100026,100,99833,100,100031,100,99807,100,100039,100,99684,100
2019-06-28 09:39:30.107557464,99936,158,99906,58,99937,158,99902,158,99963,258,99874,158,99982,158,99873,158,99995,258,99870,158,100015,100,99861,100,100016,100,99839,100,100026,100,99833,100,100031,100,99807,100,100039,100,99684,100
2019-06-28 09:39:40.000000000,99936,158,99902,158,99937,158,99874,158,99963,258,99873,158,99982,158,99870,158,99995,258,99861,158,100015,100,99839,100,100016,100,99833,100,100026,100,99807,100,100031,100,99684,100,100039,100,99671,100
2019-06-28 09:39:50.000000000,99936,173,99902,173,99937,173,99874,173,99963,273,99873,173,99982,173,99870,173,99995,200,99861,100,100015,100,99839,100,100016,100,99833,100,100026,100,99807,100,100031,100,99684,100,100039,100,99671,100
2019-06-28 09:40:00.000000000,99936,173,99902,173,99937,173,99874,173,99963,273,99873,173,99982,173,99870,173,99995,200,99861,100,100015,100,99839,100,100016,100,99833,100,100026,100,99807,100,100031,100,99684,100,100039,100,99671,100
2019-06-28 09:40:10.000000000,99936,199,99902,199,99937,196,99874,196,99963,296,99873,196,99982,100,99870,100,99995,200,99861,100,100015,100,99839,100,100016,100,99833,100,100026,100,99807,100,100031,100,99684,100,100039,100,99671,100
2019-06-28 09:40:20.000000000,99936,199,99902,199,99937,196,99874,196,99963,296,99873,196,99982,100,99870,100,99995,200,99861,100,100015,100,99839,100,100016,100,99833,100,100026,100,99807,100,100031,100,99684,100,100039,100,99671,100
2019-06-28 09:40:27.342740809,99930,100,99902,199,99936,199,99874,196,99937,196,99873,196,99963,296,99870,100,99982,100,99861,100,99995,200,99839,100,100015,100,99833,100,100016,100,99807,100,100026,100,99684,100,100031,100,99671,100
2019-06-28 09:40:30.000000000,99930,158,99902,158,99936,158,99874,158,99937,158,99873,158,99963,258,99870,158,99982,158,99861,158,99995,200,99839,100,100015,100,99833,100,100016,100,99807,100,100026,100,99684,100,100031,100,99671,100
2019-06-28 09:40:31.274477753,99930,158,99902,158,99936,158,99874,158,99937,58,99873,158,99963,258,99870,158,99982,158,99861,158,99995,200,99839,100,100015,100,99833,100,100016,100,99807,100,100026,100,99684,100,100031,100,99671,100
2019-06-28 09:40:40.000000000,99930,158,99902,158,99936,158,99874,158,99963,258,99873,158,99982,158,99870,158,99995,258,99861,158,100015,100,99839,100,100016,100,99833,100,100026,100,99807,100,100031,100,99684,100,100039,100,99671,100
2019-06-28 09:40:41.898555202,99930,158,99902,58,99936,158,99874,158,99963,258,99873,158,99982,158,99870,158,99995,258,99861,158,100015,100,99839,100,100016,100,99833,100,100026,100,99807,100,100031,100,99684,100,100039,100,99671,100
2019-06-28 09:40:46.645054282,99906,100,99902,58,99930,158,99874,158,99936,158,99873,158,99963,258,99870,158,99982,158,99861,158,99995,258,99839,100,100015,100,99833,100,100016,100,99807,100,100026,100,99684,100,100031,100,99671,100
2019-06-28 09:40:48.453732750,99906,200,99902,58,99930,158,99874,158,99936,158,99873,158,99963,258,99870,158,99982,158,99861,158,99995,258,99839,100,100015,100,99833,100,100016,100,99807,100,100026,100,99684,100,100031,100,99671,100
2019-06-28 09:40:50.000000000,99906,492,99874,392,99930,100,99873,100,99936,100,99870,100,99963,200,99861,100,99982,100,99839,100,99995,200,99833,100,100015,100,99807,100,100016,100,99684,100,100026,100,99671,100,100031,100,99549,100
2019-06-28 09:41:00.000000000,99906,273,99874,173,99930,173,99873,173,99936,173,99870,173,99963,273,99861,173,99982,100,99839,100,99995,200,99833,100,100015,100,99807,100,100016,100,99684,100,100026,100,99671,100,100031,100,99549,100
2019-06-28 09:41:10.000000000,99906,346,99874,246,99930,246,99873,246,99936,100,99870,100,99963,200,99861,100,99982,100,99839,100,99995,200,99833,100,100015,100,99807,100,100016,100,99684,100,100026,100,99671,100,100031,100,99549,100
2019-06-28 09:41:12.555926649,99906,346,99874,146,99930,246,99873,246,99936,100,99870,100,99963,200,99861,100,99982,100,99839,100,99995,200,99833,100,100015,100,99807,100,100016,100,99684,100,100031,100,99671,100,100039,100,99549,100
2019-06-28 09:41:14.647632432,99906,346,99874,146,99930,246,99873,246,99936,100,99870,100,99963,200,99861,100,99982,100,99839,100,99995,100,99833,100,100015,100,99807,100,100016,100,99684,100,100031,100,99671,100,100039,100,99549,100
2019-06-28 09:41:20.000000000,99906,273,99873,173,99930,173,99870,173,99936,173,99861,173,99963,273,99839,173,99982,100,99833,100,99995,100,99807,100,100015,100,99684,100,100016,100,99671,100,100031,100,99549,100,100039,100,99542,100
2019-06-28 09:41:24.148517638,99906,273,99873,173,99930,173,99870,173,99936,173,99861,173,99963,273,99839,173,99982,100,99833,100,99995,100,99807,100,100015,100,99684,100,100016,100,99671,100,100039,100,99549,100,100044,100,99542,100
2019-06-28 09:41:30.000000000,99906,346,99873,246,99930,246,99870,246,99936,100,99861,100,99963,200,99839,100,99982,100,99833,100,99995,100,99807,100,100015,100,99684,100,100016,100,99671,100,100039,100,99549,100,100044,100,99542,100
2019-06-28 09:41:33.925461938,99906,346,99873,146,99930,246,99870,246,99936,100,99861,100,99963,200,99833,100,99982,100,99807,100,99995,100,99684,100,100015,100,99671,100,100016,100,99549,100,100039,100,99542,100,100044,100,99144,100
2019-06-28 09:41:40.000000000,99906,258,99870,158,99930,158,99861,158,99936,158,99833,158,99963,258,99807,158,99982,158,99684,158,99995,100,99671,100,100015,100,99549,100,100016,100,99542,100,100039,100,99144,100,100044,100,99015,100
2019-06-28 09:41:50.000000000,99906,273,99870,173,99930,173,99861,173,99936,173,99833,173,99963,273,99807,173,99982,100,99684,100,99995,100,99671,100,100015,100,99549,100,100016,100,99542,100,100039,100,99144,100,100044,100,99015,100
2019-06-28 09:41:58.711298014,99906,273,99870,73,99930,173,99861,73,99936,173,99833,173,99963,273,99807,173,99982,100,99684,100,99995,100,99671,100,100015,100,99549,100,100016,100,99542,100,100039,100,99144,100,100044,100,99015,100
2019-06-28 09:42:00.000000000,99906,492,99833,392,99930,100,99807,100,99936,100,99684,100,99963,200,99671,100,99982,100,99549,100,99995,100,99542,100,100015,100,99144,100,100016,100,99015,100,100039,100,98974,100,100044,100,98634,100
2019-06-28 09:42:03.374215395,99906,492,99833,392,99930,100,99807,100,99963,200,99684,100,99982,100,99671,100,99995,100,99549,100,100015,100,99542,100,100016,100,99144,100,100039,100,99015,100,100044,100,98974,100,100055,100,98634,100
2019-06-28 09:42:08.336315049,99906,492,99833,292,99930,100,99807,100,99963,200,99684,100,99982,100,99671,100,99995,100,99549,100,100015,100,99542,100,100016,100,99144,100,100039,100,99015,100,100044,100,98974,100,100055,100,98634,100
2019-06-28 09:42:10.000000000,99906,299,99807,199,99930,196,99684,196,99963,296,99671,196,99982,100,99549,100,99995,100,99542,100,100015,100,99144,100,100016,100,99015,100,100039,100,98974,100,100044,100,98634,100,100055,100,98470,100
2019-06-28 09:42:20.000000000,99906,492,99807,392,99930,100,99684,100,99963,200,99671,100,99982,100,99549,100,99995,100,99542,100,100015,100,99144,100,100016,100,99015,100,100039,100,98974,100,100044,100,98634,100,100055,100,98470,100
2019-06-28 09:42:30.000000000,99906,258,99807,158,99930,158,99684,158,99963,258,99671,158,99982,158,99549,158,99995,158,99542,158,100015,100,99144,100,100016,100,99015,100,100039,100,98974,100,100044,100,98634,100,100055,100,98470,100
2019-06-28 09:42:32.619737320,99906,258,99807,58,99930,158,99684,158,99963,258,99671,158,99982,158,99549,158,99995,158,99542,158,100015,100,99144,100,100016,100,99015,100,100039,100,98974,100,100044,100,98634,100,100055,100,98470,100
2019-06-28 09:42:33.466901967,99833,100,99807,58,99906,258,99684,158,99930,158,99671,158,99963,258,99549,158,99982,158,99542,158,99995,158,99144,100,100015,100,99015,100,100016,100,98974,100,100039,100,98634,100,100044,100,98470,100
2019-06-28 09:42:40.000000000,99833,246,99684,246,99906,346,99671,246,99930,100,99549,100,99963,200,99542,100,99982,100,99144,100,99995,100,99015,100,100015,100,98974,100,100016,100,98634,100,100039,100,98470,100,100044,100,98435,100
2019-06-28 09:42:44.019123182,99833,246,99684,246,99906,346,99671,246,99930,100,99549,100,99963,200,99542,100,99982,100,99144,100,100015,100,99015,100,100016,100,98974,100,100039,100,98634,100,100044,100,98470,100,100055,100,98435,100
2019-06-28 09:42:50.000000000,99833,173,99684,173,99906,273,99671,173,99930,173,99549,173,99963,273,99542,173,99982,100,99144,100,100015,100,99015,100,100016,100,98974,100,100039,100,98634,100,100044,100,98470,100,100055,100,98435,100
2019-06-28 09:42:51.482386147,99833,273,99684,173,99906,273,99671,173,99930,173,99549,173,99963,273,99542,173,99982,100,99144,100,100015,100,99015,100,100016,100,98974,100,100039,100,98634,100,100044,100,98470,100,100055,100,98435,100
2019-06-28 09:42:58.905999654,99833,373,99684,173,99906,273,99671,173,99930,173,99549,173,99963,173,99542,173,99982,100,99144,100,100015,100,99015,100,100016,100,98974,100,100039,100,98634,100,100044,100,98470,100,100055,100,98435,100
2019-06-28 09:43:00.000000000,99833,358,99684,158,99906,258,99671,158,99930,158,99549,158,99963,158,99542,158,99982,158,99144,158,100015,100,99015,100,100016,100,98974,100,100039,100,98634,100,100044,100,98470,100,100055,100,98435,100
2019-06-28 09:43:01.605148864,99833,458,99684,158,99906,258,99671,158,99930,58,99549,158,99963,158,99542,158,99982,158,99144,158,100015,100,99015,100,100016,100,98974,100,100039,100,98634,100,100044,100,98470,100,100055,100,98435,100
2019-06-28 09:43:10.000000000,99833,458,99684,158,99906,258,99671,158,99963,158,99549,158,99982,158,99542,158,100015,158,99144,158,100016,100,99015,100,100039,100,98974,100,100044,100,98634,100,100055,100,98470,100,100080,100,98435,100
2019-06-28 09:43:10.343653856,99833,458,99684,158,99906,258,99671,158,99963,158,99549,158,99982,158,99542,158,100015,158,99144,158,100016,100,99015,100,100039,100,98974,100,100044,100,98634,100,100055,100,98470,100,100080,100,98435,100
2019-06-28 09:43:12.021041481,99833,458,99684,58,99906,258,99671,158,99963,158,99549,158,99982,158,99542,158,100015,158,99144,158,100016,100,99015,100,100044,100,98974,100,100055,100,98634,100,100080,100,98470,100,100112,100,98435,100
2019-06-28 09:43:20.000000000,99833,692,99671,392,99906,200,99549,100,99963,100,99542,100,99982,100,99144,100,100015,100,99015,100,100016,100,98974,100,100044,100,98634,100,100055,100,98470,100,100080,100,98435,100,100112,100,98314,100
2019-06-28 09:43:30.000000000,99833,499,99671,199,99906,296,99549,196,99963,196,99542,196,99982,100,99144,100,100015,100,99015,100,100016,100,98974,100,100044,100,98634,100,100055,100,98470,100,100080,100,98435,100,100112,100,98314,100
2019-06-28 09:43:40.000000000,99833,499,99671,199,99906,296,99549,196,99963,196,99542,196,99982,100,99144,100,100015,100,99015,100,100016,100,98974,100,100044,100,98634,100,100055,100,98470,100,100080,100,98435,100,100112,100,98314,100
2019-06-28 09:43:50.000000000,99833,458,99671,158,99906,258,99549,158,99963,158,99542,158,99982,158,99144,158,100015,158,99015,158,100016,100,98974,100,100044,100,98634,100,100055,100,98470,100,100080,100,98435,100,100112,100,98314,100
2019-06-28 09:43:55.175058151,99833,458,99671,158,99906,158,99549,158,99963,158,99542,158,99982,158,99144,158,100015,158,99015,158,100016,100,98974,100,100044,100,98634,100,100055,100,98470,100,100080,100,98435,100,100112,100,98314,100
2019-06-28 09:44:00.000000000,99833,458,99671,158,99906,158,99549,158,99963,158,99542,158,99982,158,99144,158,100015,158,99015,158,100016,100,98974,100,100044,100,98634,100,100055,100,98470,100,100080,100,98435,100,100112,100,98314,100
2019-06-28 09:44:10.000000000,99833,499,99671,199,99906,196,99549,196,99963,196,99542,196,99982,100,99144,100,100015,100,99015,100,100016,100,98974,100,100044,100,98634,100,100055,100,98470,100,100080,100,98435,100,100112,100,98314,100
2019-06-28 09:44:16.173651083,99833,499,99671,199,99906,196,99549,196,99963,196,99542,196,99982,100,99144,100,100015,100,99015,100,100016,100,98974,100,100044,100,98634,100,100055,100,98470,100,100080,100,98435,100,100112,100,98314,100
2019-06-28 09:44:20.000000000,99833,546,99671,246,99906,246,99549,246,99963,100,99542,100,99982,100,99144,100,100015,100,99015,100,100016,100,98974,100,100044,100,98634,100,100055,100,98470,100,100080,100,98435,100,100112,100,98314,100
2019-06-28 09:44:21.184856254,99833,546,99671,146,99906,246,99549,246,99963,100,99542,100,99982,100,99144,100,100015,100,99015,100,100016,100,98974,100,100044,100,98634,100,100055,100,98470,100,100080,100,98435,100,100112,100,98314,100
2019-06-28 09:44:22.869037420,99833,546,99671,146,99906,246,99549,246,99963,100,99542,100,99982,100,99144,100,100015,100,99015,100,100016,100,98974,100,100044,100,98634,100,100055,100,98470,100,100080,100,98435,100,100112,100,98314,100
2019-06-28 09:44:24.857892260,99833,546,99671,146,99906,246,99549,246,99963,100,99542,100,99982,100,99144,100,100015,100,99015,100,100016,100,98974,100,100044,100,98634,100,100055,100,98470,100,100080,100,98435,100,100112,100,98314,100
2019-06-28 09:44:30.000000000,99833,692,99549,392,99906,100,99542,100,99963,100,99144,100,99982,100,99015,100,100015,100,98974,100,100016,100,98634,100,100044,100,98470,100,100055,100,98435,100,100080,100,98314,100,100112,100,98155,100
2019-06-28 09:44:37.827319855,99833,692,99549,392,99906,100,99542,100,99963,100,99144,100,100015,100,99015,100,100016,100,98974,100,100044,100,98634,100,100055,100,98470,100,100080,100,98435,100,100112,100,98314,100,100118,100,98155,100
2019-06-28 09:44:40.000000000,99833,458,99549,158,99906,158,99542,158,99963,158,99144,158,100015,158,99015,158,100016,158,98974,158,100044,100,98634,100,100055,100,98470,100,100080,100,98435,100,100112,100,98314,100,100118,100,98155,100
2019-06-28 09:44:50.000000000,99833,458,99549,158,99906,158,99542,158,99963,158,99144,158,100015,158,99015,158,100016,158,98974,158,100044,100,98634,100,100055,100,98470,100,100080,100,98435,100,100112,100,98314,100,100118,100,98155,100
2019-06-28 09:45:00.000000000,99833,458,99549,158,99906,158,99542,158,99963,158,99144,158,100015,158,99015,158,100016,158,98974,158,100044,100,98634,100,100055,100,98470,100,100080,100,98435,100,100112,100,98314,100,100118,100,98155,100
2019-06-28 09:45:10.000000000,99833,546,99549,246,99906,246,99542,246,99963,100,99144,100,100015,100,99015,100,100016,100,98974,100,100044,100,98634,100,100055,100,98470,100,100080,100,98435,100,100112,100,98314,100,100118,100,98155,100
2019-06-28 09:45:20.000000000,99833,473,99549,173,99906,173,99542,173,99963,173,99144,173,100015,173,99015,173,100016,100,98974,100,100044,100,98634,100,100055,100,98470,100,100080,100,98435,100,100112,100,98314,100,100118,100,98155,100
2019-06-28 09:45:30.000000000,99833,499,99549,199,99906,196,99542,196,99963,196,99144,196,100015,100,99015,100,100016,100,98974,100,100044,100,98634,100,100055,100,98470,100,100080,100,98435,100,100112,100,98314,100,100118,100,98155,100
2019-06-28 09:45:40.000000000,99833,473,99549,173,99906,173,99542,173,99963,173,99144,173,100015,173,99015,173,100016,100,98974,100,100044,100,98634,100,100055,100,98470,100,100080,100,98435,100,100112,100,98314,100,100118,100,98155,100
2019-06-28 09:45:47.036439816,99833,473,99549,173,99906,173,99542,173,99963,173,99352,100,100015,173,99144,173,100016,100,99015,173,100044,100,98974,100,100080,100,98634,100,100112,100,98470,100,100118,100,98435,100,100122,100,98314,100
2019-06-28 09:45:50.000000000,99833,499,99549,199,99906,196,99542,196,99963,196,99352,196,100015,100,99144,100,100016,100,99015,100,100044,100,98974,100,100080,100,98634,100,100112,100,98470,100,100118,100,98435,100,100122,100,98314,100
2019-06-28 09:45:56.028697190,99833,499,99549,99,99906,196,99542,196,99963,196,99352,196,100015,100,99144,100,100016,100,99015,100,100044,100,98974,100,100080,100,98634,100,100112,100,98470,100,100118,100,98435,100,100122,100,98314,100
2019-06-28 09:45:57.736389271,99549,1,99542,196,99833,499,99352,196,99906,196,99144,100,99963,196,99015,100,100015,100,98974,100,100016,100,98634,100,100044,100,98470,100,100080,100,98435,100,100112,100,98314,100,100118,100,98155,100
2019-06-28 09:46:00.000000000,99549,100,99542,199,99833,496,99352,196,99906,196,99144,196,99963,100,99015,100,100015,100,98974,100,100016,100,98634,100,100044,100,98470,100,100080,100,98435,100,100112,100,98314,100,100118,100,98155,100
2019-06-28 09:46:10.000000000,99549,147,99542,246,99833,546,99352,246,99906,100,99144,100,99963,100,99015,100,100015,100,98974,100,100016,100,98634,100,100044,100,98470,100,100080,100,98435,100,100112,100,98314,100,100118,100,98155,100
2019-06-28 09:46:13.109414757,99549,147,99542,146,99833,546,99352,246,99906,100,99144,100,99963,100,99015,100,100015,100,98974,100,100016,100,98634,100,100044,100,98435,100,100080,100,98314,100,100112,100,98155,100,100118,100,97995,100
2019-06-28 09:46:20.000000000,99549,74,99352,173,99833,473,99144,173,99906,173,99015,173,99963,173,98974,173,100015,100,98634,100,100016,100,98435,100,100044,100,98314,100,100080,100,98155,100,100112,100,97995,100,100118,100,97954,100
2019-06-28 09:46:30.000000000,99549,74,99352,173,99833,473,99144,173,99906,173,99015,173,99963,173,98974,173,100015,100,98634,100,100016,100,98435,100,100044,100,98314,100,100080,100,98155,100,100112,100,97995,100,100118,100,97954,100
2019-06-28 09:46:32.585654420,99548,100,99352,173,99549,74,99144,173,99833,473,99015,173,99906,173,98974,173,99963,173,98634,100,100015,100,98435,100,100016,100,98314,100,100044,100,98155,100,100080,100,97995,100,100112,100,97954,100
2019-06-28 09:46:33.905483616,99548,100,99379,100,99549,74,99352,173,99833,473,99144,173,99906,173,99015,173,99963,173,98974,73,100015,100,98634,100,100016,100,98435,100,100044,100,98314,100,100080,100,98155,100,100112,100,97995,100
2019-06-28 09:46:36.130132491,99548,100,99379,100,99549,74,99352,173,99833,473,99252,100,99906,173,99144,73,99963,173,99015,173,100015,100,98974,73,100016,100,98634,100,100044,100,98435,100,100080,100,98314,100,100112,100,98155,100
2019-06-28 09:46:40.000000000,99548,173,99379,173,99549,74,99352,173,99833,473,99252,173,99906,173,99015,173,99963,100,98634,100,100015,100,98435,100,100016,100,98314,100,100044,100,98155,100,100080,100,97995,100,100112,100,97954,100
2019-06-28 09:46:50.000000000,99548,173,99379,173,99549,74,99352,173,99833,473,99252,173,99906,173,99015,173,99963,100,98634,100,100015,100,98435,100,100016,100,98314,100,100044,100,98155,100,100080,100,97995,100,100112,100,97954,100
2019-06-28 09:47:00.000000000,99548,173,99379,173,99549,74,99352,173,99833,473,99252,173,99906,173,99015,173,99963,100,98634,100,100015,100,98435,100,100016,100,98314,100,100044,100,98155,100,100080,100,97995,100,100112,100,97954,100
2019-06-28 09:47:10.000000000,99548,158,99379,158,99549,59,99352,158,99833,458,99252,158,99906,158,99015,158,99963,158,98634,158,100015,100,98435,100,100016,100,98314,100,100044,100,98155,100,100080,100,97995,100,100112,100,97954,100
2019-06-28 09:47:12.535940987,99548,158,99379,58,99549,59,99352,158,99833,458,99252,158,99906,158,99015,158,99963,158,98634,158,100015,100,98435,100,100016,100,98314,100,100044,100,98155,100,100080,100,97995,100,100112,100,97954,100
2019-06-28 09:47:20.000000000,99548,173,99352,173,99549,74,99252,173,99833,473,99015,173,99906,173,98634,173,99963,100,98435,100,100015,100,98314,100,100016,100,98155,100,100044,100,97995,100,100080,100,97954,100,100112,100,,
2019-06-28 09:47:30.000000000,99548,173,99352,173,99549,74,99252,173,99833,473,99015,173,99906,173,98634,173,99963,100,98435,100,100015,100,98314,100,100016,100,98155,100,100044,100,97995,100,100080,100,97954,100,100112,100,,
2019-06-28 09:47:32.354633916,99548,173,99352,73,99549,74,99252,173,99833,473,99015,173,99906,173,98634,173,99963,100,98435,100,100015,100,98314,100,100016,100,98155,100,100044,100,97995,100,100080,100,97954,100,100112,100,,
2019-06-28 09:47:38.518920429,99548,173,99352,73,99549,74,99252,173,99833,473,99057,100,99906,173,99015,173,99963,100,98634,173,100015,100,98435,100,100016,100,98314,100,100044,100,98155,100,100080,100,97995,100,100112,100,97954,100
2019-06-28 09:47:40.000000000,99548,246,99252,246,99549,147,99057,246,99833,400,99015,100,99906,100,98634,100,99963,100,98435,100,100015,100,98314,100,100016,100,98155,100,100044,100,97995,100,100080,100,97954,100,100112,100,,
2019-06-28 09:47:44.150334135,99548,246,99252,246,99549,147,99168,100,99833,400,99057,246,99906,100,99015,100,99963,100,98634,100,100015,100,98435,100,100016,100,98155,100,100044,100,97995,100,100080,100,97954,100,100112,100,,
2019-06-28 09:47:50.000000000,99548,392,99252,392,99549,1,99168,100,99833,400,99057,100,99906,100,99015,100,99963,100,98634,100,100015,100,98435,100,100016,100,98155,100,100044,100,97995,100,100080,100,97954,100,100112,100,,
2019-06-28 09:48:00.000000000,99548,199,99252,199,99549,97,99168,196,99833,496,99057,196,99906,100,99015,100,99963,100,98634,100,100015,100,98435,100,100016,100,98155,100,100044,100,97995,100,100080,100,97954,100,100112,100,,
2019-06-28 09:48:02.189283795,99379,100,99252,199,99548,199,99168,196,99549,97,99057,196,99833,396,99015,100,99906,100,98634,100,99963,100,98435,100,100015,100,98155,100,100016,100,97995,100,100044,100,97954,100,100080,100,,
2019-06-28 09:48:02.734824922,99379,100,99359,100,99548,199,99252,199,99549,97,99168,196,99833,396,99057,196,99906,100,99015,100,99963,100,98634,100,100015,100,98435,100,100016,100,98155,100,100044,100,97995,100,100080,100,97954,100
2019-06-28 09:48:10.000000000,99379,392,99359,392,99548,100,99252,100,99549,1,99168,100,99833,300,99057,100,99906,100,99015,100,99963,100,98634,100,100015,100,98435,100,100016,100,98155,100,100044,100,97995,100,100080,100,97954,100
2019-06-28 09:48:20.000000000,99379,246,99359,246,99548,246,99252,246,99549,1,99168,100,99833,300,99057,100,99906,100,99015,100,99963,100,98634,100,100015,100,98435,100,100016,100,98155,100,100044,100,97995,100,100080,100,97954,100
2019-06-28 09:48:27.575213247,99375,100,99359,246,99379,246,99252,246,99548,246,99168,100,99549,1,99057,100,99833,300,99015,100,99906,100,98634,100,99963,100,98435,100,100015,100,98155,100,100016,100,97995,100,100044,100,97954,100
2019-06-28 09:48:30.000000000,99375,158,99359,158,99379,158,99252,158,99548,158,99168,158,99549,59,99057,158,99833,358,99015,158,99906,100,98634,100,99963,100,98435,100,100015,100,98155,100,100016,100,97995,100,100044,100,97954,100
2019-06-28 09:48:34.334316222,99375,58,99359,158,99379,158,99252,58,99548,158,99168,158,99549,59,99057,158,99833,358,99015,158,99906,100,98634,100,99963,100,98435,100,100015,100,98155,100,100016,100,97995,100,100044,100,97954,100
2019-06-28 09:48:40.000000000,99379,158,99359,158,99548,158,99168,158,99549,59,99057,158,99833,358,99015,158,99906,158,98634,158,99963,100,98435,100,100015,100,98155,100,100016,100,97995,100,100044,100,97954,100,100080,100,,
2019-06-28 09:48:50.000000000,99379,199,99359,199,99548,196,99168,196,99549,97,99057,196,99833,300,99015,100,99906,100,98634,100,99963,100,98435,100,100015,100,98155,100,100016,100,97995,100,100044,100,97954,100,100080,100,,
2019-06-28 09:49:00.000000000,99379,158,99359,158,99548,158,99168,158,99549,59,99057,158,99833,358,99015,158,99906,158,98634,158,99963,100,98435,100,100015,100,98155,100,100016,100,97995,100,100044,100,97954,100,100080,100,,
2019-06-28 09:49:03.367933268,99379,58,99359,158,99548,158,99168,158,99549,59,99057,58,99833,358,99015,158,99906,158,98634,158,99963,100,98435,100,100015,100,98155,100,100016,100,97995,100,100044,100,97954,100,100080,100,,
2019-06-28 09:49:10.000000000,99548,199,99359,199,99549,97,99168,196,99833,396,99015,196,99906,100,98634,100,99963,100,98435,100,100015,100,98155,100,100016,100,97995,100,100044,100,97954,100,100080,100,,,100112,100,,
2019-06-28 09:49:20.000000000,99548,173,99359,173,99549,74,99168,173,99833,373,99015,173,99906,173,98634,173,99963,100,98435,100,100015,100,98155,100,100016,100,97995,100,100044,100,97954,100,100080,100,,,100112,100,,
2019-06-28 09:49:22.365077055,99548,73,99375,100,99549,74,99359,173,99833,373,99168,173,99906,173,99015,173,99963,100,98634,173,100015,100,98435,100,100016,100,98155,100,100044,100,97995,100,100080,100,97954,100,100112,100,,
2019-06-28 09:49:23.230344119,99548,73,99375,200,99549,74,99359,173,99833,273,99168,173,99906,173,99015,173,99963,100,98634,173,100015,100,98435,100,100016,100,98155,100,100044,100,97995,100,100080,100,97954,100,100112,100,,
2019-06-28 09:49:30.000000000,99549,293,99375,492,99833,200,99359,100,99906,100,99168,100,99963,100,99015,100,100015,100,98634,100,100016,100,98435,100,100044,100,98155,100,100080,100,97995,100,100112,100,97954,100,100118,100,,
2019-06-28 09:49:35.765484587,99549,193,99375,492,99833,200,99359,100,99906,100,99168,100,99963,100,99015,100,100015,100,98634,100,100016,100,98435,100,100044,100,98155,100,100080,100,97995,100,100112,100,97954,100,100118,100,,
2019-06-28 09:49:40.000000000,99833,299,99375,299,99906,196,99359,196,99963,196,99168,196,100015,100,99015,100,100016,100,98634,100,100044,100,98435,100,100080,100,98155,100,100112,100,97995,100,100118,100,97954,100,100122,100,,
2019-06-28 09:49:46.320009815,99833,199,99375,299,99906,196,99359,196,99963,196,99168,196,100015,100,99015,100,100016,100,98634,100,100044,100,98435,100,100080,100,98155,100,100112,100,97954,100,100118,100,,,100122,100,,
2019-06-28 09:49:50.000000000,99833,199,99375,299,99906,196,99359,196,99963,196,99168,196,100015,100,99015,100,100016,100,98634,100,100044,100,98435,100,100080,100,98155,100,100112,100,97954,100,100118,100,,,100122,100,,
2019-06-28 09:50:00.000000000,99833,392,99375,492,99906,100,99359,100,99963,100,99168,100,100015,100,99015,100,100016,100,98634,100,100044,100,98435,100,100080,100,98155,100,100112,100,97954,100,100118,100,,,100122,100,,
2019-06-28 09:50:10.000000000,99833,173,99375,273,99906,173,99359,173,99963,173,99168,173,100015,173,99015,173,100016,100,98634,100,100044,100,98435,100,100080,100,98155,100,100112,100,97954,100,100118,100,,,100122,100,,
2019-06-28 09:50:20.000000000,99833,173,99375,273,99906,173,99359,173,99963,173,99168,173,100015,173,99015,173,100016,100,98634,100,100044,100,98435,100,100080,100,98155,100,100112,100,97954,100,100118,100,,,100122,100,,
2019-06-28 09:50:30.000000000,99833,392,99375,492,99906,100,99359,100,99963,100,99168,100,100015,100,99015,100,100016,100,98634,100,100044,100,98435,100,100080,100,98155,100,100112,100,97954,100,100118,100,,,100122,100,,
2019-06-28 09:50:40.000000000,99833,392,99375,492,99906,100,99359,100,99963,100,99168,100,100015,100,99015,100,100016,100,98634,100,100044,100,98435,100,100080,100,98155,100,100112,100,97954,100,100118,100,,,100122,100,,
2019-06-28 09:50:50.000000000,99833,199,99375,299,99906,196,99359,196,99963,196,99168,196,100015,100,99015,100,100016,100,98634,100,100044,100,98435,100,100080,100,98155,100,100112,100,97954,100,100118,100,,,100122,100,,
2019-06-28 09:50:51.350155600,99833,99,99375,299,99906,196,99359,196,99963,196,99168,196,100015,100,99015,100,100016,100,98634,100,100044,100,98435,100,100080,100,98155,100,100112,100,97954,100,100118,100,,,100122,100,,
2019-06-28 09:50:52.558042069,99833,99,99375,299,99906,196,99359,196,99963,196,99168,196,100015,100,99015,100,100016,100,98634,100,100044,100,98155,100,100080,100,97954,100,100112,100,,,100118,100,,,100122,100,,
2019-06-28 09:51:00.000000000,99906,246,99375,346,99963,246,99359,246,100015,100,99168,100,100016,100,99015,100,100044,100,98634,100,100080,100,98155,100,100112,100,97954,100,100118,100,,,100122,100,,,100725,100,,
2019-06-28 09:51:02.783691407,99906,146,99375,346,99963,246,99359,246,100015,100,99168,100,100016,100,99015,100,100044,100,98634,100,100080,100,98155,100,100112,100,97954,100,100118,100,,,100122,100,,,,,,
2019-06-28 09:51:10.000000000,99963,392,99375,492,100015,100,99359,100,100016,100,99168,100,100044,100,99015,100,100080,100,98634,100,100112,100,98155,100,100118,100,97954,100,100122,100,,,,,,,,,,
2019-06-28 09:51:13.702115473,99963,392,99375,492,100015,100,99359,100,100016,100,99168,100,100044,100,99015,100,100112,100,98634,100,100118,100,98155,100,100122,100,97954,100,100144,100,,,,,,,,,,
2019-06-28 09:51:16.301143442,99963,392,99375,492,100015,100,99359,100,100016,100,99168,100,100044,100,99015,100,100112,100,98634,100,100118,100,98155,100,100122,100,97954,100,100126,100,,,100144,100,,,,,,
2019-06-28 09:51:20.000000000,99963,246,99375,346,100015,246,99359,246,100016,100,99168,100,100044,100,99015,100,100112,100,98634,100,100118,100,98155,100,100122,100,97954,100,100126,100,,,100144,100,,,,,,
2019-06-28 09:51:24.167827798,99963,246,99375,346,100015,246,99359,246,100016,100,99168,100,100044,100,99015,100,100101,100,98634,100,100112,100,98155,100,100118,100,97954,100,100122,100,,,100126,100,,,100144,100,,
2019-06-28 09:51:30.000000000,99963,173,99375,273,100015,173,99359,173,100016,173,99168,173,100044,173,99015,173,100101,100,98634,100,100112,100,98155,100,100118,100,97954,100,100122,100,,,100126,100,,,100144,100,,
2019-06-28 09:51:38.794787699,99963,73,99375,273,100015,173,99359,173,100016,173,99168,173,100044,173,99015,173,100101,100,98634,100,100112,100,98155,100,100118,100,97954,100,100122,100,,,100126,100,,,100144,100,,
2019-06-28 09:51:40.000000000,100015,173,99375,273,100016,173,99359,173,100044,173,99168,173,100101,173,99015,173,100112,100,98634,100,100118,100,98155,100,100122,100,97954,100,100126,100,,,100144,100,,,,,,
2019-06-28 09:51:50.000000000,100015,158,99375,258,100016,158,99359,158,100044,158,99168,158,100101,158,99015,158,100112,158,98634,158,100118,100,98155,100,100122,100,97954,100,100126,100,,,100144,100,,,,,,
2019-06-28 09:52:00.000000000,100015,158,99375,258,100016,158,99359,158,100044,158,99168,158,100101,158,99015,158,100112,158,98634,158,100118,100,98155,100,100122,100,97954,100,100126,100,,,100144,100,,,,,,
2019-06-28 09:52:08.176239002,99896,100,99375,258,100015,158,99359,158,100016,158,99168,158,100044,158,99015,158,100101,158,98634,158,100112,158,98155,100,100118,100,97954,100,100122,100,,,100126,100,,,100144,100,,
2019-06-28 09:52:10.000000000,99896,199,99375,299,100015,196,99359,196,100016,196,99168,196,100044,100,99015,100,100101,100,98634,100,100112,100,98155,100,100118,100,97954,100,100122,100,,,100126,100,,,100144,100,,
2019-06-28 09:52:20.000000000,99896,173,99375,273,100015,173,99359,173,100016,173,99168,173,100044,173,99015,173,100101,100,98634,100,100112,100,98155,100,100118,100,97954,100,100122,100,,,100126,100,,,100144,100,,
2019-06-28 09:52:23.646105056,99896,73,99375,273,100015,173,99359,173,100016,173,99168,173,100044,173,99015,173,100101,100,98634,100,100112,100,98155,100,100118,100,97954,100,100122,100,,,100126,100,,,100144,100,,
2019-06-28 09:52:25.592370696,100015,173,99896,27,100016,173,99375,273,100044,173,99359,173,100101,100,99168,173,100112,100,99015,173,100118,100,98634,100,100122,100,98155,100,100126,100,97954,100,100144,100,,,,,,
2019-06-28 09:52:30.000000000,100015,199,99896,126,100016,196,99375,296,100044,196,99359,196,100101,100,99168,100,100112,100,99015,100,100118,100,98634,100,100122,100,98155,100,100126,100,97954,100,100144,100,,,,,,
2019-06-28 09:52:31.908353591,100015,199,99963,100,100016,196,99896,126,100044,196,99375,296,100101,100,99359,196,100112,100,99168,100,100118,100,99015,100,100122,100,98634,100,100126,100,98155,100,100144,100,97954,100,,,,
2019-06-28 09:52:40.000000000,100015,199,99963,199,100016,196,99896,123,100044,196,99375,296,100101,100,99359,100,100112,100,99168,100,100118,100,99015,100,100122,100,98634,100,100126,100,98155,100,100144,100,97954,100,,,,
2019-06-28 09:52:50.000000000,100015,199,99963,199,100016,196,99896,123,100044,196,99375,296,100101,100,99359,100,100112,100,99168,100,100118,100,99015,100,100122,100,98634,100,100126,100,98155,100,100144,100,97954,100,,,,
2019-06-28 09:52:51.660893630,100015,199,99980,100,100016,196,99963,199,100044,196,99896,123,100101,100,99375,296,100112,100,99359,100,100118,100,99168,100,100122,100,99015,100,100126,100,98634,100,100144,100,98155,100,,,97954,100
2019-06-28 09:53:00.000000000,100015,246,99980,246,100016,246,99963,246,100044,100,99896,27,100101,100,99375,200,100112,100,99359,100,100118,100,99168,100,100122,100,99015,100,100126,100,98634,100,100144,100,98155,100,,,97954,100
2019-06-28 09:53:10.000000000,100015,392,99980,392,100016,100,99963,100,100044,100,99896,27,100101,100,99375,200,100112,100,99359,100,100118,100,99168,100,100122,100,99015,100,100126,100,98634,100,100144,100,98155,100,,,97954,100
2019-06-28 09:53:20.000000000,100015,158,99980,158,100016,158,99963,158,100044,158,99896,85,100101,158,99375,258,100112,158,99359,158,100118,100,99168,100,100122,100,99015,100,100126,100,98634,100,100144,100,98155,100,,,97954,100
2019-06-28 09:53:30.000000000,100015,392,99980,392,100016,100,99963,100,100044,100,99896,27,100101,100,99375,200,100112,100,99359,100,100118,100,99168,100,100122,100,99015,100,100126,100,98634,100,100144,100,98155,100,,,97954,100
2019-06-28 09:53:31.693165259,100015,392,99980,392,100016,100,99963,100,100044,100,99896,27,100101,100,99375,200,100112,100,99359,100,100117,100,99168,100,100118,100,99015,100,100122,100,98634,100,100126,100,98155,100,100144,100,97954,100
2019-06-28 09:53:40.000000000,100015,158,99980,158,100016,158,99963,158,100044,158,99896,85,100101,158,99375,258,100112,158,99359,158,100117,100,99168,100,100118,100,99015,100,100122,100,98634,100,100126,100,98155,100,100144,100,97954,100
2019-06-28 09:53:47.959385961,100015,158,99980,158,100016,58,99963,158,100044,158,99896,185,100101,158,99375,258,100112,158,99359,158,100117,100,99168,100,100118,100,99015,100,100122,100,98634,100,100126,100,98155,100,100144,100,97954,100
2019-06-28 09:53:50.000000000,100015,199,99980,199,100044,196,99963,196,100101,196,99896,223,100112,100,99375,200,100117,100,99359,100,100118,100,99168,100,100122,100,99015,100,100126,100,98634,100,100144,100,98155,100,,,97954,100
2019-06-28 09:53:58.159198662,100015,199,99980,199,100044,196,99963,196,100101,196,99896,223,100112,100,99375,200,100117,100,99359,100,100118,100,99168,100,100122,100,99015,100,100126,100,98634,100,100144,100,98155,100,,,97954,100
2019-06-28 09:54:00.000000000,100015,199,99980,199,100044,196,99963,196,100101,196,99896,223,100112,100,99375,200,100117,100,99359,100,100118,100,99168,100,100122,100,99015,100,100126,100,98634,100,100144,100,98155,100,,,97954,100
2019-06-28 09:54:02.072434690,100015,199,99980,199,100044,196,99963,196,100101,196,99896,323,100112,100,99375,100,100117,100,99359,100,100118,100,99168,100,100122,100,99015,100,100126,100,98634,100,100144,100,98155,100,,,97954,100
2019-06-28 09:54:10.000000000,100015,392,99980,392,100044,100,99963,100,100101,100,99896,227,100112,100,99375,100,100117,100,99359,100,100118,100,99168,100,100122,100,99015,100,100126,100,98634,100,100144,100,98155,100,,,97954,100
2019-06-28 09:54:20.000000000,100015,199,99980,199,100044,196,99963,196,100101,196,99896,323,100112,100,99375,100,100117,100,99359,100,100118,100,99168,100,100122,100,99015,100,100126,100,98634,100,100144,100,98155,100,,,97954,100
2019-06-28 09:54:23.035259017,100015,199,99980,199,100044,196,99963,196,100101,196,99896,423,100112,100,99375,100,100117,100,99359,100,100118,100,99168,100,100122,100,99015,100,100126,100,98634,100,100144,100,98155,100,,,97954,100
2019-06-28 09:54:28.004732885,100015,199,99980,199,100044,196,99963,196,100101,196,99896,423,100112,100,99375,100,100117,100,99359,100,100118,100,99168,100,100126,100,99015,100,100144,100,98634,100,100350,100,98155,100,,,97954,100
2019-06-28 09:54:30.000000000,100015,158,99980,158,100044,158,99963,158,100101,158,99896,385,100112,158,99375,158,100117,158,99359,158,100118,100,99168,100,100126,100,99015,100,100144,100,98634,100,100350,100,98155,100,,,97954,100
2019-06-28 09:54:32.900013970,100015,158,99980,158,100044,158,99963,158,100101,158,99896,485,100112,158,99375,158,100117,158,99359,158,100118,100,99168,100,100126,100,99015,100,100144,100,98634,100,100350,100,98155,100,,,97954,100
2019-06-28 09:54:33.569001044,100015,58,99980,158,100044,158,99963,158,100101,158,99896,485,100112,158,99375,158,100117,158,99359,58,100118,100,99168,100,100126,100,99015,100,100144,100,98634,100,100350,100,98155,100,,,97954,100
2019-06-28 09:54:40.000000000,100044,158,99980,158,100101,158,99963,158,100112,158,99896,485,100117,158,99375,158,100118,158,99168,158,100126,100,99015,100,100144,100,98634,100,100350,100,98155,100,,,97954,100,,,,
2019-06-28 09:54:43.608911853,100044,158,99980,158,100101,158,99963,158,100112,158,99896,485,100117,158,99375,158,100118,158,99168,158,100126,100,99015,100,100144,100,98634,100,100350,100,98155,100,100571,100,97954,100,,,,
2019-06-28 09:54:50.000000000,100044,392,99980,392,100101,100,99963,100,100112,100,99896,427,100117,100,99375,100,100118,100,99168,100,100126,100,99015,100,100144,100,98634,100,100350,100,98155,100,100571,100,97954,100,,,,
2019-06-28 09:55:00.000000000,100044,246,99980,246,100101,246,99963,246,100112,100,99896,427,100117,100,99375,100,100118,100,99168,100,100126,100,99015,100,100144,100,98634,100,100350,100,98155,100,100571,100,97954,100,,,,
2019-06-28 09:55:10.000000000,100044,173,99980,173,100101,173,99963,173,100112,173,99896,500,100117,173,99375,173,100118,100,99168,100,100126,100,99015,100,100144,100,98634,100,100350,100,98155,100,100571,100,97954,100,,,,
2019-06-28 09:55:20.000000000,100044,246,99980,246,100101,246,99963,246,100112,100,99896,427,100117,100,99375,100,100118,100,99168,100,100126,100,99015,100,100144,100,98634,100,100350,100,98155,100,100571,100,97954,100,,,,
2019-06-28 09:55:28.616276893,100044,146,99980,246,100101,246,99963,246,100112,100,99896,427,100117,100,99375,100,100118,100,99168,100,100126,100,99015,100,100144,100,98634,100,100571,100,98155,100,,,97954,100,,,,
2019-06-28 09:55:29.286449310,100044,146,99980,246,100101,246,99963,246,100112,100,99896,427,100116,100,99375,100,100117,100,99168,100,100118,100,99015,100,100126,100,98634,100,100144,100,98155,100,100571,100,97954,100,,,,
2019-06-28 09:55:30.000000000,100101,246,99980,246,100112,246,99963,246,100116,100,99896,427,100117,100,99375,100,100118,100,99168,100,100126,100,99015,100,100144,100,98634,100,100571,100,98155,100,,,97954,100,,,,
2019-06-28 09:55:36.769077456,100101,246,99980,246,100112,246,99963,246,100116,100,99896,427,100117,100,99375,100,100118,100,99168,100,100126,100,99015,100,100144,100,98634,100,100149,100,98155,100,100571,100,97954,100,,,,
2019-06-28 09:55:40.000000000,100101,158,99980,158,100112,158,99963,158,100116,158,99896,485,100117,158,99375,158,100118,158,99168,158,100126,100,99015,100,100144,100,98634,100,100149,100,98155,100,100571,100,97954,100,,,,
2019-06-28 09:55:43.891383239,100101,158,99980,158,100112,158,99963,158,100116,158,99896,485,100117,158,99375,158,100118,158,99168,158,100126,100,99015,100,100144,100,98634,100,100149,100,98155,100,100277,100,97954,100,100571,100,,
2019-06-28 09:55:50.000000000,100101,246,99980,246,100112,246,99963,246,100116,100,99896,427,100117,100,99375,100,100118,100,99168,100,100126,100,99015,100,100144,100,98634,100,100149,100,98155,100,100277,100,97954,100,100571,100,,
2019-06-28 09:56:00.000000000,100101,392,99980,392,100112,100,99963,100,100116,100,99896,427,100117,100,99375,100,100118,100,99168,100,100126,100,99015,100,100144,100,98634,100,100149,100,98155,100,100277,100,97954,100,100571,100,,
2019-06-28 09:56:10.000000000,100101,158,99980,158,100112,158,99963,158,100116,158,99896,485,100117,158,99375,158,100118,158,99168,158,100126,100,99015,100,100144,100,98634,100,100149,100,98155,100,100277,100,97954,100,100571,100,,
2019-06-28 09:56:11.544694261,100101,158,99980,158,100112,158,99963,158,100116,158,99896,485,100117,58,99375,158,100118,158,99168,158,100126,100,99015,100,100144,100,98634,100,100149,100,98155,100,100277,100,97954,100,100571,100,,
2019-06-28 09:56:20.000000000,100101,392,99980,392,100112,100,99963,100,100116,100,99896,427,100118,100,99375,100,100126,100,99168,100,100144,100,99015,100,100149,100,98634,100,100277,100,98155,100,100571,100,97954,100,100704,100,,
2019-06-28 09:56:30.000000000,100101,392,99980,392,100112,100,99963,100,100116,100,99896,427,100118,100,99375,100,100126,100,99168,100,100144,100,99015,100,100149,100,98634,100,100277,100,98155,100,100571,100,97954,100,100704,100,,
2019-06-28 09:56:34.712652427,100101,292,99980,392,100112,100,99963,100,100116,100,99896,427,100118,100,99375,100,100126,100,99168,100,100144,100,99015,100,100149,100,98634,100,100277,100,98155,100,100704,100,97954,100,,,,
2019-06-28 09:56:40.000000000,100112,246,99980,246,100116,246,99963,246,100118,100,99896,427,100126,100,99375,100,100144,100,99168,100,100149,100,99015,100,100277,100,98634,100,100704,100,98155,100,,,97954,100,,,,
2019-06-28 09:56:46.470367808,100112,246,100044,100,100116,246,99980,246,100118,100,99963,246,100126,100,99896,427,100144,100,99375,100,100149,100,99168,100,100277,100,99015,100,100704,100,98634,100,,,98155,100,,,97954,100
2019-06-28 09:56:50.000000000,100112,199,100044,199,100116,196,99980,196,100118,196,99963,196,100126,100,99896,427,100144,100,99375,100,100149,100,99168,100,100277,100,99015,100,100704,100,98634,100,,,98155,100,,,97954,100
2019-06-28 09:57:00.000000000,100112,246,100044,246,100116,246,99980,246,100118,100,99963,100,100126,100,99896,427,100144,100,99375,100,100149,100,99168,100,100277,100,99015,100,100704,100,98634,100,,,98155,100,,,97954,100
2019-06-28 09:57:03.580912849,100112,246,100044,246,100116,246,99980,246,100118,100,99963,100,100126,100,99896,427,100144,100,99375,100,100149,100,99168,100,100277,100,99015,100,100939,100,98634,100,,,98155,100,,,97954,100
2019-06-28 09:57:05.375167301,100112,246,100044,246,100116,246,99980,246,100118,100,99963,100,100126,100,99896,427,100144,100,99375,100,100149,100,99168,100,100277,100,99015,100,100939,100,98634,100,101135,100,98155,100,,,97954,100
2019-06-28 09:57:10.000000000,100112,246,100044,246,100116,246,99980,246,100118,100,99963,100,100126,100,99896,427,100144,100,99375,100,100149,100,99168,100,100277,100,99015,100,100939,100,98634,100,101135,100,98155,100,,,97954,100
2019-06-28 09:57:20.000000000,100112,199,100044,199,100116,196,99980,196,100118,196,99963,196,100126,100,99896,427,100144,100,99375,100,100149,100,99168,100,100277,100,99015,100,100939,100,98634,100,101135,100,98155,100,,,97954,100
2019-06-28 09:57:30.000000000,100112,199,100044,199,100116,196,99980,196,100118,196,99963,196,100126,100,99896,427,100144,100,99375,100,100149,100,99168,100,100277,100,99015,100,100939,100,98634,100,101135,100,98155,100,,,97954,100
2019-06-28 09:57:37.398435091,100112,199,100044,299,100116,196,99980,196,100118,196,99963,196,100126,100,99896,427,100144,100,99375,100,100149,100,99168,100,100277,100,99015,100,100939,100,98634,100,101135,100,98155,100,,,97954,100
2019-06-28 09:57:38.771984908,100112,199,100044,299,100116,196,99980,196,100118,196,99963,196,100126,100,99896,427,100144,100,99375,100,100149,100,99168,100,100277,100,99015,100,100939,100,98155,100,100956,100,97954,100,101135,100,,
2019-06-28 09:57:40.000000000,100112,199,100044,299,100116,196,99980,196,100118,196,99963,196,100126,100,99896,427,100144,100,99375,100,100149,100,99168,100,100277,100,99015,100,100939,100,98155,100,100956,100,97954,100,101135,100,,
2019-06-28 09:57:41.483520053,100112,99,100044,299,100116,196,99980,196,100118,196,99963,96,100126,100,99896,427,100144,100,99375,100,100149,100,99168,100,100277,100,99015,100,100939,100,98155,100,100956,100,97954,100,101135,100,,
2019-06-28 09:57:44.151349600,100116,196,100112,1,100118,196,100044,299,100126,100,99980,196,100144,100,99963,96,100149,100,99896,427,100277,100,99375,100,100939,100,99168,100,100956,100,99015,100,101135,100,98155,100,,,97954,100
2019-06-28 09:57:50.000000000,100116,173,100112,74,100118,173,100044,273,100126,173,99980,173,100144,173,99896,500,100149,100,99375,100,100277,100,99168,100,100939,100,99015,100,100956,100,98155,100,101135,100,97954,100,,,,
2019-06-28 09:57:50.961246095,100116,173,100112,74,100118,173,100044,273,100126,173,99980,173,100144,173,99896,500,100149,100,99375,100,100277,100,99168,100,100939,100,99015,100,100983,100,98155,100,101135,100,97954,100,,,,
2019-06-28 09:57:55.717028289,100116,173,100112,74,100118,173,100044,273,100126,173,99980,173,100144,173,99896,500,100149,100,99375,100,100277,100,99168,100,100939,100,99015,100,100950,100,98155,100,100983,100,97954,100,101135,100,,
2019-06-28 09:58:00.000000000,100116,199,100112,100,100118,196,100044,296,100126,196,99980,196,100144,100,99896,427,100149,100,99375,100,100277,100,99168,100,100939,100,99015,100,100950,100,98155,100,100983,100,97954,100,101135,100,,
2019-06-28 09:58:01.034135660,100116,199,100112,200,100118,196,100044,296,100126,196,99980,196,100144,100,99896,427,100149,100,99375,100,100277,100,99168,100,100939,100,99015,100,100950,100,98155,100,100983,100,97954,100,101135,100,,
2019-06-28 09:58:07.334699019,100116,99,100112,200,100118,196,100044,296,100126,196,99980,196,100144,100,99896,427,100149,100,99375,100,100277,100,99168,100,100939,100,99015,100,100950,100,98155,100,100983,100,97954,100,101135,100,,
2019-06-28 09:58:10.000000000,100118,246,100112,247,100126,246,100044,346,100144,100,99980,100,100149,100,99896,427,100277,100,99375,100,100939,100,99168,100,100950,100,99015,100,100983,100,98155,100,101135,100,97954,100,,,,
2019-06-28 09:58:18.288017155,100118,246,100113,100,100126,246,100112,247,100144,100,100044,346,100149,100,99980,100,100277,100,99896,427,100939,100,99375,100,100950,100,99168,100,100983,100,99015,100,101135,100,98155,100,,,97954,100
2019-06-28 09:58:20.000000000,100118,173,100113,173,100126,173,100112,174,100144,173,100044,273,100149,173,99980,173,100277,100,99896,427,100939,100,99375,100,100950,100,99168,100,100983,100,99015,100,101135,100,98155,100,,,97954,100
2019-06-28 09:58:29.279481820,100118,173,100113,173,100126,173,100112,174,100144,173,100044,273,100149,173,99980,173,100277,100,99896,427,100594,100,99375,100,100939,100,99168,100,100950,100,99015,100,100983,100,98155,100,101135,100,97954,100
2019-06-28 09:58:30.000000000,100118,158,100113,158,100126,158,100112,159,100144,158,100044,258,100149,158,99980,158,100277,158,99896,485,100594,100,99375,100,100939,100,99168,100,100950,100,99015,100,100983,100,98155,100,101135,100,97954,100
2019-06-28 09:58:40.000000000,100118,199,100113,199,100126,196,100112,197,100144,196,100044,296,100149,100,99980,100,100277,100,99896,427,100594,100,99375,100,100939,100,99168,100,100950,100,99015,100,100983,100,98155,100,101135,100,97954,100
2019-06-28 09:58:50.000000000,100118,173,100113,173,100126,173,100112,174,100144,173,100044,273,100149,173,99980,173,100277,100,99896,427,100594,100,99375,100,100939,100,99168,100,100950,100,99015,100,100983,100,98155,100,101135,100,97954,100
2019-06-28 09:58:52.770103500,100118,73,100113,173,100126,173,100112,174,100144,173,100044,273,100149,173,99980,173,100277,100,99896,427,100594,100,99375,100,100939,100,99168,100,100950,100,99015,100,100983,100,98155,100,101135,100,97954,100
2019-06-28 09:58:57.951409869,100126,173,100118,27,100144,173,100113,173,100149,173,100112,174,100277,100,100044,273,100594,100,99980,173,100939,100,99896,427,100950,100,99375,100,100983,100,99168,100,101135,100,99015,100,,,98155,100
2019-06-28 09:59:00.000000000,100126,246,100118,173,100144,246,100113,246,100149,100,100112,101,100277,100,100044,200,100594,100,99980,100,100939,100,99896,427,100950,100,99375,100,100983,100,99168,100,101135,100,99015,100,,,98155,100
2019-06-28 09:59:00.894823841,100126,246,100118,173,100144,246,100113,246,100149,100,100112,101,100277,100,100044,200,100360,100,99980,100,100594,100,99896,427,100939,100,99375,100,100950,100,99168,100,100983,100,99015,100,101135,100,98155,100
2019-06-28 09:59:06.769247333,100126,246,100118,173,100144,246,100113,246,100149,100,100112,101,100277,100,100044,200,100322,100,99980,100,100360,100,99896,427,100594,100,99375,100,100939,100,99168,100,100950,100,99015,100,100983,100,98155,100
2019-06-28 09:59:07.888792277,100126,246,100118,173,100144,246,100113,246,100149,100,100112,101,100258,100,100044,200,100277,100,99980,100,100322,100,99896,427,100360,100,99375,100,100594,100,99168,100,100939,100,99015,100,100950,100,98155,100
2019-06-28 09:59:10.000000000,100126,158,100118,85,100144,158,100113,158,100149,158,100112,159,100258,158,100044,258,100277,158,99980,158,100322,100,99896,427,100360,100,99375,100,100594,100,99168,100,100939,100,99015,100,100950,100,98155,100
2019-06-28 09:59:12.829637012,100126,158,100118,85,100144,158,100113,158,100149,158,100112,159,100258,158,100044,258,100277,158,99980,158,100322,100,99896,427,100360,100,99375,100,100471,100,99168,100,100594,100,99015,100,100939,100,98155,100
2019-06-28 09:59:14.020378172,100126,158,100118,85,100144,158,100113,158,100149,158,100112,159,100258,158,100044,258,100277,158,99980,158,100318,100,99896,427,100322,100,99375,100,100360,100,99168,100,100471,100,99015,100,100594,100,98155,100
2019-06-28 09:59:14.556117439,100126,158,100118,85,100144,158,100113,158,100149,158,100112,159,100258,158,100044,258,100277,158,99980,158,100318,100,99896,427,100322,100,99375,100,100360,100,99168,100,100471,100,99015,100,100543,100,98155,100
2019-06-28 09:59:20.000000000,100126,173,100118,100,100144,173,100113,173,100149,173,100112,174,100258,173,100044,273,100277,100,99980,100,100318,100,99896,427,100322,100,99375,100,100360,100,99168,100,100471,100,99015,100,100543,100,98155,100
2019-06-28 09:59:30.000000000,100126,158,100118,85,100144,158,100113,158,100149,158,100112,159,100258,158,100044,258,100277,158,99980,158,100318,100,99896,427,100322,100,99375,100,100360,100,99168,100,100471,100,99015,100,100543,100,98155,100
2019-06-28 09:59:40.000000000,100126,199,100118,126,100144,196,100113,196,100149,196,100112,197,100258,100,100044,200,100277,100,99980,100,100318,100,99896,427,100322,100,99375,100,100360,100,99168,100,100471,100,99015,100,100543,100,98155,100
2019-06-28 09:59:50.000000000,100126,199,100118,126,100144,196,100113,196,100149,196,100112,197,100258,100,100044,200,100277,100,99980,100,100318,100,99896,427,100322,100,99375,100,100360,100,99168,100,100471,100,99015,100,100543,100,98155,100
2019-06-28 10:00:00.000000000,100126,173,100118,100,100144,173,100113,173,100149,173,100112,174,100258,173,100044,273,100277,100,99980,100,100318,100,99896,427,100322,100,99375,100,100360,100,99168,100,100471,100,99015,100,100543,100,98155,100
2019-06-28 10:00:05.968481208,100126,173,100118,100,100144,173,100113,173,100149,173,100112,174,100258,173,100044,273,100277,100,99980,100,100281,100,99896,427,100322,100,99375,100,100360,100,99168,100,100471,100,99015,100,100543,100,98155,100
2019-06-28 10:00:10.000000000,100126,173,100118,100,100144,173,100113,173,100149,173,100112,174,100258,173,100044,273,100277,100,99980,100,100281,100,99896,427,100322,100,99375,100,100360,100,99168,100,100471,100,99015,100,100543,100,98155,100
2019-06-28 10:00:20.000000000,100126,158,100118,85,100144,158,100113,158,100149,158,100112,159,100258,158,100044,258,100277,158,99980,158,100281,100,99896,427,100322,100,99375,100,100360,100,99168,100,100471,100,99015,100,100543,100,98155,100
2019-06-28 10:00:29.450515548,100126,158,100118,85,100144,158,100113,158,100149,158,100112,159,100258,158,100044,258,100277,158,99980,158,100281,100,99959,100,100322,100,99896,427,100360,100,99375,100,100471,100,99168,100,100543,100,99015,100
2019-06-28 10:00:30.000000000,100126,158,100118,85,100144,158,100113,158,100149,158,100112,159,100258,158,100044,258,100277,158,99980,158,100281,100,99959,100,100322,100,99896,427,100360,100,99375,100,100471,100,99168,100,100543,100,99015,100
2019-06-28 10:00:40.000000000,100126,392,100118,319,100144,100,100113,100,100149,100,100112,101,100258,100,100044,200,100277,100,99980,100,100281,100,99959,100,100322,100,99896,427,100360,100,99375,100,100471,100,99168,100,100543,100,99015,100
2019-06-28 10:00:43.023576835,100126,392,100118,219,100144,100,100113,100,100149,100,100112,101,100258,100,100044,200,100277,100,99980,100,100281,100,99959,100,100322,100,99896,427,100360,100,99375,100,100471,100,99168,100,100543,100,99015,100
2019-06-28 10:00:48.888147959,100126,392,100118,219,100144,100,100113,100,100149,100,100112,101,100258,100,100044,200,100277,100,99980,100,100281,100,99959,100,100322,100,99896,427,100360,100,99375,100,100421,100,99168,100,100471,100,99015,100
2019-06-28 10:00:50.000000000,100126,173,100113,173,100144,173,100112,174,100149,173,100044,273,100258,173,99980,173,100277,100,99959,100,100281,100,99896,427,100322,100,99375,100,100360,100,99168,100,100421,100,99015,100,100471,100,98155,100
2019-06-28 10:00:59.936166199,100126,173,100113,173,100144,173,100112,174,100149,173,100044,273,100258,173,99980,173,100277,100,99959,100,100281,100,99951,100,100322,100,99896,427,100360,100,99375,100,100421,100,99168,100,100471,100,99015,100
2019-06-28 10:01:00.000000000,100126,158,100113,158,100144,158,100112,159,100149,158,100044,258,100258,158,99980,158,100277,158,99959,158,100281,100,99951,100,100322,100,99896,427,100360,100,99375,100,100421,100,99168,100,100471,100,99015,100
2019-06-28 10:01:10.000000000,100126,392,100113,392,100144,100,100112,101,100149,100,100044,200,100258,100,99980,100,100277,100,99959,100,100281,100,99951,100,100322,100,99896,427,100360,100,99375,100,100421,100,99168,100,100471,100,99015,100
2019-06-28 10:01:19.400933118,100126,392,100113,392,100144,100,100112,101,100149,100,100044,200,100258,100,99980,100,100277,100,99959,100,100281,100,99951,100,100322,200,99896,427,100360,100,99375,100,100421,100,99168,100,100471,100,99015,100
2019-06-28 10:01:20.000000000,100126,246,100113,246,100144,246,100112,247,100149,100,100044,200,100258,100,99980,100,100277,100,99959,100,100281,100,99951,100,100322,200,99896,427,100360,100,99375,100,100421,100,99168,100,100471,100,99015,100
2019-06-28 10:01:27.882828257,100126,246,100113,246,100144,246,100112,247,100149,100,100044,200,100258,100,99980,100,100277,100,99959,100,100281,100,99951,100,100322,200,99896,427,100360,100,99375,100,100387,100,99168,100,100421,100,99015,100
2019-06-28 10:01:30.000000000,100126,199,100113,199,100144,196,100112,197,100149,196,100044,296,100258,100,99980,100,100277,100,99959,100,100281,100,99951,100,100322,200,99896,427,100360,100,99375,100,100387,100,99168,100,100421,100,99015,100
2019-06-28 10:01:40.000000000,100126,199,100113,199,100144,196,100112,197,100149,196,100044,296,100258,100,99980,100,100277,100,99959,100,100281,100,99951,100,100322,200,99896,427,100360,100,99375,100,100387,100,99168,100,100421,100,99015,100
2019-06-28 10:01:50.000000000,100126,199,100113,199,100144,196,100112,197,100149,196,100044,296,100258,100,99980,100,100277,100,99959,100,100281,100,99951,100,100322,200,99896,427,100360,100,99375,100,100387,100,99168,100,100421,100,99015,100
2019-06-28 10:01:52.658897100,100126,199,100113,199,100144,196,100112,197,100149,196,100044,296,100230,100,99980,100,100258,100,99959,100,100277,100,99951,100,100281,100,99896,427,100322,200,99375,100,100360,100,99168,100,100387,100,99015,100
2019-06-28 10:02:00.000000000,100126,392,100113,392,100144,100,100112,101,100149,100,100044,200,100230,100,99980,100,100258,100,99959,100,100277,100,99951,100,100281,100,99896,427,100322,200,99375,100,100360,100,99168,100,100387,100,99015,100
2019-06-28 10:02:10.000000000,100126,246,100113,246,100144,246,100112,247,100149,100,100044,200,100230,100,99980,100,100258,100,99959,100,100277,100,99951,100,100281,100,99896,427,100322,200,99375,100,100360,100,99168,100,100387,100,99015,100
2019-06-28 10:02:17.827285030,100126,246,100113,146,100144,246,100112,247,100149,100,100044,200,100230,100,99980,100,100258,100,99959,100,100277,100,99951,100,100281,100,99896,427,100322,200,99375,100,100360,100,99168,100,100387,100,99015,100
2019-06-28 10:02:19.415410520,100126,246,100113,146,100144,146,100112,247,100149,100,100044,200,100230,100,99980,100,100258,100,99959,100,100277,100,99951,100,100281,100,99896,427,100322,200,99823,100,100360,100,99375,100,100387,100,99168,100
2019-06-28 10:02:20.000000000,100126,199,100112,200,100149,196,100044,296,100230,196,99980,196,100258,100,99959,100,100277,100,99951,100,100281,100,99896,427,100322,200,99823,100,100360,100,99375,100,100387,100,99168,100,100421,100,99015,100
2019-06-28 10:02:30.000000000,100126,199,100112,200,100149,196,100044,296,100230,196,99980,196,100258,100,99959,100,100277,100,99951,100,100281,100,99896,427,100322,200,99823,100,100360,100,99375,100,100387,100,99168,100,100421,100,99015,100
2019-06-28 10:02:40.000000000,100126,199,100112,200,100149,196,100044,296,100230,196,99980,196,100258,100,99959,100,100277,100,99951,100,100281,100,99896,427,100322,200,99823,100,100360,100,99375,100,100387,100,99168,100,100421,100,99015,100
2019-06-28 10:02:50.000000000,100126,199,100112,200,100149,196,100044,296,100230,196,99980,196,100258,100,99959,100,100277,100,99951,100,100281,100,99896,427,100322,200,99823,100,100360,100,99375,100,100387,100,99168,100,100421,100,99015,100
2019-06-28 10:02:50.538760323,100126,199,100112,100,100149,196,100044,296,100230,196,99980,196,100258,100,99959,100,100277,100,99951,100,100281,100,99896,427,100322,200,99823,100,100360,100,99375,100,100387,100,99168,100,100421,100,99015,100
2019-06-28 10:03:00.000000000,100126,199,100112,100,100149,196,100044,296,100230,196,99980,196,100258,100,99959,100,100277,100,99951,100,100281,100,99896,427,100322,200,99823,100,100360,100,99375,100,100387,100,99168,100,100421,100,99015,100
2019-06-28 10:03:07.579206702,100126,199,100044,296,100149,196,99980,196,100230,196,99959,100,100258,100,99951,100,100277,100,99896,427,100281,100,99823,100,100322,200,99375,100,100360,100,99168,100,100387,100,99015,100,100421,100,98155,100
2019-06-28 10:03:10.000000000,100126,392,100044,492,100149,100,99980,100,100230,100,99959,100,100258,100,99951,100,100277,100,99896,427,100281,100,99823,100,100322,200,99375,100,100360,100,99168,100,100387,100,99015,100,100421,100,98155,100
2019-06-28 10:03:20.000000000,100126,246,100044,346,100149,246,99980,246,100230,100,99959,100,100258,100,99951,100,100277,100,99896,427,100281,100,99823,100,100322,200,99375,100,100360,100,99168,100,100387,100,99015,100,100421,100,98155,100
2019-06-28 10:03:21.201156757,100126,246,100044,246,100149,246,99980,246,100230,100,99959,100,100258,100,99951,100,100277,100,99896,427,100281,100,99823,100,100322,200,99375,100,100360,100,99168,100,100387,100,99015,100,100421,100,98155,100
2019-06-28 10:03:30.000000000,100126,199,100044,199,100149,196,99980,196,100230,196,99959,196,100258,100,99951,100,100277,100,99896,427,100281,100,99823,100,100322,200,99375,100,100360,100,99168,100,100387,100,99015,100,100421,100,98155,100
2019-06-28 10:03:40.000000000,100126,246,100044,246,100149,246,99980,246,100230,100,99959,100,100258,100,99951,100,100277,100,99896,427,100281,100,99823,100,100322,200,99375,100,100360,100,99168,100,100387,100,99015,100,100421,100,98155,100
2019-06-28 10:03:41.547671236,100126,246,100044,146,100149,246,99980,246,100230,100,99959,100,100258,100,99951,100,100277,100,99896,427,100281,100,99823,100,100322,200,99375,100,100360,100,99168,100,100387,100,99015,100,100421,100,98155,100
2019-06-28 10:03:50.000000000,100126,199,99980,199,100149,196,99959,196,100230,196,99951,196,100258,100,99896,427,100277,100,99823,100,100281,100,99375,100,100322,200,99168,100,100360,100,99015,100,100387,100,98155,100,100421,100,,
2019-06-28 10:03:59.331694408,100112,100,99980,199,100126,199,99959,196,100149,196,99951,196,100230,196,99896,400,100258,100,99823,100,100277,100,99375,100,100281,100,99168,100,100322,200,99015,100,100360,100,98155,100,100387,100,,
2019-06-28 10:04:00.000000000,100112,392,99980,392,100126,100,99959,100,100149,100,99951,100,100230,100,99896,400,100258,100,99823,100,100277,100,99375,100,100281,100,99168,100,100322,200,99015,100,100360,100,98155,100,100387,100,,
2019-06-28 10:04:03.776519071,100080,100,99980,392,100112,392,99959,100,100126,100,99951,100,100149,100,99896,400,100230,100,99823,100,100258,100,99375,100,100277,100,99168,100,100281,100,99015,100,100322,200,98155,100,100360,100,,
2019-06-28 10:04:10.000000000,100080,199,99980,199,100112,196,99959,196,100126,196,99951,196,100149,100,99896,400,100230,100,99823,100,100258,100,99375,100,100277,100,99168,100,100281,100,99015,100,100322,200,98155,100,100360,100,,
2019-06-28 10:04:20.000000000,100080,392,99980,392,100112,100,99959,100,100126,100,99951,100,100149,100,99896,400,100230,100,99823,100,100258,100,99375,100,100277,100,99168,100,100281,100,99015,100,100322,200,98155,100,100360,100,,
2019-06-28 10:04:30.000000000,100080,158,99980,158,100112,158,99959,158,100126,158,99951,158,100149,158,99896,458,100230,158,99823,158,100258,100,99375,100,100277,100,99168,100,100281,100,99015,100,100322,200,98155,100,100360,100,,
2019-06-28 10:04:40.000000000,100080,173,99980,173,100112,173,99959,173,100126,173,99951,173,100149,173,99896,473,100230,100,99823,100,100258,100,99375,100,100277,100,99168,100,100281,100,99015,100,100322,200,98155,100,100360,100,,
2019-06-28 10:04:50.000000000,100080,392,99980,392,100112,100,99959,100,100126,100,99951,100,100149,100,99896,400,100230,100,99823,100,100258,100,99375,100,100277,100,99168,100,100281,100,99015,100,100322,200,98155,100,100360,100,,
2019-06-28 10:05:00.000000000,100080,173,99980,173,100112,173,99959,173,100126,173,99951,173,100149,173,99896,473,100230,100,99823,100,100258,100,99375,100,100277,100,99168,100,100281,100,99015,100,100322,200,98155,100,100360,100,,
2019-06-28 10:05:10.000000000,100080,199,99980,199,100112,196,99959,196,100126,196,99951,196,100149,100,99896,400,100230,100,99823,100,100258,100,99375,100,100277,100,99168,100,100281,100,99015,100,100322,200,98155,100,100360,100,,
2019-06-28 10:05:20.000000000,100080,392,99980,392,100112,100,99959,100,100126,100,99951,100,100149,100,99896,400,100230,100,99823,100,100258,100,99375,100,100277,100,99168,100,100281,100,99015,100,100322,200,98155,100,100360,100,,
2019-06-28 10:05:30.000000000,100080,173,99980,173,100112,173,99959,173,100126,173,99951,173,100149,173,99896,473,100230,100,99823,100,100258,100,99375,100,100277,100,99168,100,100281,100,99015,100,100322,200,98155,100,100360,100,,
2019-06-28 10:05:40.000000000,100080,158,99980,158,100112,158,99959,158,100126,158,99951,158,100149,158,99896,458,100230,158,99823,158,100258,100,99375,100,100277,100,99168,100,100281,100,99015,100,100322,200,98155,100,100360,100,,
2019-06-28 10:05:50.000000000,100080,173,99980,173,100112,173,99959,173,100126,173,99951,173,100149,173,99896,473,100230,100,99823,100,100258,100,99375,100,100277,100,99168,100,100281,100,99015,100,100322,200,98155,100,100360,100,,
2019-06-28 10:05:59.007754872,100080,173,99980,173,100112,173,99959,173,100126,173,99951,173,100149,173,99896,473,100230,100,99823,100,100258,100,99168,100,100277,100,99015,100,100281,100,98155,100,100322,200,,,100360,100,,
2019-06-28 10:06:00.000000000,100080,392,99980,392,100112,100,99959,100,100126,100,99951,100,100149,100,99896,400,100230,100,99823,100,100258,100,99168,100,100277,100,99015,100,100281,100,98155,100,100322,200,,,100360,100,,
2019-06-28 10:06:10.000000000,100080,173,99980,173,100112,173,99959,173,100126,173,99951,173,100149,173,99896,473,100230,100,99823,100,100258,100,99168,100,100277,100,99015,100,100281,100,98155,100,100322,200,,,100360,100,,
2019-06-28 10:06:12.892034850,100080,173,99980,173,100112,273,99959,173,100126,173,99951,173,100149,173,99896,473,100230,100,99823,100,100258,100,99168,100,100277,100,99015,100,100281,100,98155,100,100322,200,,,100360,100,,
2019-06-28 10:06:13.056777041,100080,173,99980,73,100112,273,99959,173,100126,173,99951,173,100149,173,99896,473,100230,100,99823,100,100258,100,99168,100,100277,100,99015,100,100281,100,98155,100,100322,200,,,100360,100,,
2019-06-28 10:06:20.000000000,100080,246,99959,246,100112,346,99951,246,100126,100,99896,400,100149,100,99823,100,100230,100,99168,100,100258,100,99015,100,100277,100,98155,100,100281,100,,,100322,200,,,100360,100,,
2019-06-28 10:06:29.189991137,100044,100,99959,246,100080,246,99951,246,100112,346,99896,400,100126,100,99823,100,100149,100,99168,100,100230,100,99015,100,100258,100,98155,100,100277,100,,,100281,100,,,100322,200,,
2019-06-28 10:06:30.000000000,100044,246,99959,246,100080,246,99951,246,100112,200,99896,400,100126,100,99823,100,100149,100,99168,100,100230,100,99015,100,100258,100,98155,100,100277,100,,,100281,100,,,100322,200,,
2019-06-28 10:06:40.000000000,100044,199,99959,199,100080,196,99951,196,100112,296,99896,496,100126,100,99823,100,100149,100,99168,100,100230,100,99015,100,100258,100,98155,100,100277,100,,,100281,100,,,100322,200,,
2019-06-28 10:06:50.000000000,100044,199,99959,199,100080,196,99951,196,100112,296,99896,496,100126,100,99823,100,100149,100,99168,100,100230,100,99015,100,100258,100,98155,100,100277,100,,,100281,100,,,100322,200,,
2019-06-28 10:06:59.836760841,100044,299,99959,199,100080,196,99951,196,100112,296,99896,496,100126,100,99823,100,100149,100,99168,100,100230,100,99015,100,100258,100,98155,100,100277,100,,,100281,100,,,100322,200,,
2019-06-28 10:07:00.000000000,100044,346,99959,246,100080,246,99951,246,100112,200,99896,400,100126,100,99823,100,100149,100,99168,100,100230,100,99015,100,100258,100,98155,100,100277,100,,,100281,100,,,100322,200,,
2019-06-28 10:07:10.000000000,100044,299,99959,199,100080,196,99951,196,100112,296,99896,496,100126,100,99823,100,100149,100,99168,100,100230,100,99015,100,100258,100,98155,100,100277,100,,,100281,100,,,100322,200,,
2019-06-28 10:07:20.000000000,100044,258,99959,158,100080,158,99951,158,100112,258,99896,458,100126,158,99823,158,100149,158,99168,158,100230,100,99015,100,100258,100,98155,100,100277,100,,,100281,100,,,100322,200,,
2019-06-28 10:07:25.874904882,100044,258,99959,158,100080,158,99951,158,100112,258,99896,458,100126,158,99823,158,100149,158,99350,100,100230,100,99168,158,100258,100,99015,100,100277,100,98155,100,100281,100,,,100322,200,,
2019-06-28 10:07:30.000000000,100044,492,99959,392,100080,100,99951,100,100112,200,99896,400,100126,100,99823,100,100149,100,99350,100,100230,100,99168,100,100258,100,99015,100,100277,100,98155,100,100281,100,,,100322,200,,
2019-06-28 10:07:40.000000000,100044,258,99959,158,100080,158,99951,158,100112,258,99896,458,100126,158,99823,158,100149,158,99350,158,100230,100,99168,100,100258,100,99015,100,100277,100,98155,100,100281,100,,,100322,200,,
