,ask_price_1,ask_size_1,bid_price_1,bid_size_1,ask_price_2,ask_size_2,bid_price_2,bid_size_2,ask_price_3,ask_size_3,bid_price_3,bid_size_3,ask_price_4,ask_size_4,bid_price_4,bid_size_4,ask_price_5,ask_size_5,bid_price_5,bid_size_5,ask_price_6,ask_size_6,bid_price_6,bid_size_6,ask_price_7,ask_size_7,bid_price_7,bid_size_7,ask_price_8,ask_size_8,bid_price_8,bid_size_8,ask_price_9,ask_size_9,bid_price_9,bid_size_9,ask_price_10,ask_size_10,bid_price_10,bid_size_10
2019-06-28 09:30:00.000000000,99928,100,,,,,,,,,,,,,,,,,,,,,,,,,,,,,,,,,,,,,,
2019-06-28 09:30:00.000000006,,,,,,,,,,,,,,,,,,,,,,,,,,,,,,,,,,,,,,,,
2019-06-28 09:30:00.000000007,100034,100,99940,100,,,,,,,,,,,,,,,,,,,,,,,,,,,,,,,,,,,,
2019-06-28 09:30:00.000000008,100034,100,99940,100,100071,100,,,,,,,,,,,,,,,,,,,,,,,,,,,,,,,,,,
2019-06-28 09:30:00.000000010,100030,100,99940,100,100034,100,,,100071,100,,,,,,,,,,,,,,,,,,,,,,,,,,,,,,
2019-06-28 09:30:00.000000011,100007,100,99940,100,100030,100,,,100034,100,,,100071,100,,,100081,100,,,,,,,,,,,,,,,,,,,,,,
2019-06-28 09:30:00.000000013,100030,100,99940,100,100034,100,,,100071,100,,,100081,100,,,,,,,,,,,,,,,,,,,,,,,,,,
2019-06-28 09:30:00.000000018,100030,100,99940,100,100034,100,,,100071,100,,,100081,100,,,100105,100,,,,,,,,,,,,,,,,,,,,,,
2019-06-28 09:30:00.000000021,100030,100,99940,100,100034,100,,,100071,100,,,100081,100,,,100105,100,,,100182,100,,,,,,,,,,,,,,,,,,
2019-06-28 09:30:00.000000022,100007,100,99970,100,100030,100,99940,100,100034,100,,,100071,100,,,100081,100,,,100105,100,,,100182,100,,,,,,,,,,,,,,
2019-06-28 09:30:00.000000024,100007,100,99970,100,100030,100,99940,100,100034,100,,,100071,100,,,100081,100,,,100105,100,,,100125,100,,,100182,100,,,,,,,,,,
2019-06-28 09:30:00.000000026,100007,100,99977,100,100030,100,99970,100,100034,100,99940,100,100071,100,,,100081,100,,,100105,100,,,100125,100,,,100182,100,,,,,,,,,,
2019-06-28 09:30:00.000000027,100007,100,99977,100,100030,100,99970,100,100034,100,99941,100,100071,100,99940,100,100081,100,,,100105,100,,,100125,100,,,100182,100,,,,,,,,,,
2019-06-28 09:30:00.000000028,100007,100,99977,100,100030,100,99970,100,100034,100,99941,100,100071,100,99940,100,100081,100,99928,100,100105,100,,,100125,100,,,100182,100,,,,,,,,,,
2019-06-28 09:30:00.000000031,100007,100,99977,100,100030,100,99970,100,100034,100,99941,100,100071,100,99940,100,100081,100,99928,100,100105,100,99910,100,100125,100,,,100182,100,,,,,,,,,,
2019-06-28 09:30:00.000000032,100007,200,99977,100,100030,100,99970,100,100034,100,99941,200,100071,100,99940,100,100081,100,99928,100,100105,100,99910,100,100125,100,,,100140,100,,,100182,100,,,,,,
2019-06-28 09:30:00.000000036,100007,200,99977,100,100030,100,99970,100,100034,100,99941,300,100071,100,99940,100,100081,100,99928,100,100105,100,99910,100,100125,100,,,100140,100,,,100149,100,,,100182,100,,
2019-06-28 09:30:00.000000038,99999,100,99977,100,100007,200,99970,100,100030,100,99941,300,100034,100,99940,100,100071,100,99928,100,100081,100,99910,100,100105,100,,,100125,100,,,100140,100,,,100149,100,,
2019-06-28 09:30:00.000000042,99999,100,99977,100,100007,200,99970,100,100030,100,99941,300,100034,100,99940,100,100071,100,99928,100,100081,100,99910,100,100105,100,,,100125,100,,,100140,100,,,100149,100,,
2019-06-28 09:30:00.000000043,99999,100,99970,100,100007,200,99941,300,100030,100,99940,100,100034,100,99939,100,100071,100,99928,100,100081,100,99910,100,100105,100,,,100125,100,,,100140,100,,,100149,100,,
2019-06-28 09:30:00.000000044,99999,100,99970,100,100007,200,99941,300,100030,100,99940,100,100034,100,99939,100,100039,100,99928,100,100071,100,99910,100,100081,100,,,100105,100,,,100125,100,,,100140,100,,
2019-06-28 09:30:00.000000045,99999,100,99970,100,100007,200,99941,300,100019,100,99940,100,100030,100,99939,100,100034,100,99928,100,100039,100,99910,100,100071,100,,,100081,100,,,100105,100,,,100125,100,,
2019-06-28 09:30:00.000000046,99999,100,99970,100,100007,200,99941,300,100019,100,99940,100,100030,100,99939,100,100034,100,99928,100,100039,100,99910,100,100049,100,,,100071,100,,,100081,100,,,100096,100,,
2019-06-28 09:30:00.000000049,100007,200,99970,100,100019,100,99941,300,100030,100,99940,100,100034,100,99939,100,100039,100,99928,100,100049,100,99910,100,100071,100,,,100081,100,,,100096,100,,,100105,100,,
2019-06-28 09:30:00.000000052,99999,100,99970,100,100007,200,99941,300,100019,100,99940,100,100030,100,99939,100,100034,100,99928,100,100039,100,99910,100,100049,100,,,100071,100,,,100081,100,,,100096,100,,
2019-06-28 09:30:00.000000054,99999,100,99970,100,100007,200,99941,300,100019,100,99940,100,100030,100,99939,100,100034,100,99928,100,100039,100,99910,100,100049,100,99857,100,100071,100,,,100081,100,,,100096,100,,
2019-06-28 09:30:00.000000059,99999,200,99970,100,100007,200,99963,100,100019,100,99941,300,100030,100,99940,100,100034,100,99939,100,100039,100,99928,100,100049,100,99910,100,100071,100,99857,100,100081,100,,,100096,100,,
2019-06-28 09:30:00.000000062,99999,200,99981,100,100007,200,99970,100,100019,100,99963,100,100030,100,99941,300,100034,100,99940,100,100039,100,99939,100,100049,100,99928,100,100071,100,99910,100,100081,100,99857,100,100096,100,,
2019-06-28 09:30:00.000000063,99999,200,99981,100,100007,200,99977,100,100019,100,99970,100,100030,100,99963,100,100034,100,99941,300,100039,100,99940,100,100049,100,99939,100,100071,100,99928,100,100081,100,99910,100,100096,100,99857,100
2019-06-28 09:30:00.000000065,99999,200,99981,100,100007,200,99977,100,100019,100,99970,100,100030,100,99963,100,100034,100,99941,300,100039,100,99940,100,100049,100,99939,100,100071,100,99928,100,100081,100,99910,100,100096,100,99904,100
2019-06-28 09:30:00.000000067,99998,100,99981,100,99999,200,99977,100,100007,200,99970,100,100019,100,99963,100,100030,100,99941,300,100034,100,99940,100,100039,100,99939,100,100049,100,99928,100,100071,100,99910,100,100081,100,99904,100
2019-06-28 09:30:00.000000073,99998,100,99981,100,99999,300,99977,100,100007,200,99970,100,100019,100,99963,100,100030,100,99941,300,100034,100,99940,100,100039,100,99939,100,100049,100,99928,100,100071,100,99910,100,100081,100,99904,100
2019-06-28 09:30:00.000000074,99998,100,99981,100,99999,300,99977,100,100007,300,99970,100,100019,100,99963,100,100030,100,99941,300,100034,100,99940,100,100039,100,99939,100,100049,100,99928,100,100071,100,99910,100,100081,100,99904,100
2019-06-28 09:30:00.000000077,99998,100,99981,100,99999,300,99977,100,100007,300,99970,100,100019,100,99963,100,100030,100,99941,300,100034,100,99940,100,100039,100,99939,100,100049,100,99928,100,100071,100,99910,100,100081,100,99904,100
2019-06-28 09:30:00.000000078,99998,100,99981,100,99999,300,99977,100,100007,300,99970,100,100019,100,99963,100,100030,100,99941,300,100034,100,99940,200,100039,100,99939,100,100049,100,99928,100,100071,100,99910,100,100081,100,99904,100
2019-06-28 09:30:00.000000079,99998,100,99981,100,99999,300,99977,100,100007,300,99970,100,100019,100,99963,100,100030,100,99941,300,100034,100,99940,200,100039,100,99939,100,100049,100,99928,100,100071,100,99916,100,100081,100,99910,100
2019-06-28 09:30:00.000000080,99998,100,99981,100,99999,300,99977,100,100007,300,99970,100,100019,100,99963,100,100030,100,99941,300,100034,100,99940,200,100039,100,99939,100,100041,100,99928,100,100049,100,99916,100,100052,100,99910,100
2019-06-28 09:30:00.000000084,99998,100,99981,100,99999,400,99977,100,100007,300,99970,100,100019,100,99963,100,100030,100,99941,300,100034,100,99940,200,100039,100,99939,100,100041,100,99928,100,100049,100,99916,100,100052,100,99910,100
2019-06-28 09:30:00.000000085,99998,100,99981,100,99999,400,99977,100,100007,300,99970,100,100019,100,99963,100,100030,100,99941,300,100034,100,99940,200,100039,100,99939,100,100041,100,99928,100,100049,100,99916,100,100052,100,99914,100
2019-06-28 09:30:00.000000088,99998,100,99977,100,99999,400,99970,100,100007,300,99963,100,100019,100,99941,300,100030,100,99940,200,100034,100,99939,100,100039,100,99928,100,100041,100,99916,100,100049,100,99914,100,100051,100,99910,100
2019-06-28 09:30:00.000000089,99998,100,99977,100,99999,400,99971,100,100007,300,99970,100,100019,100,99963,100,100030,100,99941,300,100034,100,99940,200,100039,100,99939,100,100041,100,99928,100,100049,100,99916,100,100051,100,99914,100
2019-06-28 09:30:00.000000090,99998,100,99977,100,99999,400,99971,100,100007,300,99970,100,100013,100,99963,100,100019,100,99941,300,100030,100,99940,200,100034,100,99939,100,100039,100,99928,100,100041,100,99916,100,100049,100,99914,100
2019-06-28 09:30:00.000000093,99995,100,99977,100,99998,100,99971,100,99999,400,99970,100,100007,300,99963,100,100013,100,99941,300,100019,100,99940,200,100030,100,99939,100,100034,100,99928,100,100039,100,99916,100,100041,100,99914,100
2019-06-28 09:30:00.000000096,99995,100,99977,100,99997,100,99971,100,99998,100,99970,100,99999,400,99963,100,100007,300,99941,300,100013,100,99940,200,100019,100,99939,100,100030,100,99928,100,100034,100,99916,100,100039,100,99914,100
2019-06-28 09:30:00.000000097,99995,100,99983,100,99997,100,99977,100,99998,100,99971,100,99999,400,99970,100,100007,300,99963,100,100013,100,99941,300,100019,100,99940,200,100030,100,99939,100,100034,100,99928,100,100039,100,99921,100
2019-06-28 09:30:10.000000000,99995,195,99983,195,99997,195,99977,195,99998,195,99971,195,99999,495,99970,195,100007,395,99963,195,100013,100,99941,300,100019,100,99940,200,100030,100,99939,100,100034,100,99928,100,100039,100,99921,100
2019-06-28 09:30:11.890098650,99995,195,99983,195,99997,195,99977,195,99998,195,99971,195,99999,495,99970,195,100007,395,99963,195,100013,100,99941,300,100019,100,99940,200,100030,100,99939,100,100034,100,99928,100,100039,100,99921,100
2019-06-28 09:30:20.000000000,99995,338,99983,338,99997,338,99977,338,99998,100,99971,100,99999,400,99970,100,100007,300,99963,100,100013,100,99941,300,100019,100,99940,200,100030,100,99939,100,100034,100,99928,100,100039,100,99921,100
2019-06-28 09:30:30.000000000,99995,576,99983,576,99997,100,99977,100,99998,100,99971,100,99999,400,99970,100,100007,300,99963,100,100013,100,99941,300,100019,100,99940,200,100030,100,99939,100,100034,100,99928,100,100039,100,99921,100
2019-06-28 09:30:31.183273517,99995,576,99983,576,99997,100,99977,100,99998,100,99971,100,99999,400,99970,100,100007,300,99963,100,100013,100,99941,300,100019,100,99940,200,100030,100,99939,100,100034,100,99928,100,100039,100,99921,100
2019-06-28 09:30:33.581213752,99995,576,99983,576,99997,100,99981,100,99998,100,99977,100,99999,400,99971,100,100007,300,99970,100,100013,100,99963,100,100019,100,99941,300,100034,100,99940,200,100039,100,99939,100,100041,100,99928,100
2019-06-28 09:30:40.000000000,99995,219,99983,219,99997,219,99981,219,99998,219,99977,219,99999,519,99971,219,100007,300,99970,100,100013,100,99963,100,100019,100,99941,300,100034,100,99940,200,100039,100,99939,100,100041,100,99928,100
2019-06-28 09:30:49.563039549,99995,119,99983,219,99997,219,99981,219,99998,219,99977,219,99999,519,99971,219,100007,300,99970,100,100013,100,99963,100,100019,100,99941,300,100034,100,99940,200,100039,100,99939,100,100041,100,99928,100
2019-06-28 09:30:50.000000000,99997,219,99983,219,99998,219,99981,219,99999,519,99977,219,100007,419,99971,219,100013,100,99970,100,100019,100,99963,100,100034,100,99941,300,100039,100,99940,200,100041,100,99939,100,100049,100,99928,100
2019-06-28 09:30:53.859285075,99997,219,99983,219,99998,219,99981,219,99999,519,99977,219,100007,419,99971,219,100013,100,99970,100,100019,100,99963,100,100034,100,99941,300,100039,100,99940,200,100041,100,99939,100,100049,100,99928,100
2019-06-28 09:30:55.841920767,99997,119,99983,219,99998,219,99981,219,99999,519,99977,219,100007,419,99971,219,100013,100,99970,100,100019,100,99963,100,100034,100,99941,300,100039,100,99940,200,100041,100,99939,100,100049,100,99928,100
2019-06-28 09:30:57.650572277,99997,119,99983,219,99998,219,99981,219,99999,519,99977,219,100007,419,99971,219,100013,100,99970,100,100034,100,99963,100,100039,100,99941,300,100041,100,99940,200,100049,100,99939,100,100051,100,99928,100
2019-06-28 09:30:58.396014336,99997,119,99983,219,99998,219,99981,219,99999,519,99977,219,100007,419,99971,219,100013,100,99970,100,100034,100,99963,100,100039,100,99941,300,100041,100,99940,200,100049,100,99939,100,100051,100,99928,100
2019-06-28 09:31:00.000000000,99998,262,99983,262,99999,557,99981,257,100007,457,99977,257,100013,100,99971,100,100034,100,99970,100,100039,100,99963,100,100041,100,99941,300,100049,100,99940,200,100051,100,99939,100,100052,100,99928,100
2019-06-28 09:31:10.000000000,99998,195,99983,195,99999,495,99981,195,100007,395,99977,195,100013,195,99971,195,100034,195,99970,195,100039,100,99963,100,100041,100,99941,300,100049,100,99940,200,100051,100,99939,100,100052,100,99928,100
2019-06-28 09:31:10.361590498,99998,95,99983,195,99999,495,99981,195,100007,395,99977,195,100013,195,99971,195,100034,195,99970,195,100039,100,99963,100,100041,100,99941,300,100049,100,99940,200,100051,100,99939,100,100052,100,99928,100
2019-06-28 09:31:20.000000000,99999,519,99983,219,100007,419,99981,219,100013,219,99977,219,100034,219,99971,219,100039,100,99970,100,100041,100,99963,100,100049,100,99941,300,100051,100,99940,200,100052,100,99939,100,100071,100,99928,100
2019-06-28 09:31:30.000000000,99999,495,99983,195,100007,395,99981,195,100013,195,99977,195,100034,195,99971,195,100039,195,99970,195,100041,100,99963,100,100049,100,99941,300,100051,100,99940,200,100052,100,99939,100,100071,100,99928,100
2019-06-28 09:31:36.287784384,99999,395,99983,195,100007,395,99981,195,100013,195,99977,195,100034,195,99971,195,100039,195,99970,195,100041,100,99963,100,100049,100,99941,300,100051,100,99940,200,100052,100,99939,100,100071,100,99928,100
2019-06-28 09:31:40.000000000,99999,395,99983,195,100007,395,99981,195,100013,195,99977,195,100034,195,99971,195,100039,195,99970,195,100041,100,99963,100,100049,100,99941,300,100051,100,99940,200,100052,100,99939,100,100071,100,99928,100
2019-06-28 09:31:50.000000000,99999,776,99983,576,100007,300,99981,100,100013,100,99977,100,100034,100,99971,100,100039,100,99970,100,100041,100,99963,100,100049,100,99941,300,100051,100,99940,200,100052,100,99939,100,100071,100,99928,100
2019-06-28 09:31:54.526645983,99999,776,99983,576,100007,300,99981,100,100013,100,99971,100,100034,100,99970,100,100039,100,99963,100,100041,100,99941,300,100049,100,99940,200,100051,100,99939,100,100052,100,99928,100,100071,100,99921,100
2019-06-28 09:31:58.426869115,99999,676,99983,576,100007,300,99981,100,100013,100,99971,100,100034,100,99970,100,100039,100,99963,100,100041,100,99941,300,100049,100,99940,200,100051,100,99939,100,100052,100,99928,100,100071,100,99921,100
2019-06-28 09:31:59.928952606,99999,576,99983,576,100007,300,99971,100,100013,100,99970,100,100034,100,99963,100,100039,100,99941,300,100041,100,99940,200,100049,100,99939,100,100051,100,99928,100,100052,100,99921,100,100071,100,99914,100
2019-06-28 09:32:00.000000000,99999,195,99983,195,100007,395,99971,195,100013,195,99970,195,100034,195,99963,195,100039,195,99941,395,100041,100,99940,200,100049,100,99939,100,100051,100,99928,100,100052,100,99921,100,100071,100,99914,100
2019-06-28 09:32:10.000000000,99999,576,99983,576,100007,300,99971,100,100013,100,99970,100,100034,100,99963,100,100039,100,99941,300,100041,100,99940,200,100049,100,99939,100,100051,100,99928,100,100052,100,99921,100,100071,100,99914,100
2019-06-28 09:32:19.124978797,99999,576,99991,100,100007,300,99983,576,100013,100,99971,100,100034,100,99970,100,100039,100,99963,100,100041,100,99941,300,100051,100,99940,200,100052,100,99939,100,100071,100,99928,100,100075,100,99921,100
2019-06-28 09:32:20.000000000,99999,195,99991,195,100007,395,99983,195,100013,195,99971,195,100034,195,99970,195,100039,195,99963,195,100041,100,99941,300,100051,100,99940,200,100052,100,99939,100,100071,100,99928,100,100075,100,99921,100
2019-06-28 09:32:27.449101627,99999,195,99991,95,100007,395,99983,195,100013,195,99971,195,100034,195,99970,195,100039,195,99963,195,100041,100,99941,300,100051,100,99940,200,100052,100,99939,100,100071,100,99928,100,100075,100,99921,100
2019-06-28 09:32:30.000000000,99999,576,99983,576,100007,300,99971,100,100013,100,99970,100,100034,100,99963,100,100039,100,99941,300,100041,100,99940,200,100051,100,99939,100,100052,100,99928,100,100071,100,99921,100,100075,100,99914,100
2019-06-28 09:32:35.804898107,99999,576,99992,100,100007,300,99983,576,100013,100,99971,100,100034,100,99970,100,100039,100,99963,100,100041,100,99941,300,100051,100,99940,200,100052,100,99939,100,100071,100,99928,100,100075,100,99921,100
2019-06-28 09:32:39.494900643,99999,576,99992,100,100007,300,99983,676,100013,100,99971,100,100034,100,99970,100,100039,100,99963,100,100041,100,99941,300,100051,100,99940,200,100052,100,99939,100,100071,100,99928,100,100075,100,99921,100
2019-06-28 09:32:40.000000000,99999,576,99992,576,100007,300,99983,200,100013,100,99971,100,100034,100,99970,100,100039,100,99963,100,100041,100,99941,300,100051,100,99940,200,100052,100,99939,100,100071,100,99928,100,100075,100,99921,100
2019-06-28 09:32:48.900360190,99999,576,99992,676,100007,300,99983,200,100013,100,99971,100,100034,100,99970,100,100039,100,99963,100,100041,100,99941,300,100051,100,99940,200,100052,100,99939,100,100071,100,99928,100,100075,100,99921,100
2019-06-28 09:32:50.000000000,99999,219,99992,319,100007,419,99983,319,100013,219,99971,219,100034,219,99970,219,100039,100,99963,100,100041,100,99941,300,100051,100,99940,200,100052,100,99939,100,100071,100,99928,100,100075,100,99921,100
2019-06-28 09:33:00.000000000,99999,576,99992,676,100007,300,99983,200,100013,100,99971,100,100034,100,99970,100,100039,100,99963,100,100041,100,99941,300,100051,100,99940,200,100052,100,99939,100,100071,100,99928,100,100075,100,99921,100
2019-06-28 09:33:00.627827029,99999,576,99992,676,100007,300,99983,200,100013,100,99971,100,100034,100,99970,100,100039,100,99963,100,100041,100,99941,300,100051,100,99940,200,100052,100,99939,100,100071,100,99928,100,100075,100,99921,100
2019-06-28 09:33:10.000000000,99999,262,99992,362,100007,457,99983,357,100013,257,99971,257,100034,100,99970,100,100039,100,99963,100,100041,100,99941,300,100051,100,99940,200,100052,100,99939,100,100071,100,99928,100,100075,100,99921,100
2019-06-28 09:33:20.000000000,99999,576,99992,676,100007,300,99983,200,100013,100,99971,100,100034,100,99970,100,100039,100,99963,100,100041,100,99941,300,100051,100,99940,200,100052,100,99939,100,100071,100,99928,100,100075,100,99921,100
2019-06-28 09:33:30.000000000,99999,195,99992,295,100007,395,99983,295,100013,195,99971,195,100034,195,99970,195,100039,195,99963,195,100041,100,99941,300,100051,100,99940,200,100052,100,99939,100,100071,100,99928,100,100075,100,99921,100
2019-06-28 09:33:40.000000000,99999,338,99992,438,100007,538,99983,438,100013,100,99971,100,100034,100,99970,100,100039,100,99963,100,100041,100,99941,300,100051,100,99940,200,100052,100,99939,100,100071,100,99928,100,100075,100,99921,100
2019-06-28 09:33:44.913159430,99999,338,99992,338,100007,538,99983,338,100013,100,99971,100,100034,100,99970,100,100039,100,99963,100,100041,100,99941,300,100051,100,99940,200,100052,100,99939,100,100071,100,99928,100,100075,100,99921,100
2019-06-28 09:33:49.558612162,99999,338,99992,238,100007,538,99983,338,100013,100,99971,100,100034,100,99970,100,100039,100,99963,100,100041,100,99941,300,100051,100,99940,200,100052,100,99939,100,100071,100,99928,100,100075,100,99921,100
2019-06-28 09:33:50.000000000,99999,219,99983,219,100007,419,99971,219,100013,219,99970,219,100034,219,99963,219,100039,100,99941,300,100041,100,99940,200,100051,100,99939,100,100052,100,99928,100,100071,100,99921,100,100075,100,99914,100
2019-06-28 09:33:51.271932150,99999,219,99983,219,100007,419,99971,219,100013,219,99970,219,100034,219,99963,219,100039,100,99941,300,100041,100,99940,200,100051,100,99939,100,100052,100,99928,100,100071,100,99921,100,100075,100,99914,100
2019-06-28 09:34:00.000000000,99999,262,99983,262,100007,457,99971,257,100013,257,99970,257,100034,100,99963,100,100039,100,99941,300,100041,100,99940,200,100051,100,99939,100,100052,100,99928,100,100071,100,99921,100,100075,100,99914,100
2019-06-28 09:34:04.370998574,99992,100,99983,262,99999,262,99971,257,100007,457,99970,257,100013,257,99963,100,100034,100,99941,300,100039,100,99940,200,100041,100,99939,100,100051,100,99928,100,100052,100,99921,100,100071,100,99914,100
2019-06-28 09:34:05.304863242,99992,200,99983,262,99999,262,99971,257,100007,457,99970,257,100013,257,99963,100,100034,100,99941,300,100039,100,99940,200,100041,100,99939,100,100051,100,99928,100,100052,100,99921,100,100071,100,99914,100
2019-06-28 09:34:10.000000000,99992,676,99983,576,99999,100,99971,100,100007,300,99970,100,100013,100,99963,100,100034,100,99941,300,100039,100,99940,200,100041,100,99939,100,100051,100,99928,100,100052,100,99921,100,100071,100,99914,100
2019-06-28 09:34:11.708870252,99992,676,99983,576,99999,100,99971,100,100007,300,99970,100,100013,100,99963,100,100034,100,99941,300,100039,100,99940,200,100041,100,99939,100,100051,100,99928,100,100052,100,99921,100,100071,100,99914,100
2019-06-28 09:34:18.709717115,99992,676,99983,476,99999,100,99971,100,100007,300,99970,100,100013,100,99963,100,100034,100,99941,300,100039,100,99940,200,100041,100,99939,100,100051,100,99928,100,100052,100,99921,100,100071,100,99914,100
2019-06-28 09:34:19.628647935,99991,100,99983,476,99992,676,99971,100,99999,100,99970,100,100007,300,99963,100,100013,100,99941,300,100034,100,99940,200,100039,100,99939,100,100041,100,99921,100,100051,100,99914,100,100052,100,99904,100
2019-06-28 09:34:20.000000000,99991,262,99971,262,99992,357,99970,257,99999,257,99963,257,100007,300,99941,300,100013,100,99940,200,100034,100,99939,100,100039,100,99921,100,100041,100,99914,100,100051,100,99904,100,100052,100,99857,100
2019-06-28 09:34:25.077253088,99991,262,99971,262,99992,357,99970,257,99999,257,99963,257,100007,300,99941,300,100013,100,99940,200,100032,100,99939,100,100034,100,99921,100,100039,100,99914,100,100041,100,99904,100,100051,100,99857,100
2019-06-28 09:34:30.000000000,99991,262,99971,262,99992,357,99970,257,99999,257,99963,257,100007,300,99941,300,100013,100,99940,200,100032,100,99939,100,100034,100,99921,100,100039,100,99914,100,100041,100,99904,100,100051,100,99857,100
2019-06-28 09:34:40.000000000,99991,219,99971,219,99992,319,99970,219,99999,219,99963,219,100007,419,99941,419,100013,100,99940,200,100032,100,99939,100,100034,100,99921,100,100039,100,99914,100,100041,100,99904,100,100051,100,99857,100
2019-06-28 09:34:50.000000000,99991,219,99971,219,99992,319,99970,219,99999,219,99963,219,100007,419,99941,419,100013,100,99940,200,100032,100,99939,100,100034,100,99921,100,100039,100,99914,100,100041,100,99904,100,100051,100,99857,100
2019-06-28 09:35:00.000000000,99991,262,99971,262,99992,357,99970,257,99999,257,99963,257,100007,300,99941,300,100013,100,99940,200,100032,100,99939,100,100034,100,99921,100,100039,100,99914,100,100041,100,99904,100,100051,100,99857,100
2019-06-28 09:35:05.423330436,99991,262,99971,162,99992,357,99970,257,99999,257,99963,257,100007,300,99941,300,100013,100,99940,200,100032,100,99939,100,100034,100,99921,100,100039,100,99914,100,100041,100,99904,100,100051,100,99857,100
2019-06-28 09:35:10.000000000,99991,195,99970,195,99992,295,99963,195,99999,195,99941,395,100007,395,99940,295,100013,195,99939,195,100032,100,99921,100,100034,100,99914,100,100039,100,99904,100,100041,100,99857,100,100051,100,99850,100
2019-06-28 09:35:19.265383664,99983,100,99970,195,99991,195,99963,195,99992,295,99941,395,99999,195,99940,295,100007,395,99939,195,100013,195,99921,100,100032,100,99914,100,100034,100,99904,100,100039,100,99857,100,100041,100,99850,100
2019-06-28 09:35:20.000000000,99983,219,99970,219,99991,219,99963,219,99992,319,99941,419,99999,219,99940,319,100007,300,99939,100,100013,100,99921,100,100032,100,99914,100,100034,100,99904,100,100039,100,99857,100,100041,100,99850,100
2019-06-28 09:35:28.672381422,99983,319,99970,219,99991,219,99963,219,99992,319,99941,419,99999,219,99940,319,100007,300,99939,100,100013,100,99921,100,100032,100,99914,100,100034,100,99904,100,100039,100,99857,100,100041,100,99850,100
2019-06-28 09:35:30.000000000,99983,319,99970,219,99991,219,99963,219,99992,319,99941,419,99999,219,99940,319,100007,300,99939,100,100013,100,99921,100,100032,100,99914,100,100034,100,99904,100,100039,100,99857,100,100041,100,99850,100
2019-06-28 09:35:39.159384381,99983,419,99970,219,99991,119,99963,219,99992,319,99941,419,99999,219,99940,319,100007,300,99939,100,100013,100,99921,100,100032,100,99914,100,100034,100,99904,100,100039,100,99857,100,100041,100,99850,100
2019-06-28 09:35:40.000000000,99983,419,99970,219,99992,319,99963,219,99999,219,99941,419,100007,419,99940,319,100013,100,99939,100,100032,100,99921,100,100034,100,99914,100,100039,100,99904,100,100041,100,99857,100,100051,100,99850,100
2019-06-28 09:35:50.000000000,99983,538,99970,338,99992,438,99963,338,99999,100,99941,300,100007,300,99940,200,100013,100,99939,100,100032,100,99921,100,100034,100,99914,100,100039,100,99904,100,100041,100,99857,100,100051,100,99850,100
2019-06-28 09:35:54.064073320,99983,538,99970,238,99992,438,99963,338,99999,100,99941,300,100007,300,99940,200,100013,100,99939,100,100032,100,99921,100,100034,100,99914,100,100039,100,99904,100,100041,100,99857,100,100051,100,99850,100
2019-06-28 09:36:00.000000000,99983,538,99963,338,99992,438,99941,538,99999,100,99940,200,100007,300,99939,100,100013,100,99921,100,100032,100,99914,100,100034,100,99904,100,100039,100,99857,100,100041,100,99850,100,100051,100,99684,100
2019-06-28 09:36:10.000000000,99983,538,99963,338,99992,438,99941,538,99999,100,99940,200,100007,300,99939,100,100013,100,99921,100,100032,100,99914,100,100034,100,99904,100,100039,100,99857,100,100041,100,99850,100,100051,100,99684,100
2019-06-28 09:36:12.019219053,99983,538,99963,238,99992,438,99941,538,99999,100,99940,200,100007,300,99939,100,100013,100,99921,100,100032,100,99914,100,100034,100,99904,100,100039,100,99857,100,100051,100,99850,100,100052,100,99684,100
2019-06-28 09:36:20.000000000,99983,395,99941,395,99992,295,99940,295,99999,195,99939,195,100007,395,99921,195,100013,195,99914,195,100032,100,99904,100,100034,100,99857,100,100039,100,99850,100,100051,100,99684,100,100052,100,99669,100
2019-06-28 09:36:25.382318138,99983,395,99941,395,99992,295,99940,295,99999,195,99939,195,100007,395,99921,195,100013,195,99914,195,100032,100,99904,100,100034,100,99857,100,100039,100,99850,100,100051,100,99684,100,100052,100,99669,100
2019-06-28 09:36:25.841836170,99983,395,99941,295,99992,295,99940,295,99999,195,99939,195,100007,395,99921,195,100013,195,99914,195,100032,100,99904,100,100034,100,99857,100,100039,100,99850,100,100051,100,99684,100,100052,100,99669,100
2019-06-28 09:36:26.276978100,99983,395,99941,295,99992,295,99940,295,99999,195,99939,195,100007,395,99921,195,100013,195,99914,95,100032,100,99904,100,100034,100,99857,100,100039,100,99850,100,100051,100,99684,100,100052,100,99669,100
2019-06-28 09:36:30.000000000,99983,462,99941,362,99992,357,99940,357,99999,257,99939,257,100007,300,99921,100,100013,100,99904,100,100032,100,99857,100,100034,100,99850,100,100039,100,99684,100,100051,100,99669,100,100052,100,99661,100
2019-06-28 09:36:33.145218144,99983,462,99941,262,99992,357,99940,357,99999,257,99939,257,100007,300,99921,100,100013,100,99904,100,100032,100,99857,100,100034,100,99850,100,100039,100,99684,100,100051,100,99669,100,100052,100,99661,100
2019-06-28 09:36:40.000000000,99983,395,99941,195,99992,295,99940,295,99999,195,99939,195,100007,395,99921,195,100013,195,99904,195,100032,100,99857,100,100034,100,99850,100,100039,100,99684,100,100051,100,99669,100,100052,100,99661,100
2019-06-28 09:36:49.844215420,99983,395,99941,95,99992,295,99940,295,99999,195,99939,195,100007,395,99921,195,100013,195,99904,195,100032,100,99857,100,100034,100,99850,100,100039,100,99684,100,100051,100,99669,100,100052,100,99661,100
2019-06-28 09:36:50.000000000,99983,462,99940,362,99992,357,99939,257,99999,257,99921,257,100007,300,99904,100,100013,100,99857,100,100032,100,99850,100,100034,100,99684,100,100039,100,99669,100,100051,100,99661,100,100052,100,,
2019-06-28 09:37:00.000000000,99983,776,99940,676,99992,200,99939,100,99999,100,99921,100,100007,300,99904,100,100013,100,99857,100,100032,100,99850,100,100034,100,99684,100,100039,100,99669,100,100051,100,99661,100,100052,100,,
2019-06-28 09:37:09.283642446,99941,100,99940,676,99983,776,99939,100,99992,200,99921,100,99999,100,99904,100,100007,300,99857,100,100013,100,99850,100,100032,100,99684,100,100034,100,99669,100,100039,100,99661,100,100051,100,,
2019-06-28 09:37:10.000000000,99941,195,99940,295,99983,395,99939,195,99992,295,99921,195,99999,195,99904,195,100007,395,99857,195,100013,100,99850,100,100032,100,99684,100,100034,100,99669,100,100039,100,99661,100,100051,100,,
2019-06-28 09:37:20.000000000,99941,219,99940,319,99983,419,99939,219,99992,319,99921,219,99999,219,99904,219,100007,300,99857,100,100013,100,99850,100,100032,100,99684,100,100034,100,99669,100,100039,100,99661,100,100051,100,,
2019-06-28 09:37:30.000000000,99941,338,99940,438,99983,538,99939,338,99992,200,99921,100,99999,100,99904,100,100007,300,99857,100,100013,100,99850,100,100032,100,99684,100,100034,100,99669,100,100039,100,99661,100,100051,100,,
2019-06-28 09:37:39.462889065,99941,338,99940,438,99983,538,99939,338,99992,200,99921,100,99999,100,99904,100,100007,200,99857,100,100013,100,99850,100,100032,100,99684,100,100034,100,99669,100,100039,100,99661,100,100051,100,,
2019-06-28 09:37:40.000000000,99941,219,99940,319,99983,419,99939,219,99992,319,99921,219,99999,219,99904,219,100007,200,99857,100,100013,100,99850,100,100032,100,99684,100,100034,100,99669,100,100039,100,99661,100,100051,100,,
2019-06-28 09:37:50.000000000,99941,219,99940,319,99983,419,99939,219,99992,319,99921,219,99999,219,99904,219,100007,200,99857,100,100013,100,99850,100,100032,100,99684,100,100034,100,99669,100,100039,100,99661,100,100051,100,,
2019-06-28 09:37:58.201104726,99941,119,99940,319,99983,419,99939,219,99992,319,99921,219,99999,219,99904,219,100007,200,99857,100,100013,100,99850,100,100032,100,99684,100,100034,100,99669,100,100039,100,99661,100,100051,100,,
2019-06-28 09:37:58.366596439,99941,119,99940,319,99983,419,99939,219,99992,319,99921,219,99999,219,99904,219,100007,200,99850,100,100013,100,99684,100,100032,100,99669,100,100034,100,99661,100,100039,100,,,100051,100,,
2019-06-28 09:38:00.000000000,99983,462,99940,362,99992,357,99939,257,99999,257,99921,257,100007,200,99904,100,100013,100,99850,100,100032,100,99684,100,100034,100,99669,100,100039,100,99661,100,100051,100,,,100052,100,,
2019-06-28 09:38:10.000000000,99983,776,99940,676,99992,200,99939,100,99999,100,99921,100,100007,200,99904,100,100013,100,99850,100,100032,100,99684,100,100034,100,99669,100,100039,100,99661,100,100051,100,,,100052,100,,
2019-06-28 09:38:20.000000000,99983,538,99940,438,99992,438,99939,338,99999,100,99921,100,100007,200,99904,100,100013,100,99850,100,100032,100,99684,100,100034,100,99669,100,100039,100,99661,100,100051,100,,,100052,100,,
2019-06-28 09:38:21.849113420,99983,438,99940,438,99992,438,99939,338,99999,100,99921,100,100007,200,99904,100,100013,100,99850,100,100032,100,99684,100,100034,100,99669,100,100039,100,99661,100,100051,100,,,100052,100,,
2019-06-28 09:38:27.926067857,99983,338,99940,438,99992,438,99939,338,99999,100,99921,100,100007,200,99904,100,100013,100,99850,100,100034,100,99684,100,100039,100,99669,100,100051,100,99661,100,100052,100,,,100071,100,,
2019-06-28 09:38:30.000000000,99983,219,99940,319,99992,319,99939,219,99999,219,99921,219,100007,319,99904,219,100013,100,99850,100,100034,100,99684,100,100039,100,99669,100,100051,100,99661,100,100052,100,,,100071,100,,
2019-06-28 09:38:40.000000000,99983,195,99940,295,99992,295,99939,195,99999,195,99921,195,100007,295,99904,195,100013,195,99850,195,100034,100,99684,100,100039,100,99669,100,100051,100,99661,100,100052,100,,,100071,100,,
2019-06-28 09:38:40.222972451,99983,195,99940,295,99992,295,99939,195,99999,195,99921,195,100007,295,99904,195,100013,195,99850,195,100034,100,99684,100,100039,100,99669,100,100051,100,99661,100,100052,100,,,100071,100,,
2019-06-28 09:38:50.000000000,99983,576,99940,676,99992,200,99939,100,99999,100,99921,100,100007,200,99904,100,100013,100,99850,100,100034,100,99684,100,100039,100,99669,100,100051,100,99661,100,100052,100,,,100071,100,,
2019-06-28 09:38:59.179945962,99983,476,99940,676,99992,200,99939,100,99999,100,99921,100,100007,200,99904,100,100013,100,99850,100,100034,100,99684,100,100039,100,99669,100,100051,100,99661,100,100052,100,,,100071,100,,
2019-06-28 09:39:00.000000000,99992,295,99940,295,99999,195,99939,195,100007,295,99921,195,100013,195,99904,195,100034,195,99850,195,100039,100,99684,100,100051,100,99669,100,100052,100,99661,100,100071,100,,,100075,100,,
2019-06-28 09:39:08.535873003,99992,195,99940,295,99999,195,99939,195,100007,295,99921,195,100013,195,99904,195,100034,195,99850,195,100039,100,99684,100,100051,100,99669,100,100052,100,99661,100,100071,100,,,100075,100,,
2019-06-28 09:39:10.000000000,99992,338,99940,438,99999,338,99939,338,100007,200,99921,100,100013,100,99904,100,100034,100,99850,100,100039,100,99684,100,100051,100,99669,100,100052,100,99661,100,100071,100,,,100075,100,,
2019-06-28 09:39:20.000000000,99992,262,99940,362,99999,257,99939,257,100007,357,99921,257,100013,100,99904,100,100034,100,99850,100,100039,100,99684,100,100051,100,99669,100,100052,100,99661,100,100071,100,,,100075,100,,
2019-06-28 09:39:25.950277360,99992,162,99940,362,99999,257,99939,257,100007,357,99921,257,100013,100,99904,100,100034,100,99850,100,100039,100,99684,100,100051,100,99669,100,100052,100,99661,100,100071,100,,,100075,100,,
2019-06-28 09:39:30.000000000,99999,195,99940,295,100007,295,99939,195,100013,195,99921,195,100034,195,99904,195,100039,195,99850,195,100051,100,99684,100,100052,100,99669,100,100071,100,99661,100,100075,100,,,100142,100,,
2019-06-28 09:39:40.000000000,99999,576,99940,676,100007,200,99939,100,100013,100,99921,100,100034,100,99904,100,100039,100,99850,100,100051,100,99684,100,100052,100,99669,100,100071,100,99661,100,100075,100,,,100142,100,,
2019-06-28 09:39:50.000000000,99999,195,99940,295,100007,295,99939,195,100013,195,99921,195,100034,195,99904,195,100039,195,99850,195,100051,100,99684,100,100052,100,99669,100,100071,100,99661,100,100075,100,,,100142,100,,
2019-06-28 09:40:00.000000000,99999,219,99940,319,100007,319,99939,219,100013,219,99921,219,100034,219,99904,219,100039,100,99850,100,100051,100,99684,100,100052,100,99669,100,100071,100,99661,100,100075,100,,,100142,100,,
2019-06-28 09:40:10.000000000,99999,576,99940,676,100007,200,99939,100,100013,100,99921,100,100034,100,99904,100,100039,100,99850,100,100051,100,99684,100,100052,100,99669,100,100071,100,99661,100,100075,100,,,100142,100,,
2019-06-28 09:40:18.743604357,99999,576,99940,676,100007,200,99939,100,100013,100,99921,100,100034,100,99904,100,100039,100,99850,100,100051,100,99684,100,100052,100,99669,100,100071,100,99661,100,100075,100,,,100088,100,,
2019-06-28 09:40:20.000000000,99999,338,99940,438,100007,438,99939,338,100013,100,99921,100,100034,100,99904,100,100039,100,99850,100,100051,100,99684,100,100052,100,99669,100,100071,100,99661,100,100075,100,,,100088,100,,
2019-06-28 09:40:30.000000000,99999,262,99940,362,100007,357,99939,257,100013,257,99921,257,100034,100,99904,100,100039,100,99850,100,100051,100,99684,100,100052,100,99669,100,100071,100,99661,100,100075,100,,,100088,100,,
2019-06-28 09:40:40.000000000,99999,262,99940,362,100007,357,99939,257,100013,257,99921,257,100034,100,99904,100,100039,100,99850,100,100051,100,99684,100,100052,100,99669,100,100071,100,99661,100,100075,100,,,100088,100,,
2019-06-28 09:40:50.000000000,99999,195,99940,295,100007,295,99939,195,100013,195,99921,195,100034,195,99904,195,100039,195,99850,195,100051,100,99684,100,100052,100,99669,100,100071,100,99661,100,100075,100,,,100088,100,,
2019-06-28 09:40:50.979775443,99999,195,99940,295,100007,295,99939,195,100013,195,99921,195,100034,195,99904,195,100039,195,99850,195,100051,100,99684,100,100052,100,99669,100,100071,100,99661,100,100075,100,,,100088,100,,
2019-06-28 09:40:52.178754384,99999,195,99940,295,100007,295,99939,195,100013,195,99921,195,100034,195,99904,195,100039,195,99850,195,100051,100,99824,100,100052,100,99684,100,100071,100,99669,100,100075,100,99661,100,100134,100,,
2019-06-28 09:41:00.000000000,99999,576,99940,676,100007,200,99939,100,100013,100,99921,100,100034,100,99904,100,100039,100,99850,100,100051,100,99824,100,100052,100,99684,100,100071,100,99669,100,100075,100,99661,100,100134,100,,
2019-06-28 09:41:02.935283651,99999,576,99940,676,100007,200,99939,100,100013,100,99921,100,100034,100,99904,100,100039,100,99850,100,100051,100,99684,100,100052,100,99669,100,100071,100,99661,100,100075,100,,,100134,100,,
2019-06-28 09:41:10.000000000,99999,219,99940,319,100007,319,99939,219,100013,219,99921,219,100034,219,99904,219,100039,100,99850,100,100051,100,99684,100,100052,100,99669,100,100071,100,99661,100,100075,100,,,100134,100,,
2019-06-28 09:41:20.000000000,99999,338,99940,438,100007,438,99939,338,100013,100,99921,100,100034,100,99904,100,100039,100,99850,100,100051,100,99684,100,100052,100,99669,100,100071,100,99661,100,100075,100,,,100134,100,,
2019-06-28 09:41:23.117201305,99999,338,99940,338,100007,438,99939,338,100013,100,99921,100,100034,100,99904,100,100039,100,99850,100,100051,100,99684,100,100052,100,99669,100,100071,100,99661,100,100075,100,,,100134,100,,
2019-06-28 09:41:30.000000000,99999,219,99940,219,100007,319,99939,219,100013,219,99921,219,100034,219,99904,219,100039,100,99850,100,100051,100,99684,100,100052,100,99669,100,100071,100,99661,100,100075,100,,,100134,100,,
2019-06-28 09:41:39.459847655,99999,219,99940,119,100007,319,99939,219,100013,219,99921,219,100034,219,99904,219,100039,100,99850,100,100051,100,99684,100,100052,100,99669,100,100071,100,99661,100,100075,100,,,100134,100,,
2019-06-28 09:41:40.000000000,99999,219,99939,219,100007,319,99921,219,100013,219,99904,219,100034,219,99850,219,100039,100,99684,100,100051,100,99669,100,100052,100,99661,100,100071,100,,,100075,100,,,100134,100,,
2019-06-28 09:41:42.682756505,99999,219,99939,119,100007,319,99921,219,100013,219,99904,219,100034,219,99850,219,100039,100,99684,100,100052,100,99669,100,100071,100,99661,100,100075,100,,,100134,100,,,100142,100,,
2019-06-28 09:41:50.000000000,99999,219,99921,219,100007,319,99904,219,100013,219,99850,219,100034,219,99684,219,100039,100,99669,100,100052,100,99661,100,100071,100,,,100075,100,,,100134,100,,,100142,100,,
2019-06-28 09:42:00.000000000,99999,576,99921,576,100007,200,99904,100,100013,100,99850,100,100034,100,99684,100,100039,100,99669,100,100052,100,99661,100,100071,100,,,100075,100,,,100134,100,,,100142,100,,
2019-06-28 09:42:10.000000000,99999,576,99921,576,100007,200,99904,100,100013,100,99850,100,100034,100,99684,100,100039,100,99669,100,100052,100,99661,100,100071,100,,,100075,100,,,100134,100,,,100142,100,,
2019-06-28 09:42:20.000000000,99999,576,99921,576,100007,200,99904,100,100013,100,99850,100,100034,100,99684,100,100039,100,99669,100,100052,100,99661,100,100071,100,,,100075,100,,,100134,100,,,100142,100,,
2019-06-28 09:42:21.597693419,99999,576,99921,476,100007,200,99904,100,100013,100,99850,100,100034,100,99684,100,100039,100,99669,100,100052,100,99661,100,100071,100,,,100075,100,,,100134,100,,,100142,100,,
2019-06-28 09:42:30.000000000,99999,219,99904,219,100007,319,99850,219,100013,219,99684,219,100034,219,99669,219,100039,100,99661,100,100052,100,,,100071,100,,,100075,100,,,100134,100,,,100142,100,,
2019-06-28 09:42:40.000000000,99999,262,99904,262,100007,357,99850,257,100013,257,99684,257,100034,100,99669,100,100039,100,99661,100,100052,100,,,100071,100,,,100075,100,,,100134,100,,,100142,100,,
2019-06-28 09:42:49.603021886,99999,262,99937,100,100007,357,99904,262,100013,257,99850,257,100034,100,99684,257,100039,100,99669,100,100052,100,99661,100,100071,100,,,100075,100,,,100134,100,,,100142,100,,
2019-06-28 09:42:50.000000000,99999,195,99937,195,100007,295,99904,195,100013,195,99850,195,100034,195,99684,195,100039,195,99669,195,100052,100,99661,100,100071,100,,,100075,100,,,100134,100,,,100142,100,,
2019-06-28 09:43:00.000000000,99999,219,99937,219,100007,319,99904,219,100013,219,99850,219,100034,219,99684,219,100039,100,99669,100,100052,100,99661,100,100071,100,,,100075,100,,,100134,100,,,100142,100,,
2019-06-28 09:43:10.000000000,99999,338,99937,338,100007,438,99904,338,100013,100,99850,100,100034,100,99684,100,100039,100,99669,100,100052,100,99661,100,100071,100,,,100075,100,,,100134,100,,,100142,100,,
2019-06-28 09:43:12.759139142,99999,338,99937,338,100007,438,99904,338,100013,100,99850,100,100034,100,99684,100,100039,100,99669,100,100052,100,99661,100,100071,100,99437,100,100075,100,,,100134,100,,,100142,100,,
2019-06-28 09:43:14.088310742,99939,100,99937,338,99999,338,99904,338,100007,338,99850,100,100013,100,99684,100,100034,100,99669,100,100039,100,99661,100,100052,100,99437,100,100071,100,,,100075,100,,,100134,100,,
2019-06-28 09:43:16.636544610,99939,100,99937,238,99999,338,99904,338,100007,338,99850,100,100013,100,99684,100,100034,100,99669,100,100039,100,99661,100,100052,100,99437,100,100071,100,,,100134,100,,,100142,100,,
2019-06-28 09:43:20.000000000,99939,338,99904,338,99999,338,99850,338,100007,100,99684,100,100013,100,99669,100,100034,100,99661,100,100039,100,99437,100,100052,100,,,100071,100,,,100134,100,,,100142,100,,
2019-06-28 09:43:30.000000000,99939,219,99904,219,99999,219,99850,219,100007,219,99684,219,100013,219,99669,219,100034,100,99661,100,100039,100,99437,100,100052,100,,,100071,100,,,100134,100,,,100142,100,,
2019-06-28 09:43:40.000000000,99939,195,99904,195,99999,195,99850,195,100007,195,99684,195,100013,195,99669,195,100034,195,99661,195,100039,100,99437,100,100052,100,,,100071,100,,,100134,100,,,100142,100,,
2019-06-28 09:43:47.901964614,99939,195,99904,195,99999,195,99850,195,100007,195,99708,100,100013,195,99684,195,100034,195,99669,195,100039,100,99661,195,100052,100,99437,100,100071,100,,,100134,100,,,100142,100,,
2019-06-28 09:43:50.000000000,99939,338,99904,338,99999,338,99850,338,100007,100,99708,100,100013,100,99684,100,100034,100,99669,100,100039,100,99661,100,100052,100,99437,100,100071,100,,,100134,100,,,100142,100,,
2019-06-28 09:44:00.000000000,99939,338,99904,338,99999,338,99850,338,100007,100,99708,100,100013,100,99684,100,100034,100,99669,100,100039,100,99661,100,100052,100,99437,100,100071,100,,,100134,100,,,100142,100,,
2019-06-28 09:44:02.163910072,99939,338,99904,238,99999,338,99850,338,100007,100,99708,100,100013,100,99684,100,100034,100,99669,100,100039,100,99661,100,100052,100,99437,100,100071,100,,,100134,100,,,100142,100,,
2019-06-28 09:44:10.000000000,99939,338,99850,338,99999,338,99708,338,100007,100,99684,100,100013,100,99669,100,100034,100,99661,100,100039,100,99437,100,100052,100,,,100071,100,,,100134,100,,,100142,100,,
2019-06-28 09:44:15.140200033,99939,338,99938,100,99999,338,99850,338,100007,100,99708,338,100013,100,99684,100,100034,100,99661,100,100039,100,99437,100,100052,100,,,100071,100,,,100134,100,,,100142,100,,
2019-06-28 09:44:20.000000000,99939,195,99938,195,99999,195,99850,195,100007,195,99708,195,100013,195,99684,195,100034,195,99661,195,100039,100,99437,100,100052,100,,,100071,100,,,100134,100,,,100142,100,,
2019-06-28 09:44:30.000000000,99939,576,99938,576,99999,100,99850,100,100007,100,99708,100,100013,100,99684,100,100034,100,99661,100,100039,100,99437,100,100052,100,,,100071,100,,,100134,100,,,100142,100,,
2019-06-28 09:44:34.402605669,99939,576,99938,576,99999,100,99850,100,100007,100,99708,100,100013,100,99684,100,100034,100,99661,100,100039,100,99437,100,100052,100,,,100071,100,,,100134,100,,,100142,100,,
2019-06-28 09:44:40.000000000,99939,262,99938,262,99999,257,99850,257,100007,257,99708,257,100013,100,99684,100,100034,100,99661,100,100039,100,99437,100,100052,100,,,100071,100,,,100134,100,,,100142,100,,
2019-06-28 09:44:50.000000000,99939,219,99938,219,99999,219,99850,219,100007,219,99708,219,100013,219,99684,219,100034,100,99661,100,100039,100,99437,100,100052,100,,,100071,100,,,100134,100,,,100142,100,,
2019-06-28 09:44:59.887229675,99939,219,99938,119,99999,219,99850,219,100007,219,99708,219,100013,219,99684,219,100034,100,99661,100,100039,100,99437,100,100048,100,,,100052,100,,,100071,100,,,100134,100,,
2019-06-28 09:45:00.000000000,99939,262,99850,262,99999,257,99708,257,100007,257,99684,257,100013,100,99661,100,100034,100,99437,100,100039,100,,,100048,100,,,100052,100,,,100071,100,,,100134,100,,
2019-06-28 09:45:10.000000000,99939,576,99850,576,99999,100,99708,100,100007,100,99684,100,100013,100,99661,100,100034,100,99437,100,100039,100,,,100048,100,,,100052,100,,,100071,100,,,100134,100,,
2019-06-28 09:45:20.000000000,99939,219,99850,219,99999,219,99708,219,100007,219,99684,219,100013,219,99661,219,100034,100,99437,100,100039,100,,,100048,100,,,100052,100,,,100071,100,,,100134,100,,
2019-06-28 09:45:30.000000000,99939,576,99850,576,99999,100,99708,100,100007,100,99684,100,100013,100,99661,100,100034,100,99437,100,100039,100,,,100048,100,,,100052,100,,,100071,100,,,100134,100,,
2019-06-28 09:45:40.000000000,99939,219,99850,219,99999,219,99708,219,100007,219,99684,219,100013,219,99661,219,100034,100,99437,100,100039,100,,,100048,100,,,100052,100,,,100071,100,,,100134,100,,
2019-06-28 09:45:50.000000000,99939,576,99850,576,99999,100,99708,100,100007,100,99684,100,100013,100,99661,100,100034,100,99437,100,100039,100,,,100048,100,,,100052,100,,,100071,100,,,100134,100,,
2019-06-28 09:46:00.000000000,99939,195,99850,195,99999,195,99708,195,100007,195,99684,195,100013,195,99661,195,100034,195,99437,195,100039,100,,,100048,100,,,100052,100,,,100071,100,,,100134,100,,
2019-06-28 09:46:02.439273795,99939,195,99850,195,99999,195,99708,195,100007,195,99684,195,100013,195,99661,195,100034,195,99437,195,100039,100,,,100048,100,,,100052,100,,,100071,100,,,100134,100,,
2019-06-28 09:46:08.959958383,99939,195,99850,195,99999,195,99708,195,100007,195,99684,195,100013,195,99661,195,100034,195,99437,195,100039,100,,,100048,100,,,100052,100,,,100071,100,,,100134,100,,
2019-06-28 09:46:10.000000000,99939,262,99850,262,99999,257,99708,257,100007,257,99684,257,100013,100,99661,100,100034,100,99437,100,100039,100,,,100048,100,,,100052,100,,,100071,100,,,100134,100,,
2019-06-28 09:46:20.000000000,99939,219,99850,219,99999,219,99708,219,100007,219,99684,219,100013,219,99661,219,100034,100,99437,100,100039,100,,,100048,100,,,100052,100,,,100071,100,,,100134,100,,
2019-06-28 09:46:30.000000000,99939,262,99850,262,99999,257,99708,257,100007,257,99684,257,100013,100,99661,100,100034,100,99437,100,100039,100,,,100048,100,,,100052,100,,,100071,100,,,100134,100,,
2019-06-28 09:46:39.508595321,99939,262,99850,262,99999,257,99708,257,100007,257,99684,257,100013,100,99661,100,100034,100,99585,100,100039,100,99437,100,100048,100,,,100052,100,,,100071,100,,,100134,100,,
2019-06-28 09:46:40.000000000,99939,576,99850,576,99999,100,99708,100,100007,100,99684,100,100013,100,99661,100,100034,100,99585,100,100039,100,99437,100,100048,100,,,100052,100,,,100071,100,,,100134,100,,
2019-06-28 09:46:42.357149814,99897,100,99850,576,99939,576,99708,100,99999,100,99684,100,100007,100,99661,100,100013,100,99585,100,100034,100,99437,100,100039,100,,,100048,100,,,100052,100,,,100071,100,,
2019-06-28 09:46:43.063740770,99897,100,99850,476,99939,576,99708,100,99999,100,99684,100,100007,100,99661,100,100013,100,99585,100,100034,100,99437,100,100039,100,,,100048,100,,,100052,100,,,100071,100,,
2019-06-28 09:46:43.115318797,99897,100,99850,476,99939,576,99708,200,99999,100,99684,100,100007,100,99661,100,100013,100,99585,100,100034,100,99437,100,100039,100,,,100048,100,,,100052,100,,,100071,100,,
2019-06-28 09:46:47.702831079,99897,100,99850,476,99939,576,99839,100,99999,100,99708,100,100007,100,99684,100,100013,100,99661,100,100034,100,99585,100,100039,100,99437,100,100048,100,,,100052,100,,,100071,100,,
2019-06-28 09:46:50.000000000,99897,219,99839,219,99939,219,99708,219,99999,219,99684,219,100007,219,99661,219,100013,100,99585,100,100034,100,99437,100,100039,100,,,100048,100,,,100052,100,,,100071,100,,
2019-06-28 09:47:00.000000000,99897,262,99839,262,99939,257,99708,257,99999,257,99684,257,100007,100,99661,100,100013,100,99585,100,100034,100,99437,100,100039,100,,,100048,100,,,100052,100,,,100071,100,,
2019-06-28 09:47:10.000000000,99897,195,99839,195,99939,195,99708,195,99999,195,99684,195,100007,195,99661,195,100013,195,99585,195,100034,100,99437,100,100039,100,,,100048,100,,,100052,100,,,100071,100,,
2019-06-28 09:47:16.182329218,99897,195,99839,95,99939,195,99708,195,99999,195,99684,195,100007,195,99661,195,100013,95,99585,195,100034,100,99437,100,100039,100,,,100048,100,,,100052,100,,,100071,100,,
2019-06-28 09:47:19.400532978,99896,100,99839,95,99897,195,99708,195,99939,195,99684,195,99999,195,99661,195,100007,195,99585,195,100013,95,99437,100,100034,100,,,100039,100,,,100048,100,,,100052,100,,
2019-06-28 09:47:20.000000000,99896,576,99708,576,99897,100,99684,100,99939,100,99661,100,99999,100,99585,100,100007,100,99437,100,100034,100,,,100039,100,,,100048,100,,,100052,100,,,100071,100,,
2019-06-28 09:47:30.000000000,99896,195,99708,195,99897,195,99684,195,99939,195,99661,195,99999,195,99585,195,100007,195,99437,195,100034,100,,,100039,100,,,100048,100,,,100052,100,,,100071,100,,
2019-06-28 09:47:33.698768866,99896,195,99708,95,99897,195,99684,195,99939,195,99661,195,99999,195,99585,195,100007,195,99437,195,100034,100,,,100039,100,,,100048,100,,,100052,100,,,100071,100,,
2019-06-28 09:47:40.000000000,99896,576,99684,576,99897,100,99661,100,99939,100,99585,100,99999,100,99437,100,100007,100,,,100034,100,,,100039,100,,,100048,100,,,100052,100,,,100071,100,,
2019-06-28 09:47:48.933544818,99896,576,99684,576,99897,100,99661,100,99939,100,99585,100,99999,100,99437,100,100007,100,99397,100,100034,100,,,100039,100,,,100048,100,,,100052,100,,,100071,100,,
2019-06-28 09:47:50.000000000,99896,338,99684,338,99897,338,99661,338,99939,100,99585,100,99999,100,99437,100,100007,100,99397,100,100034,100,,,100039,100,,,100048,100,,,100052,100,,,100071,100,,
2019-06-28 09:47:58.892112963,99896,338,99684,338,99897,338,99661,338,99939,100,99585,100,99999,100,99437,100,100007,100,99397,100,100034,100,99344,100,100039,100,,,100048,100,,,100052,100,,,100071,100,,
2019-06-28 09:48:00.000000000,99896,195,99684,195,99897,195,99661,195,99939,195,99585,195,99999,195,99437,195,100007,195,99397,195,100034,100,99344,100,100039,100,,,100048,100,,,100052,100,,,100071,100,,
2019-06-28 09:48:04.913046474,99896,195,99684,95,99897,195,99661,195,99939,195,99585,195,99999,195,99437,195,100007,195,99397,195,100034,100,99344,100,100048,100,,,100052,100,,,100071,100,,,100134,100,,
2019-06-28 09:48:10.000000000,99896,219,99661,219,99897,219,99585,219,99939,219,99437,219,99999,219,99397,219,100007,100,99344,100,100034,100,,,100048,100,,,100052,100,,,100071,100,,,100134,100,,
2019-06-28 09:48:20.000000000,99896,338,99661,338,99897,338,99585,338,99939,100,99437,100,99999,100,99397,100,100007,100,99344,100,100034,100,,,100048,100,,,100052,100,,,100071,100,,,100134,100,,
2019-06-28 09:48:25.988722686,99896,338,99661,238,99897,338,99585,338,99939,100,99437,100,99999,100,99397,100,100007,100,99344,100,100034,100,,,100048,100,,,100052,100,,,100071,100,,,100134,100,,
2019-06-28 09:48:26.714829505,99712,100,99661,238,99896,338,99585,338,99897,338,99437,100,99939,100,99397,100,99999,100,99344,100,100007,100,,,100034,100,,,100048,100,,,100052,100,,,100071,100,,
2019-06-28 09:48:27.736606018,99712,100,99661,238,99792,100,99585,338,99896,338,99437,100,99897,338,99397,100,99939,100,99344,100,99999,100,,,100007,100,,,100034,100,,,100048,100,,,100052,100,,
2019-06-28 09:48:30.000000000,99712,262,99585,262,99792,257,99437,257,99896,257,99397,257,99897,100,99344,100,99939,100,,,99999,100,,,100007,100,,,100034,100,,,100048,100,,,100052,100,,
2019-06-28 09:48:40.000000000,99712,576,99585,576,99792,100,99437,100,99896,100,99397,100,99897,100,99344,100,99939,100,,,99999,100,,,100007,100,,,100034,100,,,100048,100,,,100052,100,,
2019-06-28 09:48:41.193281110,99712,576,99585,476,99760,100,99437,100,99792,100,99397,100,99896,100,99344,100,99897,100,,,99939,100,,,99999,100,,,100007,100,,,100034,100,,,100048,100,,
2019-06-28 09:48:50.000000000,99712,195,99437,195,99760,195,99397,195,99792,195,99344,195,99896,195,99343,95,99897,195,,,99939,100,,,99999,100,,,100007,100,,,100034,100,,,100048,100,,
2019-06-28 09:49:00.000000000,99712,338,99437,338,99760,338,99397,338,99792,100,99344,100,99896,100,,,99897,100,,,99939,100,,,99999,100,,,100007,100,,,100034,100,,,100048,100,,
2019-06-28 09:49:10.000000000,99712,195,99437,195,99760,195,99397,195,99792,195,99344,195,99896,195,99343,95,99897,195,,,99939,100,,,99999,100,,,100007,100,,,100034,100,,,100048,100,,
2019-06-28 09:49:20.000000000,99712,338,99437,338,99760,338,99397,338,99792,100,99344,100,99896,100,,,99897,100,,,99939,100,,,99999,100,,,100007,100,,,100034,100,,,100048,100,,
2019-06-28 09:49:30.000000000,99712,195,99437,195,99760,195,99397,195,99792,195,99344,195,99896,195,99343,95,99897,195,,,99939,100,,,99999,100,,,100007,100,,,100034,100,,,100048,100,,
2019-06-28 09:49:40.000000000,99712,219,99437,219,99760,219,99397,219,99792,219,99344,219,99896,219,99343,119,99897,100,,,99939,100,,,99999,100,,,100007,100,,,100034,100,,,100048,100,,
2019-06-28 09:49:50.000000000,99712,576,99437,576,99760,100,99397,100,99792,100,99344,100,99896,100,,,99897,100,,,99939,100,,,99999,100,,,100007,100,,,100034,100,,,100048,100,,
2019-06-28 09:50:00.000000000,99712,262,99437,262,99760,257,99397,257,99792,257,99344,257,99896,100,,,99897,100,,,99939,100,,,99999,100,,,100007,100,,,100034,100,,,100048,100,,
2019-06-28 09:50:10.000000000,99712,195,99437,195,99760,195,99397,195,99792,195,99344,195,99896,195,99343,95,99897,195,,,99939,100,,,99999,100,,,100007,100,,,100034,100,,,100048,100,,
2019-06-28 09:50:20.000000000,99712,262,99437,262,99760,257,99397,257,99792,257,99344,257,99896,100,,,99897,100,,,99939,100,,,99999,100,,,100007,100,,,100034,100,,,100048,100,,
2019-06-28 09:50:23.967662260,99712,262,99437,162,99760,257,99397,257,99792,257,99344,257,99896,100,,,99897,100,,,99939,100,,,99999,100,,,100007,100,,,100034,100,,,100048,100,,
2019-06-28 09:50:26.311731460,99661,100,99437,162,99712,262,99397,257,99760,257,99344,257,99792,257,,,99896,100,,,99897,100,,,99939,100,,,99999,100,,,100007,100,,,100034,100,,
2019-06-28 09:50:30.000000000,99661,219,99397,219,99712,219,99344,219,99760,219,99343,119,99792,219,,,99896,100,,,99897,100,,,99939,100,,,99999,100,,,100007,100,,,100034,100,,
2019-06-28 09:50:40.000000000,99661,576,99397,576,99712,100,99344,100,99760,100,,,99792,100,,,99896,100,,,99897,100,,,99939,100,,,99999,100,,,100007,100,,,100034,100,,
2019-06-28 09:50:50.000000000,99661,576,99397,576,99712,100,99344,100,99760,100,,,99792,100,,,99896,100,,,99897,100,,,99939,100,,,99999,100,,,100007,100,,,100034,100,,
2019-06-28 09:50:53.600350092,99661,576,99397,476,99712,100,99344,100,99760,100,,,99792,100,,,99896,100,,,99897,100,,,99939,100,,,99999,100,,,100007,100,,,100034,100,,
2019-06-28 09:51:00.000000000,99661,262,99344,262,99712,257,99343,157,99760,257,,,99792,100,,,99896,100,,,99897,100,,,99939,100,,,99999,100,,,100007,100,,,100034,100,,
2019-06-28 09:51:05.971428792,99661,262,99344,162,99712,257,99343,157,99760,257,,,99792,100,,,99896,100,,,99897,100,,,99939,100,,,99999,100,,,100007,100,,,100034,100,,
2019-06-28 09:51:10.000000000,99661,100,,,99712,100,,,99760,100,,,99792,100,,,99896,100,,,99897,100,,,99939,100,,,99999,100,,,100007,100,,,100034,100,,
2019-06-28 09:51:10.122301056,99202,100,,,99661,100,,,99712,100,,,99760,100,,,99792,100,,,99896,100,,,99897,100,,,99939,100,,,99999,100,,,100007,100,,
2019-06-28 09:51:15.242149566,99202,100,98950,100,99661,100,,,99712,100,,,99760,100,,,99792,100,,,99896,100,,,99897,100,,,99939,100,,,99999,100,,,100007,100,,
2019-06-28 09:51:20.000000000,99202,195,98950,195,99661,195,98949,95,99712,195,,,99760,195,,,99792,195,,,99896,100,,,99897,100,,,99939,100,,,99999,100,,,100007,100,,
2019-06-28 09:51:27.145152009,99202,195,98950,195,99397,100,98949,95,99661,195,,,99712,195,,,99760,195,,,99792,195,,,99896,100,,,99897,100,,,99999,100,,,100007,100,,
2019-06-28 09:51:30.000000000,99202,338,98950,338,99397,338,98949,238,99661,100,,,99712,100,,,99760,100,,,99792,100,,,99896,100,,,99897,100,,,99999,100,,,100007,100,,
2019-06-28 09:51:37.646794477,99202,338,98998,100,99397,338,98950,338,99661,100,98949,238,99712,100,,,99760,100,,,99792,100,,,99896,100,,,99897,100,,,99999,100,,,100007,100,,
2019-06-28 09:51:40.000000000,99202,576,98998,576,99397,100,98950,100,99661,100,,,99712,100,,,99760,100,,,99792,100,,,99896,100,,,99897,100,,,99999,100,,,100007,100,,
2019-06-28 09:51:50.000000000,99202,219,98998,219,99397,219,98950,219,99661,219,98949,119,99712,219,,,99760,100,,,99792,100,,,99896,100,,,99897,100,,,99999,100,,,100007,100,,
2019-06-28 09:52:00.000000000,99202,219,98998,219,99397,219,98950,219,99661,219,98949,119,99712,219,,,99760,100,,,99792,100,,,99896,100,,,99897,100,,,99999,100,,,100007,100,,
2019-06-28 09:52:10.000000000,99202,262,98998,262,99397,257,98950,257,99661,257,98949,157,99712,100,,,99760,100,,,99792,100,,,99896,100,,,99897,100,,,99999,100,,,100007,100,,
2019-06-28 09:52:14.854217960,99202,262,98998,262,99397,257,98950,257,99661,257,98949,157,99712,100,,,99756,100,,,99760,100,,,99792,100,,,99896,100,,,99897,100,,,99999,100,,
2019-06-28 09:52:16.271343282,99202,162,98998,262,99397,257,98950,257,99661,257,98949,157,99712,100,,,99756,100,,,99760,100,,,99792,100,,,99896,100,,,99897,100,,,99999,100,,
2019-06-28 09:52:20.000000000,99397,262,98998,262,99661,257,98950,257,99712,257,98949,157,99756,100,,,99760,100,,,99792,100,,,99896,100,,,99897,100,,,99999,100,,,100007,100,,
2019-06-28 09:52:30.000000000,99397,195,98998,195,99661,195,98950,195,99712,195,98949,95,99756,195,,,99760,195,,,99792,100,,,99896,100,,,99897,100,,,99999,100,,,100007,100,,
2019-06-28 09:52:40.000000000,99397,576,98998,576,99661,100,98950,100,99712,100,,,99756,100,,,99760,100,,,99792,100,,,99896,100,,,99897,100,,,99999,100,,,100007,100,,
2019-06-28 09:52:50.000000000,99397,219,98998,219,99661,219,98950,219,99712,219,98949,119,99756,219,,,99760,100,,,99792,100,,,99896,100,,,99897,100,,,99999,100,,,100007,100,,
2019-06-28 09:52:54.365781202,99397,119,98998,219,99661,219,98950,219,99712,219,98949,119,99756,219,,,99760,100,,,99792,100,,,99896,100,,,99897,100,,,99999,100,,,100007,100,,
2019-06-28 09:53:00.000000000,99661,576,98998,576,99712,100,98950,100,99756,100,,,99760,100,,,99792,100,,,99896,100,,,99897,100,,,99999,100,,,100007,100,,,100034,100,,
2019-06-28 09:53:08.432413202,99661,476,98998,576,99712,100,98950,100,99756,100,,,99760,100,,,99792,100,,,99896,100,,,99999,100,,,100007,100,,,100034,100,,,100048,100,,
2019-06-28 09:53:08.801732923,99661,476,99397,100,99712,100,98998,576,99756,100,98950,100,99760,100,,,99792,100,,,99896,100,,,99999,100,,,100007,100,,,100034,100,,,100048,100,,
2019-06-28 09:53:10.000000000,99712,338,99397,338,99756,338,98998,338,99760,100,98950,100,99792,100,,,99896,100,,,99999,100,,,100007,100,,,100034,100,,,100048,100,,,100052,100,,
2019-06-28 09:53:20.000000000,99712,262,99397,262,99756,257,98998,257,99760,257,98950,257,99792,100,,,99896,100,,,99999,100,,,100007,100,,,100034,100,,,100048,100,,,100052,100,,
2019-06-28 09:53:30.000000000,99712,576,99397,576,99756,100,98998,100,99760,100,98950,100,99792,100,,,99896,100,,,99999,100,,,100007,100,,,100034,100,,,100048,100,,,100052,100,,
2019-06-28 09:53:40.000000000,99712,195,99397,195,99756,195,98998,195,99760,195,98950,195,99792,195,98949,95,99896,195,,,99999,100,,,100007,100,,,100034,100,,,100048,100,,,100052,100,,
2019-06-28 09:53:40.216112808,99712,95,99397,195,99756,195,98998,195,99760,195,98950,195,99792,195,98949,95,99896,195,,,99999,100,,,100007,100,,,100034,100,,,100048,100,,,100052,100,,
2019-06-28 09:53:45.170918141,99712,95,99661,100,99756,195,99397,195,99760,195,98998,195,99792,195,98950,195,99896,95,98949,95,99999,100,,,100007,100,,,100034,100,,,100048,100,,,100052,100,,
2019-06-28 09:53:46.012488960,99712,95,99661,100,99756,195,99397,95,99760,195,98998,195,99792,195,98950,195,99896,95,98949,95,99999,100,,,100007,100,,,100034,100,,,100048,100,,,100052,100,,
2019-06-28 09:53:50.000000000,99756,576,99661,576,99760,100,98998,100,99792,100,98950,100,99999,100,,,100007,100,,,100034,100,,,100048,100,,,100052,100,,,100071,100,,,100134,100,,
2019-06-28 09:54:00.000000000,99756,262,99661,262,99760,257,98998,257,99792,257,98950,257,99999,100,,,100007,100,,,100034,100,,,100048,100,,,100052,100,,,100071,100,,,100134,100,,
2019-06-28 09:54:04.235717448,99756,262,99661,262,99760,257,98998,257,99792,257,98950,257,99999,100,,,100007,100,,,100034,100,,,100048,100,,,100052,100,,,100071,100,,,100134,100,,
2019-06-28 09:54:09.012024148,99756,262,99661,262,99760,257,98998,257,99792,257,98950,257,100007,100,,,100034,100,,,100048,100,,,100052,100,,,100071,100,,,100134,100,,,100286,100,,
2019-06-28 09:54:10.000000000,99756,262,99661,262,99760,257,98998,257,99792,257,98950,257,100007,100,,,100034,100,,,100048,100,,,100052,100,,,100071,100,,,100134,100,,,100286,100,,
2019-06-28 09:54:20.000000000,99756,195,99661,195,99760,195,98998,195,99792,195,98950,195,100007,195,98949,95,100034,195,,,100048,100,,,100052,100,,,100071,100,,,100134,100,,,100286,100,,
2019-06-28 09:54:30.000000000,99756,219,99661,219,99760,219,98998,219,99792,219,98950,219,100007,219,98949,119,100034,100,,,100048,100,,,100052,100,,,100071,100,,,100134,100,,,100286,100,,
2019-06-28 09:54:40.000000000,99756,195,99661,195,99760,195,98998,195,99792,195,98950,195,100007,195,98949,95,100034,195,,,100048,100,,,100052,100,,,100071,100,,,100134,100,,,100286,100,,
2019-06-28 09:54:50.000000000,99756,576,99661,576,99760,100,98998,100,99792,100,98950,100,100007,100,,,100034,100,,,100048,100,,,100052,100,,,100071,100,,,100134,100,,,100286,100,,
2019-06-28 09:54:55.348716592,99756,476,99661,576,99760,100,98998,100,99792,100,98950,100,100007,100,,,100034,100,,,100048,100,,,100052,100,,,100071,100,,,100134,100,,,100286,100,,
2019-06-28 09:54:57.125901288,99756,476,99661,576,99760,100,98998,100,99792,100,98950,100,100007,100,,,100034,100,,,100048,100,,,100052,100,,,100071,100,,,100134,100,,,100286,100,,
2019-06-28 09:55:00.000000000,99760,576,99661,576,99792,100,98998,100,100007,100,98950,100,100034,100,,,100048,100,,,100052,100,,,100071,100,,,100134,100,,,100286,100,,,100400,100,,
2019-06-28 09:55:10.000000000,99760,195,99661,195,99792,195,98998,195,100007,195,98950,195,100034,195,98949,95,100048,195,,,100052,100,,,100071,100,,,100134,100,,,100286,100,,,100400,100,,
2019-06-28 09:55:13.962649196,99760,95,99661,195,99792,195,98998,195,100007,195,98950,95,100034,195,98949,95,100048,195,,,100052,100,,,100071,100,,,100134,100,,,100286,100,,,100400,100,,
2019-06-28 09:55:20.000000000,99792,195,99661,195,100007,195,98998,195,100034,195,98997,95,100048,195,,,100052,195,,,100071,100,,,100134,100,,,100286,100,,,100400,100,,,100410,100,,
2019-06-28 09:55:28.044990808,99792,95,99661,195,100007,195,98998,195,100034,195,98997,95,100048,195,,,100052,195,,,100071,100,,,100286,100,,,100400,100,,,100410,100,,,100420,100,,
2019-06-28 09:55:30.000000000,100007,219,99661,219,100034,219,98998,219,100048,219,98997,119,100052,219,,,100071,100,,,100286,100,,,100400,100,,,100410,100,,,100420,100,,,100438,100,,
2019-06-28 09:55:36.061210881,99894,100,99661,219,100007,219,98998,119,100034,219,98997,119,100048,219,,,100052,219,,,100071,100,,,100286,100,,,100400,100,,,100410,100,,,100420,100,,
2019-06-28 09:55:40.000000000,99894,219,99661,219,100007,219,99660,119,100034,219,,,100048,219,,,100052,100,,,100071,100,,,100286,100,,,100400,100,,,100410,100,,,100420,100,,
2019-06-28 09:55:50.000000000,99894,195,99661,195,100007,195,99660,95,100034,195,,,100048,195,,,100052,195,,,100071,100,,,100286,100,,,100400,100,,,100410,100,,,100420,100,,
2019-06-28 09:55:52.065110850,99894,195,99678,100,100007,195,99661,195,100034,195,99660,95,100048,195,,,100052,195,,,100071,100,,,100286,100,,,100400,100,,,100410,100,,,100420,100,,
2019-06-28 09:55:57.068087879,99759,100,99678,100,99894,195,99661,195,100007,95,99660,95,100034,195,,,100048,195,,,100052,195,,,100071,100,,,100286,100,,,100400,100,,,100410,100,,
2019-06-28 09:56:00.000000000,99759,195,99678,195,99894,195,99661,195,100034,195,99660,95,100048,195,,,100052,195,,,100071,100,,,100286,100,,,100400,100,,,100410,100,,,100420,100,,
2019-06-28 09:56:10.000000000,99759,576,99678,576,99894,100,99661,100,100034,100,,,100048,100,,,100052,100,,,100071,100,,,100286,100,,,100400,100,,,100410,100,,,100420,100,,
2019-06-28 09:56:12.968129700,99759,476,99678,576,99894,100,99661,100,100034,100,,,100048,100,,,100052,100,,,100071,100,,,100286,100,,,100400,100,,,100410,100,,,100420,100,,
2019-06-28 09:56:20.000000000,99894,219,99678,219,100034,219,99661,219,100048,219,99660,119,100052,219,,,100071,100,,,100286,100,,,100400,100,,,100410,100,,,100420,100,,,100438,100,,
2019-06-28 09:56:30.000000000,99894,195,99678,195,100034,195,99661,195,100048,195,99660,95,100052,195,,,100071,195,,,100286,100,,,100400,100,,,100410,100,,,100420,100,,,100438,100,,
2019-06-28 09:56:36.793785449,99894,95,99678,195,100034,195,99661,195,100048,195,99660,95,100052,195,,,100071,195,,,100286,100,,,100400,100,,,100410,100,,,100420,100,,,100438,100,,
2019-06-28 09:56:40.000000000,100034,576,99678,576,100048,100,99661,100,100052,100,,,100071,100,,,100286,100,,,100400,100,,,100410,100,,,100420,100,,,100438,100,,,100461,100,,
2019-06-28 09:56:49.553205537,100034,576,99720,100,100048,100,99678,576,100052,100,99661,100,100071,100,,,100286,100,,,100400,100,,,100410,100,,,100420,100,,,100438,100,,,100461,100,,
2019-06-28 09:56:50.000000000,100034,219,99720,219,100048,219,99678,219,100052,219,99661,219,100071,219,99660,119,100286,100,,,100400,100,,,100410,100,,,100420,100,,,100438,100,,,100461,100,,
2019-06-28 09:57:00.000000000,100034,576,99720,576,100048,100,99678,100,100052,100,99661,100,100071,100,,,100286,100,,,100400,100,,,100410,100,,,100420,100,,,100438,100,,,100461,100,,
2019-06-28 09:57:01.506997728,100034,476,99720,576,100048,100,99678,100,100052,100,99661,100,100071,100,,,100400,100,,,100410,100,,,100420,100,,,100438,100,,,100461,100,,,,,,
2019-06-28 09:57:10.000000000,100048,576,99720,576,100052,100,99678,100,100071,100,99661,100,100400,100,,,100410,100,,,100420,100,,,100438,100,,,100461,100,,,,,,,,,,
2019-06-28 09:57:20.000000000,100048,219,99720,219,100052,219,99678,219,100071,219,99661,219,100400,219,99660,119,100410,100,,,100420,100,,,100438,100,,,100461,100,,,,,,,,,,
2019-06-28 09:57:30.000000000,100048,262,99720,262,100052,257,99678,257,100071,257,99661,257,100400,100,,,100410,100,,,100420,100,,,100438,100,,,100461,100,,,,,,,,,,
2019-06-28 09:57:40.000000000,100048,576,99720,576,100052,100,99678,100,100071,100,99661,100,100400,100,,,100410,100,,,100420,100,,,100438,100,,,100461,100,,,,,,,,,,
2019-06-28 09:57:49.726245247,100048,576,99868,100,100052,100,99720,576,100071,100,99678,100,100400,100,99661,100,100410,100,,,100420,100,,,100438,100,,,100461,100,,,,,,,,,,
2019-06-28 09:57:49.947351162,99922,100,99868,100,100048,576,99720,576,100052,100,99678,100,100071,100,99661,100,100400,100,,,100410,100,,,100420,100,,,100438,100,,,100461,100,,,,,,
2019-06-28 09:57:50.000000000,99922,219,99868,219,100048,219,99720,219,100052,219,99678,219,100071,219,99661,219,100400,100,,,100410,100,,,100420,100,,,100438,100,,,100461,100,,,,,,
2019-06-28 09:57:51.158971442,99922,219,99868,219,100048,219,99720,219,100052,219,99678,219,100071,219,99661,219,100073,100,,,100400,100,,,100410,100,,,100420,100,,,100438,100,,,,,,
2019-06-28 09:58:00.000000000,99922,576,99868,576,100048,100,99720,100,100052,100,99678,100,100071,100,99661,100,100073,100,,,100400,100,,,100410,100,,,100420,100,,,100438,100,,,,,,
2019-06-28 09:58:01.549857868,99922,476,99868,576,100048,100,99720,100,100052,100,99678,100,100071,100,99661,100,100073,100,,,100400,100,,,100410,100,,,100420,100,,,100438,100,,,,,,
2019-06-28 09:58:10.000000000,100048,262,99868,262,100052,257,99720,257,100071,257,99678,257,100073,100,99661,100,100400,100,,,100410,100,,,100420,100,,,100438,100,,,,,,,,,,
2019-06-28 09:58:19.927325343,100048,262,99868,262,100052,257,99720,257,100071,257,99678,257,100073,100,99661,100,100400,100,,,100410,100,,,100420,100,,,100438,100,,,100697,100,,,,,,
2019-06-28 09:58:20.000000000,100048,195,99868,195,100052,195,99720,195,100071,195,99678,195,100073,195,99661,195,100400,195,99660,95,100410,100,,,100420,100,,,100438,100,,,100697,100,,,,,,
2019-06-28 09:58:30.000000000,100048,576,99868,576,100052,100,99720,100,100071,100,99678,100,100073,100,99661,100,100400,100,,,100410,100,,,100420,100,,,100438,100,,,100697,100,,,,,,
2019-06-28 09:58:40.000000000,100048,262,99868,262,100052,257,99720,257,100071,257,99678,257,100073,100,99661,100,100400,100,,,100410,100,,,100420,100,,,100438,100,,,100697,100,,,,,,
2019-06-28 09:58:45.209508456,100048,262,99922,100,100052,257,99868,262,100071,257,99720,257,100073,100,99678,257,100400,100,99661,100,100410,100,,,100420,100,,,100438,100,,,100697,100,,,,,,
2019-06-28 09:58:50.000000000,100048,262,99922,262,100052,257,99868,257,100071,257,99720,257,100073,100,99678,100,100400,100,99661,100,100410,100,,,100420,100,,,100438,100,,,100697,100,,,,,,
2019-06-28 09:58:53.436697552,100048,162,99922,262,100052,257,99868,257,100071,257,99720,257,100073,100,99678,100,100400,100,99661,100,100410,100,,,100438,100,,,100697,100,,,,,,,,,,
2019-06-28 09:59:00.000000000,100052,195,99922,195,100071,195,99868,195,100073,195,99720,195,100400,195,99678,195,100410,195,99661,195,100438,100,,,100697,100,,,,,,,,,,,,,,
2019-06-28 09:59:10.000000000,100052,262,99922,262,100071,257,99868,257,100073,257,99720,257,100400,100,99678,100,100410,100,99661,100,100438,100,,,100697,100,,,,,,,,,,,,,,
2019-06-28 09:59:20.000000000,100052,338,99922,338,100071,338,99868,338,100073,100,99720,100,100400,100,99678,100,100410,100,99661,100,100438,100,,,100697,100,,,,,,,,,,,,,,
2019-06-28 09:59:30.000000000,100052,338,99922,338,100071,338,99868,338,100073,100,99720,100,100400,100,99678,100,100410,100,99661,100,100438,100,,,100697,100,,,,,,,,,,,,,,
2019-06-28 09:59:40.000000000,100052,219,99922,219,100071,219,99868,219,100073,219,99720,219,100400,219,99678,219,100410,100,99661,100,100438,100,,,100697,100,,,,,,,,,,,,,,
2019-06-28 09:59:50.000000000,100052,195,99922,195,100071,195,99868,195,100073,195,99720,195,100400,195,99678,195,100410,195,99661,195,100438,100,,,100697,100,,,,,,,,,,,,,,
2019-06-28 09:59:54.635866883,99963,100,99922,195,100052,195,99868,195,100071,195,99720,195,100073,195,99678,195,100400,195,99661,195,100410,195,,,100438,100,,,100697,100,,,,,,,,,,
2019-06-28 09:59:55.904723541,99963,100,99923,100,100052,195,99922,195,100071,95,99868,195,100073,195,99720,195,100400,195,99678,195,100410,195,99661,195,100438,100,,,100697,100,,,,,,,,,,
2019-06-28 10:00:00.000000000,99963,338,99923,338,100052,338,99922,338,100073,100,99868,100,100400,100,99720,100,100410,100,99678,100,100438,100,99661,100,100697,100,,,,,,,,,,,,,,
2019-06-28 10:00:02.260258636,99963,338,99923,338,100052,338,99922,338,100073,100,99868,100,100079,100,99720,100,100400,100,99678,100,100410,100,99661,100,100438,100,,,100697,100,,,,,,,,,,
2019-06-28 10:00:06.278733898,99963,238,99923,338,100052,338,99922,338,100073,100,99868,100,100079,100,99720,100,100400,100,99678,100,100410,100,99661,100,100438,100,,,100697,100,,,,,,,,,,
2019-06-28 10:00:10.000000000,100052,262,99923,262,100073,257,99922,257,100079,257,99868,257,100400,100,99720,100,100410,100,99678,100,100438,100,99661,100,100697,100,,,,,,,,,,,,,,
2019-06-28 10:00:15.324368200,100052,262,99923,262,100073,257,99922,257,100079,257,99868,257,100357,100,99720,100,100400,100,99678,100,100410,100,99661,100,100438,100,,,100697,100,,,,,,,,,,
2019-06-28 10:00:20.000000000,100052,576,99923,576,100073,100,99922,100,100079,100,99868,100,100357,100,99720,100,100400,100,99678,100,100410,100,99661,100,100438,100,,,100697,100,,,,,,,,,,
2019-06-28 10:00:30.000000000,100052,219,99923,219,100073,219,99922,219,100079,219,99868,219,100357,219,99720,219,100400,100,99678,100,100410,100,99661,100,100438,100,,,100697,100,,,,,,,,,,
2019-06-28 10:00:40.000000000,100052,338,99923,338,100073,338,99922,338,100079,100,99868,100,100357,100,99720,100,100400,100,99678,100,100410,100,99661,100,100438,100,,,100697,100,,,,,,,,,,
2019-06-28 10:00:50.000000000,100052,219,99923,219,100073,219,99922,219,100079,219,99868,219,100357,219,99720,219,100400,100,99678,100,100410,100,99661,100,100438,100,,,100697,100,,,,,,,,,,
2019-06-28 10:01:00.000000000,100052,195,99923,195,100073,195,99922,195,100079,195,99868,195,100357,195,99720,195,100400,195,99678,195,100410,100,99661,100,100438,100,,,100697,100,,,,,,,,,,
2019-06-28 10:01:10.000000000,100052,262,99923,262,100073,257,99922,257,100079,257,99868,257,100357,100,99720,100,100400,100,99678,100,100410,100,99661,100,100438,100,,,100697,100,,,,,,,,,,
2019-06-28 10:01:20.000000000,100052,219,99923,219,100073,219,99922,219,100079,219,99868,219,100357,219,99720,219,100400,100,99678,100,100410,100,99661,100,100438,100,,,100697,100,,,,,,,,,,
2019-06-28 10:01:30.000000000,100052,576,99923,576,100073,100,99922,100,100079,100,99868,100,100357,100,99720,100,100400,100,99678,100,100410,100,99661,100,100438,100,,,100697,100,,,,,,,,,,
2019-06-28 10:01:37.208378261,100052,576,99923,576,100073,100,99922,100,100079,100,99868,100,100357,100,99720,100,100362,100,99678,100,100400,100,99661,100,100410,100,,,100438,100,,,100697,100,,,,,,
2019-06-28 10:01:37.820734999,100052,576,99923,576,100073,100,99922,100,100079,100,99868,100,100254,100,99720,100,100357,100,99678,100,100362,100,99661,100,100400,100,,,100410,100,,,100438,100,,,100697,100,,
2019-06-28 10:01:40.000000000,100052,219,99923,219,100073,219,99922,219,100079,219,99868,219,100254,219,99720,219,100357,100,99678,100,100362,100,99661,100,100400,100,,,100410,100,,,100438,100,,,100697,100,,
2019-06-28 10:01:50.000000000,100052,195,99923,195,100073,195,99922,195,100079,195,99868,195,100254,195,99720,195,100357,195,99678,195,100362,100,99661,100,100400,100,,,100410,100,,,100438,100,,,100697,100,,
2019-06-28 10:02:00.000000000,100052,195,99923,195,100073,195,99922,195,100079,195,99868,195,100254,195,99720,195,100357,195,99678,195,100362,100,99661,100,100400,100,,,100410,100,,,100438,100,,,100697,100,,
2019-06-28 10:02:10.000000000,100052,219,99923,219,100073,219,99922,219,100079,219,99868,219,100254,219,99720,219,100357,100,99678,100,100362,100,99661,100,100400,100,,,100410,100,,,100438,100,,,100697,100,,
2019-06-28 10:02:20.000000000,100052,195,99923,195,100073,195,99922,195,100079,195,99868,195,100254,195,99720,195,100357,195,99678,195,100362,100,99661,100,100400,100,,,100410,100,,,100438,100,,,100697,100,,
2019-06-28 10:02:30.000000000,100052,195,99923,195,100073,195,99922,195,100079,195,99868,195,100254,195,99720,195,100357,195,99678,195,100362,100,99661,100,100400,100,,,100410,100,,,100438,100,,,100697,100,,
2019-06-28 10:02:30.548972216,100052,195,99970,100,100073,195,99923,195,100079,195,99922,195,100254,195,99868,195,100357,195,99720,195,100362,100,99678,195,100400,100,99661,100,100410,100,,,100438,100,,,100697,100,,
2019-06-28 10:02:40.000000000,100052,195,99970,195,100073,195,99923,195,100079,195,99922,195,100254,195,99868,195,100357,195,99720,195,100362,100,99678,100,100400,100,99661,100,100410,100,,,100438,100,,,100697,100,,
2019-06-28 10:02:48.608261539,100052,195,99970,195,100073,195,99923,195,100079,195,99922,195,100254,195,99868,195,100293,100,99720,195,100357,195,99678,100,100362,100,99661,100,100400,100,,,100410,100,,,100438,100,,
2019-06-28 10:02:50.000000000,100052,219,99970,219,100073,219,99923,219,100079,219,99922,219,100254,219,99868,219,100293,100,99720,100,100357,100,99678,100,100362,100,99661,100,100400,100,,,100410,100,,,100438,100,,
2019-06-28 10:03:00.000000000,100052,262,99970,262,100073,257,99923,257,100079,257,99922,257,100254,100,99868,100,100293,100,99720,100,100357,100,99678,100,100362,100,99661,100,100400,100,,,100410,100,,,100438,100,,
2019-06-28 10:03:10.000000000,100052,195,99970,195,100073,195,99923,195,100079,195,99922,195,100254,195,99868,195,100293,195,99720,195,100357,100,99678,100,100362,100,99661,100,100400,100,,,100410,100,,,100438,100,,
2019-06-28 10:03:13.110775049,100052,195,99970,95,100073,195,99923,195,100079,195,99922,195,100254,195,99868,195,100293,195,99720,195,100357,100,99678,100,100362,100,99661,100,100400,100,,,100410,100,,,100438,100,,
2019-06-28 10:03:20.000000000,100052,262,99923,262,100073,257,99922,257,100079,257,99868,257,100254,100,99720,100,100293,100,99678,100,100357,100,99661,100,100362,100,,,100400,100,,,100410,100,,,100438,100,,
2019-06-28 10:03:30.000000000,100052,338,99923,338,100073,338,99922,338,100079,100,99868,100,100254,100,99720,100,100293,100,99678,100,100357,100,99661,100,100362,100,,,100400,100,,,100410,100,,,100438,100,,
2019-06-28 10:03:32.335774739,99970,100,99923,338,100052,338,99922,338,100073,338,99868,100,100079,100,99720,100,100254,100,99678,100,100293,100,99661,100,100357,100,,,100362,100,,,100400,100,,,100410,100,,
2019-06-28 10:03:40.000000000,99970,262,99923,262,100052,257,99922,257,100073,257,99868,257,100079,100,99720,100,100254,100,99678,100,100293,100,99661,100,100357,100,,,100362,100,,,100400,100,,,100410,100,,
2019-06-28 10:03:43.721160676,99970,162,99923,262,100052,257,99922,257,100073,257,99868,257,100079,100,99720,100,100254,100,99678,100,100293,100,99661,100,100357,100,,,100362,100,,,100400,100,,,100410,100,,
2019-06-28 10:03:50.000000000,100052,576,99923,576,100073,100,99922,100,100079,100,99868,100,100254,100,99720,100,100293,100,99678,100,100357,100,99661,100,100362,100,,,100400,100,,,100410,100,,,100438,100,,
2019-06-28 10:04:00.000000000,100052,262,99923,262,100073,257,99922,257,100079,257,99868,257,100254,100,99720,100,100293,100,99678,100,100357,100,99661,100,100362,100,,,100400,100,,,100410,100,,,100438,100,,
2019-06-28 10:04:10.000000000,100052,219,99923,219,100073,219,99922,219,100079,219,99868,219,100254,219,99720,219,100293,100,99678,100,100357,100,99661,100,100362,100,,,100400,100,,,100410,100,,,100438,100,,
2019-06-28 10:04:11.529591844,100052,219,99923,119,100073,219,99922,219,100079,219,99868,219,100254,219,99720,219,100293,100,99678,100,100357,100,99661,100,100362,100,,,100400,100,,,100410,100,,,100438,100,,
2019-06-28 10:04:20.000000000,100052,219,99922,219,100073,219,99868,219,100079,219,99720,219,100254,219,99678,219,100293,100,99661,100,100357,100,,,100362,100,,,100400,100,,,100410,100,,,100438,100,,
2019-06-28 10:04:29.631672795,99969,100,99922,219,100052,219,99868,219,100073,219,99720,219,100079,219,99678,219,100254,219,99661,100,100293,100,,,100357,100,,,100362,100,,,100400,100,,,100410,100,,
2019-06-28 10:04:30.000000000,99969,262,99922,262,100052,257,99868,257,100073,257,99720,257,100079,100,99678,100,100254,100,99661,100,100293,100,,,100357,100,,,100362,100,,,100400,100,,,100410,100,,
2019-06-28 10:04:32.202980964,99969,262,99922,162,100052,257,99868,257,100073,257,99720,257,100079,100,99678,100,100254,100,99661,100,100293,100,,,100357,100,,,100362,100,,,100400,100,,,100410,100,,
2019-06-28 10:04:33.864998332,99969,262,99922,62,100052,257,99868,257,100073,257,99720,257,100079,100,99678,100,100254,100,99661,100,100293,100,,,100357,100,,,100362,100,,,100400,100,,,100410,100,,
2019-06-28 10:04:36.623278629,99922,38,99868,257,99969,262,99720,257,100052,257,99678,100,100073,257,99661,100,100079,100,,,100254,100,,,100293,100,,,100357,100,,,100362,100,,,100400,100,,
2019-06-28 10:04:40.000000000,99922,276,99868,338,99969,338,99720,338,100052,100,99678,100,100073,100,99661,100,100079,100,,,100254,100,,,100293,100,,,100357,100,,,100362,100,,,100400,100,,
2019-06-28 10:04:40.630819501,99922,276,99868,238,99969,338,99720,338,100052,100,99678,100,100073,100,99661,100,100079,100,,,100254,100,,,100293,100,,,100357,100,,,100362,100,,,100400,100,,
2019-06-28 10:04:41.971651840,99922,276,99868,138,99969,338,99720,338,100052,100,99678,100,100073,100,99661,100,100079,100,,,100254,100,,,100293,100,,,100357,100,,,100362,100,,,100400,100,,
2019-06-28 10:04:50.000000000,99922,276,99720,338,99969,338,99678,338,100052,100,99661,100,100073,100,,,100079,100,,,100254,100,,,100293,100,,,100357,100,,,100362,100,,,100400,100,,
2019-06-28 10:05:00.000000000,99922,200,99720,262,99969,257,99678,257,100052,257,99661,257,100073,100,,,100079,100,,,100254,100,,,100293,100,,,100357,100,,,100362,100,,,100400,100,,
2019-06-28 10:05:10.000000000,99922,514,99720,576,99969,100,99678,100,100052,100,99661,100,100073,100,,,100079,100,,,100254,100,,,100293,100,,,100357,100,,,100362,100,,,100400,100,,
2019-06-28 10:05:10.212144813,99738,100,99720,576,99922,514,99678,100,99969,100,99661,100,100073,100,,,100079,100,,,100254,100,,,100293,100,,,100357,100,,,100362,100,,,100400,100,,
2019-06-28 10:05:18.566356209,99738,100,99720,576,99868,100,99678,100,99922,514,99661,100,99969,100,,,100073,100,,,100079,100,,,100254,100,,,100293,100,,,100357,100,,,100362,100,,
2019-06-28 10:05:20.000000000,99738,576,99720,576,99868,100,99678,100,99922,38,99661,100,99969,100,,,100073,100,,,100079,100,,,100254,100,,,100293,100,,,100357,100,,,100362,100,,
2019-06-28 10:05:30.000000000,99738,195,99720,195,99868,195,99678,195,99922,133,99661,195,99969,195,99660,95,100073,195,,,100079,100,,,100254,100,,,100293,100,,,100357,100,,,100362,100,,
2019-06-28 10:05:31.882585987,99738,195,99720,195,99868,195,99678,195,99922,133,99661,195,99969,195,99660,95,100073,195,99413,100,100079,100,,,100254,100,,,100293,100,,,100362,100,,,100400,100,,
2019-06-28 10:05:40.000000000,99738,219,99720,219,99868,219,99678,219,99922,157,99661,219,99969,219,99413,219,100073,100,,,100079,100,,,100254,100,,,100293,100,,,100362,100,,,100400,100,,
2019-06-28 10:05:50.000000000,99738,576,99720,576,99868,100,99678,100,99922,38,99661,100,99969,100,99413,100,100073,100,,,100079,100,,,100254,100,,,100293,100,,,100362,100,,,100400,100,,
2019-06-28 10:05:55.831805764,99738,576,99720,576,99868,200,99678,100,99922,38,99661,100,99969,100,99413,100,100073,100,,,100079,100,,,100254,100,,,100293,100,,,100362,100,,,100400,100,,
2019-06-28 10:06:00.000000000,99738,195,99720,195,99868,295,99678,195,99922,133,99661,195,99969,195,99413,195,100073,195,99412,95,100079,100,,,100254,100,,,100293,100,,,100362,100,,,100400,100,,
2019-06-28 10:06:10.000000000,99738,338,99720,338,99868,438,99678,338,99922,38,99661,100,99969,100,99413,100,100073,100,,,100079,100,,,100254,100,,,100293,100,,,100362,100,,,100400,100,,
2019-06-28 10:06:14.335965463,99738,338,99720,338,99868,438,99678,338,99922,38,99661,100,99948,100,99413,100,99969,100,,,100073,100,,,100079,100,,,100254,100,,,100293,100,,,100362,100,,
2019-06-28 10:06:20.000000000,99738,576,99720,576,99868,200,99678,100,99922,38,99661,100,99948,100,99413,100,99969,100,,,100073,100,,,100079,100,,,100254,100,,,100293,100,,,100362,100,,
2019-06-28 10:06:30.000000000,99738,338,99720,338,99868,438,99678,338,99922,38,99661,100,99948,100,99413,100,99969,100,,,100073,100,,,100079,100,,,100254,100,,,100293,100,,,100362,100,,
2019-06-28 10:06:40.000000000,99738,576,99720,576,99868,200,99678,100,99922,38,99661,100,99948,100,99413,100,99969,100,,,100073,100,,,100079,100,,,100254,100,,,100293,100,,,100362,100,,
2019-06-28 10:06:50.000000000,99738,195,99720,195,99868,295,99678,195,99922,133,99661,195,99948,195,99413,195,99969,195,99412,95,100073,100,,,100079,100,,,100254,100,,,100293,100,,,100362,100,,
2019-06-28 10:06:51.789535050,99738,195,99720,195,99868,295,99678,195,99922,133,99661,195,99948,195,99413,195,99969,195,99412,95,100073,100,,,100079,100,,,100254,100,,,100293,100,,,100316,100,,
2019-06-28 10:07:00.000000000,99738,195,99720,195,99868,295,99678,195,99922,133,99661,195,99948,195,99413,195,99969,195,99412,95,100073,100,,,100079,100,,,100254,100,,,100293,100,,,100316,100,,
2019-06-28 10:07:10.000000000,99738,195,99720,195,99868,295,99678,195,99922,133,99661,195,99948,195,99413,195,99969,195,99412,95,100073,100,,,100079,100,,,100254,100,,,100293,100,,,100316,100,,
2019-06-28 10:07:10.455826061,99738,195,99720,195,99868,295,99678,195,99922,133,99661,195,99948,195,99413,195,99969,195,99412,95,100073,100,,,100079,100,,,100254,100,,,100293,100,,,100316,100,,
2019-06-28 10:07:17.098745816,99868,295,99738,5,99922,133,99720,195,99948,195,99678,195,99969,195,99661,195,100073,100,99413,195,100079,100,99412,95,100254,100,,,100293,100,,,100316,100,,,100356,100,,
2019-06-28 10:07:20.000000000,99868,362,99738,167,99922,195,99720,257,99948,257,99678,257,99969,100,99661,100,100073,100,99413,100,100079,100,,,100254,100,,,100293,100,,,100316,100,,,100356,100,,
2019-06-28 10:07:25.230491970,99868,362,99738,167,99922,195,99720,257,99948,257,99678,257,99969,100,99661,100,100073,100,99413,100,100079,100,,,100254,100,,,100293,100,,,100306,100,,,100316,100,,
2019-06-28 10:07:26.930537103,99868,262,99738,167,99922,195,99720,257,99948,257,99678,257,99969,100,99661,100,100073,100,99413,100,100079,100,,,100254,100,,,100293,100,,,100306,100,,,100316,100,,
2019-06-28 10:07:30.000000000,99868,576,99738,481,99922,38,99720,100,99948,100,99678,100,99969,100,99661,100,100073,100,99413,100,100079,100,,,100254,100,,,100293,100,,,100306,100,,,100316,100,,
2019-06-28 10:07:40.000000000,99868,262,99738,167,99922,195,99720,257,99948,257,99678,257,99969,100,99661,100,100073,100,99413,100,100079,100,,,100254,100,,,100293,100,,,100306,100,,,100316,100,,
2019-06-28 10:07:43.746145396,99868,262,99738,167,99922,195,99720,257,99948,257,99678,257,99969,100,99661,100,100073,100,99413,100,100079,100,,,100254,100,,,100293,100,,,100306,100,,,100316,100,,
2019-06-28 10:07:50.000000000,99868,195,99738,100,99922,133,99720,195,99948,195,99678,195,99969,195,99661,195,100073,195,99413,195,100079,100,,,100254,100,,,100293,100,,,100306,100,,,100316,100,,
2019-06-28 10:08:00.000000000,99868,338,99738,243,99922,276,99720,338,99948,100,99678,100,99969,100,99661,100,100073,100,99413,100,100079,100,,,100254,100,,,100293,100,,,100306,100,,,100316,100,,
2019-06-28 10:08:10.000000000,99868,262,99738,167,99922,195,99720,257,99948,257,99678,257,99969,100,99661,100,100073,100,99413,100,100079,100,,,100254,100,,,100293,100,,,100306,100,,,100316,100,,
2019-06-28 10:08:16.512900680,99868,162,99738,167,99922,195,99720,257,99948,257,99678,257,99969,100,99661,100,100073,100,99413,100,100079,100,,,100254,100,,,100293,100,,,100306,100,,,100316,100,,
2019-06-28 10:08:18.886202194,99868,62,99738,167,99922,195,99720,257,99948,257,99678,257,99969,100,99661,100,100073,100,99413,100,100079,100,,,100254,100,,,100293,100,,,100306,100,,,100316,100,,
2019-06-28 10:08:20.000000000,99922,157,99738,124,99948,219,99720,219,99969,219,99678,219,100073,219,99661,219,100079,100,99413,100,100254,100,,,100293,100,,,100306,100,,,100316,100,,,100400,100,,
2019-06-28 10:08:30.000000000,99922,157,99738,124,99948,219,99720,219,99969,219,99678,219,100073,219,99661,219,100079,100,99413,100,100254,100,,,100293,100,,,100306,100,,,100316,100,,,100400,100,,
2019-06-28 10:08:36.562905415,99922,57,99738,124,99948,219,99720,219,99969,219,99678,219,100073,219,99661,219,100079,100,99413,100,100254,100,,,100293,100,,,100306,100,,,100316,100,,,100400,100,,
2019-06-28 10:08:40.000000000,99948,576,99738,481,99969,100,99720,100,100073,100,99678,100,100079,100,99661,100,100254,100,99413,100,100293,100,,,100306,100,,,100316,100,,,100400,100,,,100410,100,,
2019-06-28 10:08:50.000000000,99948,219,99738,124,99969,219,99720,219,100073,219,99678,219,100079,219,99661,219,100254,100,99413,100,100293,100,,,100306,100,,,100316,100,,,100400,100,,,100410,100,,
2019-06-28 10:08:53.937131749,99948,119,99738,124,99969,219,99720,219,100073,219,99678,219,100079,219,99661,219,100254,100,99413,100,100293,100,,,100306,100,,,100316,100,,,100400,100,,,100410,100,,
2019-06-28 10:09:00.000000000,99969,576,99738,481,100073,100,99720,100,100079,100,99678,100,100254,100,99661,100,100293,100,99413,100,100306,100,,,100316,100,,,100400,100,,,100410,100,,,100697,100,,
2019-06-28 10:09:06.773632069,99969,476,99738,481,100073,100,99720,100,100079,100,99678,100,100254,100,99661,100,100293,100,99413,100,100306,100,,,100316,100,,,100400,100,,,100410,100,,,100697,100,,
2019-06-28 10:09:09.376122258,99969,476,99738,481,100073,100,99720,100,100079,100,99678,100,100254,100,99661,100,100293,100,99413,100,100306,100,,,100309,100,,,100316,100,,,100410,100,,,100697,100,,
2019-06-28 10:09:10.000000000,100073,338,99738,243,100079,338,99720,338,100254,100,99678,100,100293,100,99661,100,100306,100,99413,100,100309,100,,,100316,100,,,100410,100,,,100697,100,,,,,,
2019-06-28 10:09:20.000000000,100073,338,99738,243,100079,338,99720,338,100254,100,99678,100,100293,100,99661,100,100306,100,99413,100,100309,100,,,100316,100,,,100410,100,,,100697,100,,,,,,
2019-06-28 10:09:28.475188300,100073,338,99738,243,100079,338,99720,338,100254,100,99678,100,100293,100,99661,100,100306,100,99413,100,100309,100,,,100316,100,,,100410,100,,,100451,100,,,100697,100,,
2019-06-28 10:09:30.000000000,100073,338,99738,243,100079,338,99720,338,100254,100,99678,100,100293,100,99661,100,100306,100,99413,100,100309,100,,,100316,100,,,100410,100,,,100451,100,,,100697,100,,
2019-06-28 10:09:40.000000000,100073,576,99738,481,100079,100,99720,100,100254,100,99678,100,100293,100,99661,100,100306,100,99413,100,100309,100,,,100316,100,,,100410,100,,,100451,100,,,100697,100,,
2019-06-28 10:09:47.395752700,100073,576,99738,481,100079,100,99720,100,100187,100,99678,100,100254,100,99661,100,100293,100,99413,100,100306,100,,,100309,100,,,100316,100,,,100410,100,,,100451,100,,
2019-06-28 10:09:50.000000000,100073,576,99738,481,100079,100,99720,100,100187,100,99678,100,100254,100,99661,100,100293,100,99413,100,100306,100,,,100309,100,,,100316,100,,,100410,100,,,100451,100,,
2019-06-28 10:10:00.000000000,100073,219,99738,124,100079,219,99720,219,100187,219,99678,219,100254,219,99661,219,100293,100,99413,100,100306,100,,,100309,100,,,100316,100,,,100410,100,,,100451,100,,
2019-06-28 10:10:04.420703544,100073,219,99738,124,100079,219,99720,219,100187,219,99678,219,100254,219,99661,219,100283,100,,,100293,100,,,100306,100,,,100309,100,,,100316,100,,,100410,100,,
2019-06-28 10:10:10.000000000,100073,338,99738,243,100079,338,99720,338,100187,100,99678,100,100254,100,99661,100,100283,100,,,100293,100,,,100306,100,,,100309,100,,,100316,100,,,100410,100,,
2019-06-28 10:10:10.997594889,100073,338,99948,100,100079,338,99738,243,100187,100,99720,338,100254,100,99678,100,100283,100,99661,100,100293,100,,,100306,100,,,100309,100,,,100316,100,,,100410,100,,
2019-06-28 10:10:20.000000000,100073,262,99948,262,100079,257,99738,162,100187,257,99720,257,100254,100,99678,100,100283,100,99661,100,100293,100,,,100306,100,,,100309,100,,,100316,100,,,100410,100,,
2019-06-28 10:10:30.000000000,100073,338,99948,338,100079,338,99738,243,100187,100,99720,100,100254,100,99678,100,100283,100,99661,100,100293,100,,,100306,100,,,100309,100,,,100316,100,,,100410,100,,
2019-06-28 10:10:31.009968488,100073,338,99948,338,100079,338,99738,243,100187,100,99720,100,100230,100,99678,100,100254,100,99661,100,100283,100,,,100293,100,,,100306,100,,,100309,100,,,100316,100,,
2019-06-28 10:10:33.919803705,100073,238,99948,338,100079,338,99738,243,100187,100,99720,100,100230,100,99678,100,100254,100,99661,100,100283,100,,,100293,100,,,100306,100,,,100309,100,,,100316,100,,
2019-06-28 10:10:40.000000000,100079,262,99948,262,100187,257,99738,162,100230,257,99720,257,100254,100,99678,100,100283,100,99661,100,100293,100,,,100306,100,,,100309,100,,,100316,100,,,100410,100,,
2019-06-28 10:10:50.000000000,100079,219,99948,219,100187,219,99738,124,100230,219,99720,219,100254,219,99678,219,100283,100,99661,100,100293,100,,,100306,100,,,100309,100,,,100316,100,,,100410,100,,
2019-06-28 10:11:00.000000000,100079,338,99948,338,100187,338,99738,243,100230,100,99720,100,100254,100,99678,100,100283,100,99661,100,100293,100,,,100306,100,,,100309,100,,,100316,100,,,100410,100,,
2019-06-28 10:11:10.000000000,100079,338,99948,338,100187,338,99738,243,100230,100,99720,100,100254,100,99678,100,100283,100,99661,100,100293,100,,,100306,100,,,100309,100,,,100316,100,,,100410,100,,
2019-06-28 10:11:16.116339994,100079,238,99948,338,100187,338,99738,243,100230,100,99720,100,100254,100,99678,100,100283,100,99661,100,100293,100,,,100306,100,,,100309,100,,,100316,100,,,100410,100,,
2019-06-28 10:11:17.736831951,100072,100,99948,338,100079,238,99738,243,100187,338,99720,100,100230,100,99678,100,100254,100,,,100283,100,,,100293,100,,,100306,100,,,100309,100,,,100316,100,,
2019-06-28 10:11:20.000000000,100072,195,99948,195,100187,195,99738,100,100230,195,99720,195,100254,195,99678,195,100283,195,99677,95,100293,100,,,100306,100,,,100309,100,,,100316,100,,,100410,100,,
2019-06-28 10:11:24.421750196,100072,195,100005,100,100187,195,99948,195,100230,195,99738,100,100254,195,99720,195,100283,195,99678,195,100293,100,99677,95,100306,100,,,100309,100,,,100316,100,,,100410,100,,
2019-06-28 10:11:29.576419254,100072,195,100005,100,100187,195,99948,195,100230,195,99907,100,100254,195,99738,100,100283,195,99720,195,100293,100,99678,195,100306,100,99677,95,100309,100,,,100316,100,,,100410,100,,
2019-06-28 10:11:30.000000000,100072,262,100005,262,100187,257,99948,257,100230,257,99907,257,100254,100,99738,5,100283,100,99720,100,100293,100,99678,100,100306,100,,,100309,100,,,100316,100,,,100410,100,,
2019-06-28 10:11:30.497296429,100072,262,100005,262,100076,100,99948,257,100187,257,99907,257,100230,257,99738,5,100283,100,99720,100,100293,100,99678,100,100306,100,,,100309,100,,,100316,100,,,100410,100,,
2019-06-28 10:11:39.517183579,100024,100,100005,262,100072,262,99948,257,100187,257,99907,257,100230,257,99738,5,100283,100,99720,100,100293,100,99678,100,100306,100,,,100309,100,,,100316,100,,,100410,100,,
2019-06-28 10:11:40.000000000,100024,338,100005,338,100072,338,99948,338,100187,100,99907,100,100230,100,99738,5,100283,100,99720,100,100293,100,99678,100,100306,100,,,100309,100,,,100316,100,,,100410,100,,
2019-06-28 10:11:41.770285342,100024,338,100005,238,100072,338,99948,338,100187,100,99907,100,100230,100,99738,5,100283,100,99720,100,100293,100,99678,100,100306,100,,,100309,100,,,100316,100,,,100410,100,,
2019-06-28 10:11:50.000000000,100024,262,99948,262,100072,257,99907,257,100187,257,99738,162,100230,100,99720,100,100283,100,99678,100,100293,100,,,100306,100,,,100309,100,,,100316,100,,,100410,100,,
2019-06-28 10:12:00.000000000,100024,576,99948,576,100072,100,99907,100,100187,100,99738,5,100230,100,99720,100,100283,100,99678,100,100293,100,,,100306,100,,,100309,100,,,100316,100,,,100410,100,,
2019-06-28 10:12:00.529092343,100024,576,99948,576,100072,100,99907,100,100187,100,99738,5,100230,100,99720,100,100272,100,99678,100,100283,100,,,100293,100,,,100306,100,,,100309,100,,,100316,100,,
2019-06-28 10:12:10.000000000,100024,576,99948,576,100072,100,99907,100,100187,100,99738,5,100230,100,99720,100,100272,100,99678,100,100283,100,,,100293,100,,,100306,100,,,100309,100,,,100316,100,,
2019-06-28 10:12:20.000000000,100024,219,99948,219,100072,219,99907,219,100187,219,99738,124,100230,219,99720,219,100272,100,99678,100,100283,100,,,100293,100,,,100306,100,,,100309,100,,,100316,100,,
2019-06-28 10:12:23.639298584,100024,219,100006,100,100072,219,99948,219,100187,219,99907,219,100230,219,99738,124,100272,100,99720,219,100283,100,99678,100,100293,100,,,100306,100,,,100309,100,,,100316,100,,
2019-06-28 10:12:30.000000000,100024,262,100006,262,100072,257,99948,257,100187,257,99907,257,100230,100,99738,5,100272,100,99720,100,100283,100,99678,100,100293,100,,,100306,100,,,100309,100,,,100316,100,,
2019-06-28 10:12:40.000000000,100024,262,100006,262,100072,257,99948,257,100187,257,99907,257,100230,100,99738,5,100272,100,99720,100,100283,100,99678,100,100293,100,,,100306,100,,,100309,100,,,100316,100,,
2019-06-28 10:12:50.000000000,100024,338,100006,338,100072,338,99948,338,100187,100,99907,100,100230,100,99738,5,100272,100,99720,100,100283,100,99678,100,100293,100,,,100306,100,,,100309,100,,,100316,100,,
2019-06-28 10:13:00.000000000,100024,195,100006,195,100072,195,99948,195,100187,195,99907,195,100230,195,99738,100,100272,195,99720,195,100283,100,99678,100,100293,100,,,100306,100,,,100309,100,,,100316,100,,
2019-06-28 10:13:06.768982296,100024,195,100006,195,100072,95,99948,195,100187,195,99907,195,100230,195,99738,100,100272,195,99720,195,100283,100,99678,100,100293,100,,,100306,100,,,100309,100,,,100316,100,,
2019-06-28 10:13:10.000000000,100024,576,100006,576,100187,100,99948,100,100230,100,99907,100,100272,100,99738,5,100283,100,99720,100,100293,100,99678,100,100306,100,,,100309,100,,,100316,100,,,100410,100,,
2019-06-28 10:13:12.759261209,100024,576,100006,676,100187,100,99948,100,100230,100,99907,100,100272,100,99738,5,100283,100,99720,100,100293,100,99678,100,100306,100,,,100309,100,,,100316,100,,,100410,100,,
2019-06-28 10:13:13.293123101,100024,576,100006,676,100187,100,99948,100,100230,100,99907,100,100272,100,99738,5,100283,100,99720,100,100293,100,99678,100,100306,100,,,100309,100,,,100316,100,,,100410,100,,
2019-06-28 10:13:20.000000000,100024,262,100006,362,100187,257,99948,257,100230,257,99907,257,100272,100,99738,5,100283,100,99720,100,100293,100,99678,100,100306,100,,,100309,100,,,100316,100,,,100410,100,,
2019-06-28 10:13:28.203722952,100024,262,100006,362,100187,257,99948,257,100230,257,99907,257,100272,100,99738,5,100283,100,99720,100,100293,100,99678,100,100306,100,,,100309,100,,,100316,100,,,100410,100,,
2019-06-28 10:13:30.000000000,100024,219,100006,319,100187,219,99948,219,100230,219,99907,219,100272,219,99738,124,100283,100,99720,100,100293,100,99678,100,100306,100,,,100309,100,,,100316,100,,,100410,100,,
2019-06-28 10:13:33.019186561,100024,119,100006,319,100187,219,99948,219,100230,219,99907,219,100272,219,99738,124,100283,100,99720,100,100293,100,99678,100,100306,100,,,100309,100,,,100410,100,,,100451,100,,
2019-06-28 10:13:40.000000000,100187,219,100006,319,100230,219,99948,219,100272,219,99907,219,100283,219,99738,124,100293,100,99720,100,100306,100,99678,100,100309,100,,,100410,100,,,100451,100,,,100470,100,,
2019-06-28 10:13:50.000000000,100187,195,100006,295,100230,195,99948,195,100272,195,99907,195,100283,195,99738,100,100293,195,99720,195,100306,100,99678,100,100309,100,,,100410,100,,,100451,100,,,100470,100,,
2019-06-28 10:13:54.318321504,100132,100,100006,295,100187,195,99948,195,100230,195,99907,195,100272,195,99738,100,100283,195,99720,195,100293,195,99678,100,100306,100,,,100309,100,,,100410,100,,,100451,100,,
2019-06-28 10:14:00.000000000,100132,262,100006,362,100187,257,99948,257,100230,257,99907,257,100272,100,99738,5,100283,100,99720,100,100293,100,99678,100,100306,100,,,100309,100,,,100410,100,,,100451,100,,
2019-06-28 10:14:10.000000000,100132,338,100006,438,100187,338,99948,338,100230,100,99907,100,100272,100,99738,5,100283,100,99720,100,100293,100,99678,100,100306,100,,,100309,100,,,100410,100,,,100451,100,,
2019-06-28 10:14:20.000000000,100132,195,100006,295,100187,195,99948,195,100230,195,99907,195,100272,195,99738,100,100283,195,99720,195,100293,100,99678,100,100306,100,,,100309,100,,,100410,100,,,100451,100,,
2019-06-28 10:14:23.704090235,100132,195,100006,295,100187,195,99948,195,100230,195,99907,195,100272,195,99815,100,100283,195,99738,100,100293,100,99720,195,100306,100,99678,100,100309,100,,,100410,100,,,100451,100,,
2019-06-28 10:14:30.000000000,100132,262,100006,362,100187,257,99948,257,100230,257,99907,257,100272,100,99815,100,100283,100,99738,5,100293,100,99720,100,100306,100,99678,100,100309,100,,,100410,100,,,100451,100,,
2019-06-28 10:14:40.000000000,100132,195,100006,295,100187,195,99948,195,100230,195,99907,195,100272,195,99815,195,100283,195,99738,100,100293,100,99720,100,100306,100,99678,100,100309,100,,,100410,100,,,100451,100,,
