,ask_price_1,ask_size_1,bid_price_1,bid_size_1,ask_price_2,ask_size_2,bid_price_2,bid_size_2,ask_price_3,ask_size_3,bid_price_3,bid_size_3,ask_price_4,ask_size_4,bid_price_4,bid_size_4,ask_price_5,ask_size_5,bid_price_5,bid_size_5,ask_price_6,ask_size_6,bid_price_6,bid_size_6,ask_price_7,ask_size_7,bid_price_7,bid_size_7,ask_price_8,ask_size_8,bid_price_8,bid_size_8,ask_price_9,ask_size_9,bid_price_9,bid_size_9,ask_price_10,ask_size_10,bid_price_10,bid_size_10
2019-06-28 09:30:00.000000000,,,99829,100,,,,,,,,,,,,,,,,,,,,,,,,,,,,,,,,,,,,
2019-06-28 09:30:00.000000002,100093,100,99829,100,,,,,,,,,,,,,,,,,,,,,,,,,,,,,,,,,,,,
2019-06-28 09:30:00.000000003,100093,100,99884,100,100137,100,99829,100,,,,,,,,,,,,,,,,,,,,,,,,,,,,,,,,
2019-06-28 09:30:00.000000006,100093,100,99884,100,100137,100,99852,100,,,99829,100,,,,,,,,,,,,,,,,,,,,,,,,,,,,
2019-06-28 09:30:00.000000008,100093,100,99998,100,100137,100,99884,100,,,99852,100,,,99829,100,,,,,,,,,,,,,,,,,,,,,,,,
2019-06-28 09:30:00.000000013,100093,100,99884,100,100137,100,99852,100,,,99829,100,,,,,,,,,,,,,,,,,,,,,,,,,,,,
2019-06-28 09:30:00.000000014,100042,100,99884,100,100093,100,99852,100,100137,100,99829,100,,,,,,,,,,,,,,,,,,,,,,,,,,,,
2019-06-28 09:30:00.000000015,100042,100,99884,100,100050,100,99852,100,100089,100,99829,100,100093,100,,,100137,100,,,,,,,,,,,,,,,,,,,,,,
2019-06-28 09:30:00.000000017,100042,100,99998,100,100050,100,99884,100,100089,100,99852,100,100093,100,99829,100,100123,100,,,100137,100,,,,,,,,,,,,,,,,,,
2019-06-28 09:30:00.000000018,100042,100,99998,100,100050,100,99884,100,100074,100,99865,100,100089,100,99852,100,100093,100,99829,100,100123,100,,,100137,100,,,,,,,,,,,,,,
2019-06-28 09:30:00.000000023,100031,100,99998,100,100042,100,99884,100,100050,100,99865,100,100074,100,99852,100,100089,100,99829,100,100093,100,,,100123,100,,,100137,100,,,,,,,,,,
2019-06-28 09:30:00.000000025,100031,100,99998,100,100042,100,99884,100,100050,100,99865,100,100074,100,99852,100,100075,100,99829,100,100089,100,,,100093,100,,,100123,100,,,100137,100,,,,,,
2019-06-28 09:30:00.000000026,100031,100,99998,100,100042,100,99884,100,100050,100,99865,100,100074,100,99852,100,100075,100,99829,100,100089,100,,,100093,100,,,100123,100,,,100135,100,,,100137,100,,
2019-06-28 09:30:00.000000027,100031,100,99998,100,100042,100,99958,100,100050,100,99884,100,100074,100,99865,100,100075,100,99852,100,100089,100,99829,100,100093,100,,,100123,100,,,100135,100,,,100137,100,,
2019-06-28 09:30:00.000000030,100042,100,99998,100,100050,100,99958,100,100074,100,99907,100,100075,100,99884,100,100089,100,99865,100,100093,100,99852,100,100123,100,99829,100,100135,100,,,100137,100,,,,,,
2019-06-28 09:30:00.000000033,100042,100,99998,100,100050,100,99958,100,100074,100,99931,100,100075,100,99907,100,100089,100,99884,100,100093,100,99865,100,100123,100,99852,100,100135,100,99829,100,100137,100,,,,,,
2019-06-28 09:30:00.000000034,100042,100,99998,100,100050,100,99958,100,100074,100,99931,100,100075,100,99907,100,100089,100,99884,100,100093,100,99865,100,100113,100,99852,100,100123,100,99829,100,100135,100,,,100137,100,,
2019-06-28 09:30:00.000000037,100042,100,99998,100,100050,100,99958,100,100074,100,99931,100,100075,100,99907,100,100085,100,99884,100,100089,100,99865,100,100093,100,99852,100,100113,100,99829,100,100123,100,,,100135,100,,
2019-06-28 09:30:00.000000038,100037,100,99998,100,100042,100,99958,100,100050,100,99931,100,100074,100,99907,100,100075,100,99884,100,100085,100,99865,100,100089,100,99852,100,100093,100,99829,100,100113,100,,,100123,100,,
2019-06-28 09:30:00.000000042,100021,100,99998,100,100037,100,99958,100,100042,100,99931,100,100050,100,99907,100,100074,100,99884,100,100075,100,99865,100,100085,100,99852,100,100089,100,99829,100,100093,100,,,100113,100,,
2019-06-28 09:30:00.000000045,100021,100,99998,100,100037,100,99958,100,100042,100,99931,100,100050,100,99907,100,100074,100,99884,100,100075,100,99865,100,100085,100,99852,100,100089,100,99829,100,100093,100,,,100113,100,,
2019-06-28 09:30:00.000000046,100037,100,99998,100,100042,100,99958,100,100050,100,99931,100,100074,100,99907,100,100075,100,99884,100,100085,100,99865,100,100089,100,99852,100,100093,100,99829,100,100113,100,,,100123,100,,
2019-06-28 09:30:00.000000050,100042,100,99998,100,100050,100,99958,100,100074,100,99931,100,100075,100,99907,100,100085,100,99884,100,100089,100,99865,100,100093,100,99852,100,100113,100,99829,100,100123,100,,,100130,100,,
2019-06-28 09:30:00.000000051,100042,100,99998,100,100050,100,99958,100,100074,100,99931,100,100075,100,99907,100,100085,100,99886,100,100089,100,99884,100,100093,100,99865,100,100113,100,99852,100,100123,100,99829,100,100130,100,,
2019-06-28 09:30:00.000000052,100042,100,99998,100,100050,100,99958,100,100074,100,99931,100,100075,100,99918,100,100085,100,99907,100,100089,100,99886,100,100093,100,99884,100,100113,100,99865,100,100123,100,99852,100,100130,100,99829,100
2019-06-28 09:30:00.000000053,100042,100,99998,100,100050,100,99958,100,100074,100,99952,100,100075,100,99940,100,100085,100,99931,100,100089,100,99918,100,100093,100,99907,100,100113,100,99886,100,100123,100,99884,100,100130,100,99865,100
2019-06-28 09:30:00.000000058,100042,100,99958,100,100050,100,99952,100,100074,100,99940,100,100075,100,99939,100,100084,100,99931,100,100085,100,99918,100,100089,100,99907,100,100093,100,99886,100,100113,100,99884,100,100123,100,99865,100
2019-06-28 09:30:00.000000060,99981,100,99958,100,100042,100,99952,100,100050,100,99940,100,100074,100,99939,100,100075,100,99931,100,100084,100,99918,100,100085,100,99907,100,100089,100,99886,100,100093,100,99884,100,100113,100,99865,100
2019-06-28 09:30:00.000000067,99981,100,99958,100,100042,100,99952,100,100050,100,99940,100,100074,100,99939,100,100075,200,99931,100,100076,100,99918,100,100084,100,99907,100,100085,100,99886,100,100089,100,99884,100,100093,100,99865,100
2019-06-28 09:30:00.000000069,99981,100,99958,100,100010,100,99952,100,100037,100,99940,100,100042,100,99939,100,100050,100,99931,100,100074,100,99918,100,100075,200,99907,100,100076,100,99886,100,100084,100,99884,100,100085,100,99865,100
2019-06-28 09:30:00.000000072,99981,100,99958,100,100010,100,99952,100,100037,100,99947,100,100042,100,99940,100,100050,100,99939,100,100074,100,99931,100,100075,200,99918,100,100076,100,99907,100,100084,100,99886,100,100085,100,99884,100
2019-06-28 09:30:00.000000074,99981,100,99958,100,100010,100,99952,100,100037,100,99947,100,100042,100,99940,100,100050,100,99939,100,100074,100,99931,100,100075,200,99918,100,100076,100,99907,100,100084,100,99886,100,100085,100,99884,100
2019-06-28 09:30:00.000000075,99981,100,99958,100,100010,100,99952,100,100012,100,99947,100,100037,100,99940,100,100042,100,99939,100,100050,100,99931,100,100074,100,99918,100,100075,200,99907,100,100076,100,99886,100,100084,100,99884,100
2019-06-28 09:30:00.000000077,99981,100,99958,100,100010,100,99952,100,100012,100,99947,100,100037,100,99940,100,100042,100,99939,100,100050,100,99931,100,100074,100,99918,100,100075,200,99907,100,100076,100,99886,100,100084,100,99884,100
2019-06-28 09:30:00.000000078,99981,100,99958,100,100010,100,99952,100,100012,100,99947,100,100033,100,99940,100,100037,100,99939,100,100042,100,99931,100,100050,100,99918,100,100074,100,99907,100,100075,200,99886,100,100076,100,99884,100
2019-06-28 09:30:00.000000079,100010,100,99958,100,100012,100,99952,100,100033,100,99947,100,100037,100,99940,100,100042,100,99939,100,100050,100,99931,100,100074,100,99918,100,100075,200,99907,100,100076,100,99886,100,100084,100,99884,100
2019-06-28 09:30:00.000000080,100010,100,99991,100,100012,100,99958,100,100033,100,99952,100,100037,100,99947,100,100042,100,99940,100,100050,100,99939,100,100074,100,99931,100,100075,200,99929,100,100076,100,99918,100,100084,100,99907,100
2019-06-28 09:30:00.000000081,100010,100,99991,100,100012,100,99958,100,100033,100,99952,100,100037,100,99947,100,100042,100,99940,100,100050,100,99939,100,100074,100,99931,100,100075,200,99929,100,100076,100,99918,100,100084,100,99907,100
2019-06-28 09:30:00.000000083,100010,200,99991,100,100012,100,99958,100,100033,100,99952,100,100037,100,99947,100,100042,100,99940,100,100050,100,99939,100,100074,100,99931,100,100075,200,99929,100,100076,100,99918,100,100084,100,99907,100
2019-06-28 09:30:00.000000084,100010,200,99991,100,100012,100,99958,100,100033,100,99952,100,100037,100,99947,100,100042,100,99940,100,100050,100,99939,100,100074,100,99931,100,100075,200,99929,100,100076,100,99918,100,100084,100,99907,100
2019-06-28 09:30:00.000000086,100010,200,99991,100,100012,100,99981,100,100033,100,99958,100,100037,100,99952,100,100042,100,99950,100,100050,100,99947,100,100074,100,99940,100,100075,200,99939,100,100076,100,99931,100,100084,100,99929,100
2019-06-28 09:30:00.000000094,100010,200,99997,100,100012,100,99991,100,100033,100,99981,100,100037,100,99958,100,100042,100,99952,100,100050,100,99950,100,100074,100,99947,100,100075,200,99940,100,100076,100,99939,100,100084,100,99931,100
2019-06-28 09:30:00.000000096,100010,200,99991,100,100012,100,99981,100,100033,100,99958,100,100037,100,99952,100,100042,100,99950,100,100050,100,99947,100,100074,100,99940,100,100075,200,99939,100,100076,100,99931,100,100084,100,99929,100
2019-06-28 09:30:00.000000099,100010,200,99991,100,100012,100,99981,100,100033,100,99958,100,100037,100,99952,100,100042,100,99950,100,100050,100,99947,100,100074,100,99940,100,100075,200,99939,100,100076,100,99931,100,100084,100,99929,100
2019-06-28 09:30:01.045788451,100010,200,99995,100,100012,100,99991,100,100033,100,99981,100,100037,100,99958,100,100042,100,99952,100,100050,100,99950,100,100074,100,99947,100,100075,200,99940,100,100076,100,99939,100,100084,100,99931,100
2019-06-28 09:30:07.357392449,99997,100,99995,100,100010,200,99991,100,100012,100,99981,100,100033,100,99958,100,100037,100,99952,100,100042,100,99950,100,100050,100,99947,100,100074,100,99940,100,100075,200,99939,100,100076,100,99931,100
2019-06-28 09:30:10.000000000,99997,260,99995,260,100010,360,99991,260,100012,100,99981,100,100033,100,99958,100,100037,100,99952,100,100042,100,99950,100,100050,100,99947,100,100074,100,99940,100,100075,200,99939,100,100076,100,99931,100
2019-06-28 09:30:14.368499898,99997,360,99995,260,100010,360,99991,260,100012,100,99981,100,100033,100,99958,100,100037,100,99952,100,100042,100,99950,100,100050,100,99947,100,100074,100,99940,100,100075,200,99939,100,100076,100,99931,100
2019-06-28 09:30:20.000000000,99997,520,99995,420,100010,200,99991,100,100012,100,99981,100,100033,100,99958,100,100037,100,99952,100,100042,100,99950,100,100050,100,99947,100,100074,100,99940,100,100075,200,99939,100,100076,100,99931,100
2019-06-28 09:30:30.000000000,99997,264,99995,164,100010,264,99991,164,100012,164,99981,164,100033,164,99958,164,100037,164,99952,164,100042,100,99950,100,100050,100,99947,100,100074,100,99940,100,100075,200,99939,100,100076,100,99931,100
2019-06-28 09:30:38.570529257,99997,264,99995,164,100010,264,99991,164,100012,164,99981,164,100033,164,99958,164,100037,164,99952,164,100042,100,99950,100,100050,100,99947,100,100074,100,99940,100,100075,200,99939,100,100076,100,99931,100
2019-06-28 09:30:39.160581685,99997,264,99995,164,100010,264,99991,164,100012,164,99981,164,100033,164,99958,164,100037,164,99952,164,100042,100,99950,100,100050,100,99947,100,100074,100,99944,100,100075,200,99940,100,100076,100,99939,100
2019-06-28 09:30:40.000000000,99997,520,99995,420,100010,200,99991,100,100012,100,99981,100,100033,100,99958,100,100037,100,99952,100,100042,100,99950,100,100050,100,99947,100,100074,100,99944,100,100075,200,99940,100,100076,100,99939,100
2019-06-28 09:30:50.000000000,99997,309,99995,209,100010,306,99991,206,100012,206,99981,206,100033,100,99958,100,100037,100,99952,100,100042,100,99950,100,100050,100,99947,100,100074,100,99944,100,100075,200,99940,100,100076,100,99939,100
2019-06-28 09:30:53.490810400,99997,209,99995,209,100010,306,99991,206,100012,206,99981,206,100033,100,99958,100,100037,100,99952,100,100042,100,99950,100,100050,100,99947,100,100074,100,99944,100,100075,200,99940,100,100076,100,99939,100
2019-06-28 09:31:00.000000000,99997,420,99995,420,100010,200,99991,100,100012,100,99981,100,100033,100,99958,100,100037,100,99952,100,100042,100,99950,100,100050,100,99947,100,100074,100,99944,100,100075,200,99940,100,100076,100,99939,100
2019-06-28 09:31:10.000000000,99997,164,99995,164,100010,264,99991,164,100012,164,99981,164,100033,164,99958,164,100037,164,99952,164,100042,100,99950,100,100050,100,99947,100,100074,100,99944,100,100075,200,99940,100,100076,100,99939,100
2019-06-28 09:31:20.000000000,99997,420,99995,420,100010,200,99991,100,100012,100,99981,100,100033,100,99958,100,100037,100,99952,100,100042,100,99950,100,100050,100,99947,100,100074,100,99944,100,100075,200,99940,100,100076,100,99939,100
2019-06-28 09:31:25.861513054,99997,420,99995,420,100010,100,99991,100,100012,100,99981,100,100033,100,99958,100,100037,100,99952,100,100042,100,99950,100,100050,100,99947,100,100074,100,99944,100,100075,200,99940,100,100076,100,99939,100
2019-06-28 09:31:29.974247906,99997,420,99995,420,100010,100,99991,100,100012,100,99981,100,100033,100,99958,100,100037,100,99952,100,100042,100,99950,100,100050,100,99947,100,100074,100,99944,100,100075,200,99940,100,100076,100,99939,100
2019-06-28 09:31:30.000000000,99997,164,99995,164,100010,164,99991,164,100012,164,99981,164,100033,164,99958,164,100037,164,99952,164,100042,100,99950,100,100050,100,99947,100,100074,100,99944,100,100075,200,99940,100,100076,100,99939,100
2019-06-28 09:31:30.959268965,99997,164,99995,164,100010,164,99991,164,100012,164,99981,164,100033,164,99958,164,100037,164,99952,164,100042,100,99950,100,100050,100,99947,100,100074,100,99944,100,100075,200,99940,100,100076,100,99939,100
2019-06-28 09:31:38.518251907,99997,64,99995,164,100010,164,99991,164,100012,164,99981,164,100033,164,99958,164,100037,164,99952,164,100042,100,99950,100,100050,100,99947,100,100074,100,99944,100,100075,200,99940,100,100076,100,99939,100
2019-06-28 09:31:40.000000000,100010,180,99995,180,100012,180,99991,180,100033,180,99981,180,100037,180,99958,180,100042,100,99952,100,100050,100,99950,100,100074,100,99947,100,100075,200,99944,100,100076,100,99940,100,100084,100,99939,100
2019-06-28 09:31:50.000000000,100010,180,99995,180,100012,180,99991,180,100033,180,99981,180,100037,180,99958,180,100042,100,99952,100,100050,100,99950,100,100074,100,99947,100,100075,200,99944,100,100076,100,99940,100,100084,100,99939,100
2019-06-28 09:31:51.646956973,100010,80,99995,180,100012,180,99991,180,100033,180,99981,180,100037,180,99958,180,100042,100,99952,100,100050,100,99950,100,100074,100,99947,100,100075,100,99944,100,100076,100,99940,100,100084,100,99939,100
2019-06-28 09:32:00.000000000,100012,180,99995,180,100033,180,99991,180,100037,180,99981,180,100042,180,99958,180,100050,100,99952,100,100074,100,99950,100,100075,100,99947,100,100076,100,99944,100,100084,100,99940,100,100089,100,99939,100
2019-06-28 09:32:10.000000000,100012,260,99995,260,100033,260,99991,260,100037,100,99981,100,100042,100,99958,100,100050,100,99952,100,100074,100,99950,100,100075,100,99947,100,100076,100,99944,100,100084,100,99940,100,100089,100,99939,100
2019-06-28 09:32:20.000000000,100012,180,99995,180,100033,180,99991,180,100037,180,99981,180,100042,180,99958,180,100050,100,99952,100,100074,100,99950,100,100075,100,99947,100,100076,100,99944,100,100084,100,99940,100,100089,100,99939,100
2019-06-28 09:32:30.000000000,100012,209,99995,209,100033,206,99991,206,100037,206,99981,206,100042,100,99958,100,100050,100,99952,100,100074,100,99950,100,100075,100,99947,100,100076,100,99944,100,100084,100,99940,100,100089,100,99939,100
2019-06-28 09:32:40.000000000,100012,164,99995,164,100033,164,99991,164,100037,164,99981,164,100042,164,99958,164,100050,164,99952,164,100074,100,99950,100,100075,100,99947,100,100076,100,99944,100,100084,100,99940,100,100089,100,99939,100
2019-06-28 09:32:50.000000000,100012,420,99995,420,100033,100,99991,100,100037,100,99981,100,100042,100,99958,100,100050,100,99952,100,100074,100,99950,100,100075,100,99947,100,100076,100,99944,100,100084,100,99940,100,100089,100,99939,100
2019-06-28 09:33:00.000000000,100012,164,99995,164,100033,164,99991,164,100037,164,99981,164,100042,164,99958,164,100050,164,99952,164,100074,100,99950,100,100075,100,99947,100,100076,100,99944,100,100084,100,99940,100,100089,100,99939,100
2019-06-28 09:33:08.821859371,100012,164,99995,164,100033,164,99991,164,100037,164,99981,164,100042,164,99958,164,100050,164,99952,164,100074,100,99950,100,100075,100,99947,100,100076,100,99944,100,100084,100,99940,100,100089,100,99939,100
2019-06-28 09:33:10.000000000,100012,164,99995,164,100033,164,99991,164,100037,164,99981,164,100042,164,99958,164,100050,164,99952,164,100074,100,99950,100,100075,100,99947,100,100076,100,99944,100,100084,100,99940,100,100089,100,99939,100
2019-06-28 09:33:20.000000000,100012,260,99995,260,100033,260,99991,260,100037,100,99981,100,100042,100,99958,100,100050,100,99952,100,100074,100,99950,100,100075,100,99947,100,100076,100,99944,100,100084,100,99940,100,100089,100,99939,100
2019-06-28 09:33:30.000000000,100012,164,99995,164,100033,164,99991,164,100037,164,99981,164,100042,164,99958,164,100050,164,99952,164,100074,100,99950,100,100075,100,99947,100,100076,100,99944,100,100084,100,99940,100,100089,100,99939,100
2019-06-28 09:33:33.096136800,100012,164,99995,164,100033,164,99991,164,100037,164,99981,164,100042,164,99958,164,100050,164,99952,164,100074,100,99950,100,100075,100,99947,100,100076,100,99944,100,100084,100,99940,100,100089,100,99931,100
2019-06-28 09:33:40.000000000,100012,260,99995,260,100033,260,99991,260,100037,100,99981,100,100042,100,99958,100,100050,100,99952,100,100074,100,99950,100,100075,100,99947,100,100076,100,99944,100,100084,100,99940,100,100089,100,99931,100
2019-06-28 09:33:46.685611614,100012,260,99995,260,100033,260,99991,260,100037,100,99981,100,100042,100,99958,100,100050,100,99952,100,100074,100,99950,100,100075,100,99947,100,100076,100,99944,100,100084,100,99940,100,100089,100,99931,100
2019-06-28 09:33:50.000000000,100012,209,99995,209,100033,206,99991,206,100037,206,99981,206,100042,100,99958,100,100050,100,99952,100,100074,100,99950,100,100075,100,99947,100,100076,100,99944,100,100084,100,99940,100,100089,100,99931,100
2019-06-28 09:34:00.000000000,100012,164,99995,164,100033,164,99991,164,100037,164,99981,164,100042,164,99958,164,100050,164,99952,164,100074,100,99950,100,100075,100,99947,100,100076,100,99944,100,100084,100,99940,100,100089,100,99931,100
2019-06-28 09:34:00.839540284,100012,164,99997,100,100033,164,99995,164,100037,164,99991,164,100042,164,99981,164,100050,164,99958,164,100074,100,99952,164,100075,100,99950,100,100076,100,99947,100,100084,100,99944,100,100089,100,99940,100
2019-06-28 09:34:00.912180404,100012,64,99997,100,100033,164,99995,164,100037,164,99991,164,100042,164,99981,164,100050,164,99958,164,100074,100,99952,164,100075,100,99950,100,100076,100,99947,100,100084,100,99944,100,100089,100,99940,100
2019-06-28 09:34:10.000000000,100033,209,99997,209,100037,206,99995,206,100042,206,99991,206,100050,100,99981,100,100074,100,99958,100,100075,100,99952,100,100076,100,99950,100,100084,100,99947,100,100089,100,99944,100,100092,100,99940,100
2019-06-28 09:34:20.000000000,100033,420,99997,420,100037,100,99995,100,100042,100,99991,100,100050,100,99981,100,100074,100,99958,100,100075,100,99952,100,100076,100,99950,100,100084,100,99947,100,100089,100,99944,100,100092,100,99940,100
2019-06-28 09:34:22.470952235,100033,420,99997,420,100037,100,99995,100,100042,100,99991,100,100050,100,99981,100,100074,100,99958,100,100075,100,99952,100,100076,100,99950,100,100084,100,99947,100,100089,100,99944,100,100092,100,99940,100
2019-06-28 09:34:30.000000000,100033,180,99997,180,100037,180,99995,180,100042,180,99991,180,100050,180,99981,180,100074,100,99958,100,100075,100,99952,100,100076,100,99950,100,100084,100,99947,100,100089,100,99944,100,100092,100,99940,100
2019-06-28 09:34:37.029254137,100033,180,99997,80,100037,180,99995,180,100042,180,99991,180,100050,180,99981,180,100074,100,99958,100,100075,100,99952,100,100076,100,99950,100,100084,100,99947,100,100089,100,99944,100,100092,100,99940,100
2019-06-28 09:34:39.001792936,100011,100,99997,80,100033,180,99995,180,100037,180,99991,180,100042,180,99981,180,100050,180,99958,100,100074,100,99952,100,100075,100,99950,100,100076,100,99947,100,100084,100,99944,100,100089,100,99940,100
2019-06-28 09:34:40.000000000,100011,260,99995,260,100033,260,99991,260,100037,100,99981,100,100042,100,99958,100,100050,100,99952,100,100074,100,99950,100,100075,100,99947,100,100076,100,99944,100,100084,100,99940,100,100089,100,99929,100
2019-06-28 09:34:50.000000000,100011,209,99995,209,100033,206,99991,206,100037,206,99981,206,100042,100,99958,100,100050,100,99952,100,100074,100,99950,100,100075,100,99947,100,100076,100,99944,100,100084,100,99940,100,100089,100,99929,100
2019-06-28 09:35:00.000000000,100011,420,99995,420,100033,100,99991,100,100037,100,99981,100,100042,100,99958,100,100050,100,99952,100,100074,100,99950,100,100075,100,99947,100,100076,100,99944,100,100084,100,99940,100,100089,100,99929,100
2019-06-28 09:35:10.000000000,100011,180,99995,180,100033,180,99991,180,100037,180,99981,180,100042,180,99958,180,100050,100,99952,100,100074,100,99950,100,100075,100,99947,100,100076,100,99944,100,100084,100,99940,100,100089,100,99929,100
2019-06-28 09:35:19.377845118,100011,80,99995,180,100033,180,99991,180,100037,180,99981,180,100042,180,99958,180,100050,100,99952,100,100074,100,99947,100,100075,100,99944,100,100076,100,99940,100,100084,100,99929,100,100089,100,99907,100
2019-06-28 09:35:20.000000000,100033,209,99995,209,100037,206,99991,206,100042,206,99981,206,100050,100,99958,100,100074,100,99952,100,100075,100,99947,100,100076,100,99944,100,100084,100,99940,100,100089,100,99929,100,100092,100,99907,100
2019-06-28 09:35:30.000000000,100033,180,99995,180,100037,180,99991,180,100042,180,99981,180,100050,180,99958,180,100074,100,99952,100,100075,100,99947,100,100076,100,99944,100,100084,100,99940,100,100089,100,99929,100,100092,100,99907,100
2019-06-28 09:35:40.000000000,100033,180,99995,180,100037,180,99991,180,100042,180,99981,180,100050,180,99958,180,100074,100,99952,100,100075,100,99947,100,100076,100,99944,100,100084,100,99940,100,100089,100,99929,100,100092,100,99907,100
2019-06-28 09:35:50.000000000,100033,164,99995,164,100037,164,99991,164,100042,164,99981,164,100050,164,99958,164,100074,164,99952,164,100075,100,99947,100,100076,100,99944,100,100084,100,99940,100,100089,100,99929,100,100092,100,99907,100
2019-06-28 09:36:00.000000000,100033,180,99995,180,100037,180,99991,180,100042,180,99981,180,100050,180,99958,180,100074,100,99952,100,100075,100,99947,100,100076,100,99944,100,100084,100,99940,100,100089,100,99929,100,100092,100,99907,100
2019-06-28 09:36:10.000000000,100033,260,99995,260,100037,260,99991,260,100042,100,99981,100,100050,100,99958,100,100074,100,99952,100,100075,100,99947,100,100076,100,99944,100,100084,100,99940,100,100089,100,99929,100,100092,100,99907,100
2019-06-28 09:36:12.282103016,100033,260,99995,260,100037,260,99991,260,100042,100,99981,100,100050,100,99958,100,100074,100,99952,100,100075,100,99947,100,100076,100,99944,100,100084,100,99940,100,100089,100,99929,100,100092,100,99907,100
2019-06-28 09:36:20.000000000,100033,180,99995,180,100037,180,99991,180,100042,180,99981,180,100050,180,99958,180,100074,100,99952,100,100075,100,99947,100,100076,100,99944,100,100084,100,99940,100,100089,100,99929,100,100092,100,99907,100
2019-06-28 09:36:30.000000000,100033,420,99995,420,100037,100,99991,100,100042,100,99981,100,100050,100,99958,100,100074,100,99952,100,100075,100,99947,100,100076,100,99944,100,100084,100,99940,100,100089,100,99929,100,100092,100,99907,100
2019-06-28 09:36:36.811790771,100010,100,99995,420,100033,420,99991,100,100037,100,99981,100,100042,100,99958,100,100050,100,99952,100,100074,100,99947,100,100075,100,99944,100,100076,100,99940,100,100084,100,99929,100,100089,100,99907,100
2019-06-28 09:36:40.000000000,100010,420,99995,420,100033,100,99991,100,100037,100,99981,100,100042,100,99958,100,100050,100,99952,100,100074,100,99947,100,100075,100,99944,100,100076,100,99940,100,100084,100,99929,100,100089,100,99907,100
2019-06-28 09:36:50.000000000,100010,260,99995,260,100033,260,99991,260,100037,100,99981,100,100042,100,99958,100,100050,100,99952,100,100074,100,99947,100,100075,100,99944,100,100076,100,99940,100,100084,100,99929,100,100089,100,99907,100
2019-06-28 09:37:00.000000000,100010,420,99995,420,100033,100,99991,100,100037,100,99981,100,100042,100,99958,100,100050,100,99952,100,100074,100,99947,100,100075,100,99944,100,100076,100,99940,100,100084,100,99929,100,100089,100,99907,100
2019-06-28 09:37:10.000000000,100010,260,99995,260,100033,260,99991,260,100037,100,99981,100,100042,100,99958,100,100050,100,99952,100,100074,100,99947,100,100075,100,99944,100,100076,100,99940,100,100084,100,99929,100,100089,100,99907,100
2019-06-28 09:37:17.263581836,100010,260,99995,260,100033,260,99991,260,100037,100,99981,100,100042,100,99958,100,100050,100,99952,100,100074,100,99947,100,100075,100,99944,100,100076,100,99940,100,100084,100,99929,100,100089,100,99907,100
2019-06-28 09:37:20.000000000,100010,209,99995,209,100033,206,99991,206,100037,206,99981,206,100042,100,99958,100,100050,100,99952,100,100074,100,99947,100,100075,100,99944,100,100076,100,99940,100,100084,100,99929,100,100089,100,99907,100
2019-06-28 09:37:24.057930889,100010,309,99995,209,100033,206,99991,206,100037,206,99981,206,100042,100,99958,100,100050,100,99952,100,100074,100,99947,100,100075,100,99944,100,100076,100,99940,100,100084,100,99929,100,100089,100,99907,100
2019-06-28 09:37:30.000000000,100010,309,99995,209,100033,206,99991,206,100037,206,99981,206,100042,100,99958,100,100050,100,99952,100,100074,100,99947,100,100075,100,99944,100,100076,100,99940,100,100084,100,99929,100,100089,100,99907,100
2019-06-28 09:37:34.110864455,100010,309,99995,109,100033,206,99991,206,100037,206,99981,206,100042,100,99958,100,100050,100,99952,100,100074,100,99947,100,100075,100,99944,100,100076,100,99940,100,100084,100,99929,100,100089,100,99907,100
2019-06-28 09:37:40.000000000,100010,264,99991,164,100033,164,99981,164,100037,164,99958,164,100042,164,99952,164,100050,164,99947,164,100074,100,99944,100,100075,100,99940,100,100076,100,99929,100,100084,100,99907,100,100089,100,99893,100
2019-06-28 09:37:42.725678958,100010,264,99991,164,100033,164,99981,164,100037,164,99958,164,100042,164,99952,164,100050,164,99947,164,100074,100,99944,100,100075,100,99940,100,100076,100,99929,100,100084,100,99907,100,100089,100,99893,100
2019-06-28 09:37:50.000000000,100010,360,99991,260,100033,260,99981,260,100037,100,99958,100,100042,100,99952,100,100050,100,99947,100,100074,100,99944,100,100075,100,99940,100,100076,100,99929,100,100084,100,99907,100,100089,100,99893,100
2019-06-28 09:38:00.000000000,100010,280,99991,180,100033,180,99981,180,100037,180,99958,180,100042,180,99952,180,100050,100,99947,100,100074,100,99944,100,100075,100,99940,100,100076,100,99929,100,100084,100,99907,100,100089,100,99893,100
2019-06-28 09:38:06.910923953,100009,100,99991,180,100010,280,99981,180,100033,180,99958,180,100037,180,99952,180,100042,180,99947,100,100050,100,99944,100,100074,100,99940,100,100075,100,99929,100,100076,100,99907,100,100084,100,99893,100
2019-06-28 09:38:10.000000000,100009,209,99991,209,100010,306,99981,206,100033,206,99958,206,100037,100,99952,100,100042,100,99947,100,100050,100,99944,100,100074,100,99940,100,100075,100,99929,100,100076,100,99907,100,100084,100,99893,100
2019-06-28 09:38:11.577108967,100009,209,99991,209,100010,306,99981,206,100033,206,99958,206,100037,100,99952,100,100042,100,99947,100,100050,100,99944,100,100074,100,99940,100,100075,100,99929,100,100076,100,99907,100,100084,100,99893,100
2019-06-28 09:38:17.917634818,100009,209,99991,209,100010,306,99981,206,100033,206,99958,206,100037,100,99952,100,100050,100,99947,100,100074,100,99944,100,100075,100,99940,100,100076,100,99929,100,100084,100,99907,100,100089,100,99893,100
2019-06-28 09:38:18.520567608,100009,209,99991,109,100010,306,99981,206,100033,206,99958,206,100037,100,99952,100,100050,100,99947,100,100074,100,99944,100,100075,100,99940,100,100076,100,99929,100,100084,100,99907,100,100089,100,99893,100
2019-06-28 09:38:20.000000000,100009,180,99981,180,100010,280,99958,180,100033,180,99952,180,100037,180,99947,180,100050,100,99944,100,100074,100,99940,100,100075,100,99929,100,100076,100,99907,100,100084,100,99893,100,100089,100,99886,100
2019-06-28 09:38:30.000000000,100009,420,99981,420,100010,200,99958,100,100033,100,99952,100,100037,100,99947,100,100050,100,99944,100,100074,100,99940,100,100075,100,99929,100,100076,100,99907,100,100084,100,99893,100,100089,100,99886,100
2019-06-28 09:38:31.599624073,100006,100,99981,420,100009,420,99958,100,100010,200,99952,100,100033,100,99947,100,100037,100,99944,100,100050,100,99940,100,100074,100,99929,100,100076,100,99907,100,100084,100,99893,100,100089,100,99886,100
2019-06-28 09:38:32.433720325,100006,100,99981,420,100009,420,99958,100,100010,200,99952,100,100033,100,99947,100,100037,100,99944,100,100050,100,99940,100,100074,100,99930,100,100076,100,99929,100,100084,100,99907,100,100089,100,99893,100
2019-06-28 09:38:33.101464344,99984,100,99981,420,100006,100,99958,100,100009,420,99952,100,100010,200,99947,100,100033,100,99944,100,100037,100,99940,100,100050,100,99930,100,100074,100,99929,100,100076,100,99907,100,100084,100,99893,100
2019-06-28 09:38:40.000000000,99984,260,99981,260,100006,260,99958,260,100009,100,99952,100,100010,200,99947,100,100033,100,99944,100,100037,100,99940,100,100050,100,99930,100,100074,100,99929,100,100076,100,99907,100,100084,100,99893,100
2019-06-28 09:38:48.182233009,99984,260,99981,260,100006,260,99958,260,100009,100,99952,100,100010,200,99947,100,100033,100,99944,100,100037,100,99940,100,100050,100,99930,100,100074,100,99929,100,100076,100,99907,100,100084,100,99893,100
2019-06-28 09:38:50.000000000,99984,164,99981,164,100006,164,99958,164,100009,164,99952,164,100010,264,99947,164,100033,164,99944,164,100037,100,99940,100,100050,100,99930,100,100074,100,99929,100,100076,100,99907,100,100084,100,99893,100
2019-06-28 09:38:53.256213787,99984,64,99981,164,100006,164,99958,164,100009,164,99952,164,100010,264,99947,164,100033,164,99944,164,100037,100,99940,100,100050,100,99930,100,100074,100,99929,100,100076,100,99907,100,100084,100,99893,100
2019-06-28 09:39:00.000000000,100006,164,99981,164,100009,164,99958,164,100010,264,99952,164,100033,164,99947,164,100037,164,99944,164,100050,100,99940,100,100074,100,99930,100,100076,100,99929,100,100084,100,99907,100,100089,100,99893,100
2019-06-28 09:39:10.000000000,100006,260,99981,260,100009,260,99958,260,100010,200,99952,100,100033,100,99947,100,100037,100,99944,100,100050,100,99940,100,100074,100,99930,100,100076,100,99929,100,100084,100,99907,100,100089,100,99893,100
2019-06-28 09:39:10.110546956,100006,160,99981,260,100009,260,99958,260,100010,200,99952,100,100033,100,99947,100,100037,100,99944,100,100050,100,99940,100,100074,100,99930,100,100076,100,99929,100,100084,100,99907,100,100089,100,99893,100
2019-06-28 09:39:20.000000000,100009,164,99981,164,100010,264,99958,164,100033,164,99952,164,100037,164,99947,164,100050,164,99944,164,100074,100,99940,100,100076,100,99930,100,100084,100,99929,100,100089,100,99907,100,100092,100,99893,100
2019-06-28 09:39:25.639501096,100009,164,99984,100,100010,264,99981,164,100033,164,99958,164,100037,164,99952,164,100050,164,99947,164,100074,100,99944,164,100076,100,99940,100,100084,100,99930,100,100089,100,99929,100,100092,100,99907,100
2019-06-28 09:39:30.000000000,100009,209,99984,209,100010,306,99981,206,100033,206,99958,206,100037,100,99952,100,100050,100,99947,100,100074,100,99944,100,100076,100,99940,100,100084,100,99930,100,100089,100,99929,100,100092,100,99907,100
2019-06-28 09:39:40.000000000,100009,180,99984,180,100010,280,99981,180,100033,180,99958,180,100037,180,99952,180,100050,100,99947,100,100074,100,99944,100,100076,100,99940,100,100084,100,99930,100,100089,100,99929,100,100092,100,99907,100
2019-06-28 09:39:50.000000000,100009,420,99984,420,100010,200,99981,100,100033,100,99958,100,100037,100,99952,100,100050,100,99947,100,100074,100,99944,100,100076,100,99940,100,100084,100,99930,100,100089,100,99929,100,100092,100,99907,100
2019-06-28 09:40:00.000000000,100009,180,99984,180,100010,280,99981,180,100033,180,99958,180,100037,180,99952,180,100050,100,99947,100,100074,100,99944,100,100076,100,99940,100,100084,100,99930,100,100089,100,99929,100,100092,100,99907,100
2019-06-28 09:40:10.000000000,100009,260,99984,260,100010,360,99981,260,100033,100,99958,100,100037,100,99952,100,100050,100,99947,100,100074,100,99944,100,100076,100,99940,100,100084,100,99930,100,100089,100,99929,100,100092,100,99907,100
2019-06-28 09:40:15.949719625,100009,160,99984,260,100010,360,99981,260,100033,100,99958,100,100037,100,99952,100,100050,100,99947,100,100074,100,99944,100,100076,100,99940,100,100084,100,99930,100,100089,100,99929,100,100092,100,99907,100
2019-06-28 09:40:20.000000000,100010,309,99984,209,100033,206,99981,206,100037,206,99958,206,100050,100,99952,100,100074,100,99947,100,100076,100,99944,100,100084,100,99940,100,100089,100,99930,100,100092,100,99929,100,100093,100,99907,100
2019-06-28 09:40:30.000000000,100010,280,99984,180,100033,180,99981,180,100037,180,99958,180,100050,180,99952,180,100074,100,99947,100,100076,100,99944,100,100084,100,99940,100,100089,100,99930,100,100092,100,99929,100,100093,100,99907,100
2019-06-28 09:40:40.000000000,100010,360,99984,260,100033,260,99981,260,100037,100,99958,100,100050,100,99952,100,100074,100,99947,100,100076,100,99944,100,100084,100,99940,100,100089,100,99930,100,100092,100,99929,100,100093,100,99907,100
2019-06-28 09:40:44.162340121,100010,360,99984,260,100033,260,99981,260,100037,100,99958,100,100050,100,99952,100,100074,100,99947,100,100076,100,99944,100,100084,100,99940,100,100089,100,99930,100,100092,100,99929,100,100093,100,99907,100
2019-06-28 09:40:44.736352980,100010,260,99984,260,100033,260,99981,260,100037,100,99958,100,100050,100,99952,100,100074,100,99947,100,100076,100,99940,100,100084,100,99930,100,100089,100,99929,100,100092,100,99907,100,100093,100,99893,100
2019-06-28 09:40:50.000000000,100010,420,99984,420,100033,100,99981,100,100037,100,99958,100,100050,100,99952,100,100074,100,99947,100,100076,100,99940,100,100084,100,99930,100,100089,100,99929,100,100092,100,99907,100,100093,100,99893,100
2019-06-28 09:40:51.289523385,100010,320,99984,420,100033,100,99981,100,100037,100,99958,100,100074,100,99952,100,100076,100,99947,100,100084,100,99940,100,100089,100,99930,100,100092,100,99929,100,100093,100,99907,100,100113,100,99893,100
2019-06-28 09:41:00.000000000,100033,209,99984,209,100037,206,99981,206,100074,206,99958,206,100076,100,99952,100,100084,100,99947,100,100089,100,99940,100,100092,100,99930,100,100093,100,99929,100,100113,100,99907,100,100123,100,99893,100
2019-06-28 09:41:10.000000000,100033,260,99984,260,100037,260,99981,260,100074,100,99958,100,100076,100,99952,100,100084,100,99947,100,100089,100,99940,100,100092,100,99930,100,100093,100,99929,100,100113,100,99907,100,100123,100,99893,100
2019-06-28 09:41:14.093655694,100033,60,99984,260,100037,260,99981,260,100074,100,99958,100,100076,100,99952,100,100084,100,99947,100,100089,100,99940,100,100092,100,99930,100,100093,100,99929,100,100113,100,99907,100,100123,100,99893,100
2019-06-28 09:41:20.000000000,100037,420,99984,420,100074,100,99981,100,100076,100,99958,100,100084,100,99952,100,100089,100,99947,100,100092,100,99940,100,100093,100,99930,100,100113,100,99929,100,100123,100,99907,100,100130,100,99893,100
2019-06-28 09:41:21.891229271,100037,420,99984,420,100074,100,99981,100,100076,100,99958,100,100084,100,99952,100,100089,100,99947,100,100092,100,99940,100,100093,100,99930,100,100113,100,99929,100,100123,100,99907,100,100130,100,99893,100
2019-06-28 09:41:25.156412892,100037,420,99984,420,100074,100,99981,100,100076,100,99958,100,100084,100,99952,100,100089,100,99947,100,100092,100,99940,100,100093,100,99930,100,100113,100,99929,100,100123,100,99907,100,100130,100,99893,100
2019-06-28 09:41:30.000000000,100037,420,99984,420,100074,100,99981,100,100076,100,99958,100,100084,100,99952,100,100089,100,99947,100,100092,100,99940,100,100093,100,99930,100,100113,100,99929,100,100123,100,99907,100,100130,100,99893,100
2019-06-28 09:41:40.000000000,100037,420,99984,420,100074,100,99981,100,100076,100,99958,100,100084,100,99952,100,100089,100,99947,100,100092,100,99940,100,100093,100,99930,100,100113,100,99929,100,100123,100,99907,100,100130,100,99893,100
2019-06-28 09:41:41.305495890,100037,420,100010,100,100074,100,99984,420,100076,100,99981,100,100084,100,99958,100,100089,100,99952,100,100092,100,99947,100,100093,100,99940,100,100113,100,99930,100,100123,100,99929,100,100130,100,99907,100
2019-06-28 09:41:42.847892104,100037,320,100010,100,100074,100,99984,420,100076,100,99981,100,100084,100,99958,100,100089,100,99952,100,100092,100,99947,100,100093,100,99940,100,100113,100,99930,100,100123,100,99907,100,100130,100,99893,100
2019-06-28 09:41:50.000000000,100074,420,100010,420,100076,100,99984,100,100084,100,99981,100,100089,100,99958,100,100092,100,99952,100,100093,100,99947,100,100113,100,99940,100,100123,100,99930,100,100130,100,99907,100,100192,100,99893,100
2019-06-28 09:42:00.000000000,100074,180,100010,180,100076,180,99984,180,100084,180,99981,180,100089,180,99958,180,100092,100,99952,100,100093,100,99947,100,100113,100,99940,100,100123,100,99930,100,100130,100,99907,100,100192,100,99893,100
2019-06-28 09:42:03.444329402,100074,80,100010,180,100076,180,99984,180,100084,180,99981,180,100089,180,99958,180,100092,100,99952,100,100093,100,99947,100,100113,100,99940,100,100123,100,99930,100,100130,100,99907,100,100173,100,99893,100
2019-06-28 09:42:10.000000000,100076,164,100010,164,100084,164,99984,164,100089,164,99981,164,100092,164,99958,164,100093,164,99952,164,100113,100,99947,100,100123,100,99940,100,100130,100,99930,100,100173,100,99907,100,100192,100,99893,100
2019-06-28 09:42:10.014675762,100076,164,100010,164,100084,164,99984,164,100089,164,99981,164,100092,164,99958,164,100093,164,99952,164,100113,100,99947,100,100123,100,99940,100,100130,100,99930,100,100173,100,99907,100,100192,100,99893,100
2019-06-28 09:42:10.990337994,100076,64,100010,164,100084,164,99984,164,100089,164,99981,164,100092,164,99958,164,100093,164,99952,164,100113,100,99947,100,100123,100,99940,100,100130,100,99930,100,100173,100,99907,100,100192,100,99893,100
2019-06-28 09:42:20.000000000,100084,260,100010,260,100089,260,99984,260,100092,100,99981,100,100093,100,99958,100,100113,100,99952,100,100123,100,99947,100,100130,100,99940,100,100173,100,99930,100,100192,100,99907,100,100353,100,99893,100
2019-06-28 09:42:21.807976823,100084,160,100010,260,100089,260,99984,260,100092,100,99981,100,100093,100,99958,100,100113,100,99947,100,100123,100,99940,100,100130,100,99930,100,100173,100,99907,100,100192,100,99893,100,100353,100,99886,100
2019-06-28 09:42:30.000000000,100089,209,100010,209,100092,206,99984,206,100093,206,99981,206,100113,100,99958,100,100123,100,99947,100,100130,100,99940,100,100173,100,99930,100,100192,100,99907,100,100353,100,99893,100,100387,100,99886,100
2019-06-28 09:42:39.662759734,100089,109,100010,209,100092,206,99984,206,100093,206,99981,206,100113,100,99958,100,100123,100,99947,100,100130,100,99940,100,100173,100,99930,100,100192,100,99907,100,100353,100,99893,100,100387,100,99886,100
2019-06-28 09:42:40.000000000,100092,420,100010,420,100093,100,99984,100,100113,100,99981,100,100123,100,99958,100,100130,100,99947,100,100173,100,99940,100,100192,100,99930,100,100353,100,99907,100,100387,100,99893,100,100397,100,99886,100
2019-06-28 09:42:50.000000000,100092,209,100010,209,100093,206,99984,206,100113,206,99981,206,100123,100,99958,100,100130,100,99947,100,100173,100,99940,100,100192,100,99930,100,100353,100,99907,100,100387,100,99893,100,100397,100,99886,100
2019-06-28 09:43:00.000000000,100092,260,100010,260,100093,260,99984,260,100113,100,99981,100,100123,100,99958,100,100130,100,99947,100,100173,100,99940,100,100192,100,99930,100,100353,100,99907,100,100387,100,99893,100,100397,100,99886,100
2019-06-28 09:43:10.000000000,100092,164,100010,164,100093,164,99984,164,100113,164,99981,164,100123,164,99958,164,100130,164,99947,164,100173,100,99940,100,100192,100,99930,100,100353,100,99907,100,100387,100,99893,100,100397,100,99886,100
2019-06-28 09:43:12.904485081,100092,164,100010,164,100093,164,99984,164,100113,164,99981,164,100123,164,99958,164,100130,164,99947,164,100173,100,99940,100,100192,100,99930,100,100353,100,99907,100,100387,100,99893,100,100397,100,99886,100
2019-06-28 09:43:20.000000000,100092,260,100010,260,100093,260,99984,260,100113,100,99981,100,100123,100,99958,100,100130,100,99947,100,100173,100,99940,100,100192,100,99930,100,100353,100,99907,100,100387,100,99893,100,100397,100,99886,100
2019-06-28 09:43:30.000000000,100092,164,100010,164,100093,164,99984,164,100113,164,99981,164,100123,164,99958,164,100130,164,99947,164,100173,100,99940,100,100192,100,99930,100,100353,100,99907,100,100387,100,99893,100,100397,100,99886,100
2019-06-28 09:43:35.514847692,100092,164,100084,100,100093,164,100010,164,100113,164,99984,164,100123,164,99981,164,100130,164,99958,164,100173,100,99947,164,100192,100,99940,100,100353,100,99930,100,100387,100,99907,100,100397,100,99893,100
2019-06-28 09:43:35.563084241,100092,64,100084,100,100093,164,100010,164,100113,164,99984,164,100123,164,99981,164,100130,164,99958,164,100173,100,99947,164,100192,100,99940,100,100387,100,99930,100,100397,100,99907,100,100565,100,99893,100
2019-06-28 09:43:40.000000000,100093,260,100084,260,100113,260,100010,260,100123,100,99984,100,100130,100,99981,100,100173,100,99958,100,100192,100,99947,100,100387,100,99940,100,100397,100,99930,100,100565,100,99907,100,100568,100,99893,100
2019-06-28 09:43:43.570184566,100093,260,100084,260,100113,260,100010,260,100123,100,99984,100,100130,100,99981,100,100173,100,99958,100,100192,100,99947,100,100387,100,99940,100,100397,100,99930,100,100565,100,99907,100,100568,100,99893,100
2019-06-28 09:43:50.000000000,100093,180,100084,180,100113,180,100010,180,100123,180,99984,180,100130,180,99981,180,100173,100,99958,100,100192,100,99947,100,100387,100,99940,100,100397,100,99930,100,100565,100,99907,100,100568,100,99893,100
2019-06-28 09:44:00.000000000,100093,180,100084,180,100113,180,100010,180,100123,180,99984,180,100130,180,99981,180,100173,100,99958,100,100192,100,99947,100,100387,100,99940,100,100397,100,99930,100,100565,100,99907,100,100568,100,99893,100
2019-06-28 09:44:10.000000000,100093,260,100084,260,100113,260,100010,260,100123,100,99984,100,100130,100,99981,100,100173,100,99958,100,100192,100,99947,100,100387,100,99940,100,100397,100,99930,100,100565,100,99907,100,100568,100,99893,100
2019-06-28 09:44:20.000000000,100093,420,100084,420,100113,100,100010,100,100123,100,99984,100,100130,100,99981,100,100173,100,99958,100,100192,100,99947,100,100387,100,99940,100,100397,100,99930,100,100565,100,99907,100,100568,100,99893,100
2019-06-28 09:44:30.000000000,100093,164,100084,164,100113,164,100010,164,100123,164,99984,164,100130,164,99981,164,100173,164,99958,164,100192,100,99947,100,100387,100,99940,100,100397,100,99930,100,100565,100,99907,100,100568,100,99893,100
2019-06-28 09:44:40.000000000,100093,420,100084,420,100113,100,100010,100,100123,100,99984,100,100130,100,99981,100,100173,100,99958,100,100192,100,99947,100,100387,100,99940,100,100397,100,99930,100,100565,100,99907,100,100568,100,99893,100
2019-06-28 09:44:50.000000000,100093,420,100084,420,100113,100,100010,100,100123,100,99984,100,100130,100,99981,100,100173,100,99958,100,100192,100,99947,100,100387,100,99940,100,100397,100,99930,100,100565,100,99907,100,100568,100,99893,100
2019-06-28 09:44:58.513278764,100093,320,100084,420,100113,100,100010,100,100123,100,99984,100,100130,100,99981,100,100173,100,99958,100,100192,100,99947,100,100387,100,99940,100,100397,100,99930,100,100565,100,99907,100,100568,100,99893,100
2019-06-28 09:45:00.000000000,100113,164,100084,164,100123,164,100010,164,100130,164,99984,164,100173,164,99981,164,100192,164,99958,164,100387,100,99947,100,100397,100,99940,100,100565,100,99930,100,100568,100,99907,100,100569,100,99893,100
2019-06-28 09:45:10.000000000,100113,180,100084,180,100123,180,100010,180,100130,180,99984,180,100173,180,99981,180,100192,100,99958,100,100387,100,99947,100,100397,100,99940,100,100565,100,99930,100,100568,100,99907,100,100569,100,99893,100
2019-06-28 09:45:20.000000000,100113,260,100084,260,100123,260,100010,260,100130,100,99984,100,100173,100,99981,100,100192,100,99958,100,100387,100,99947,100,100397,100,99940,100,100565,100,99930,100,100568,100,99907,100,100569,100,99893,100
2019-06-28 09:45:27.853084583,100113,260,100092,100,100123,260,100084,260,100130,100,100010,260,100173,100,99981,100,100192,100,99958,100,100387,100,99947,100,100397,100,99940,100,100565,100,99930,100,100568,100,99907,100,100569,100,99893,100
2019-06-28 09:45:29.766819340,100113,260,100092,100,100123,260,100084,260,100130,100,100010,260,100173,100,99981,100,100192,100,99958,100,100387,100,99947,100,100397,100,99940,100,100565,100,99930,100,100568,100,99907,100,100569,100,99893,100
2019-06-28 09:45:30.000000000,100113,420,100092,420,100123,100,100084,100,100130,100,100010,100,100173,100,99981,100,100192,100,99958,100,100387,100,99947,100,100397,100,99940,100,100565,100,99930,100,100568,100,99907,100,100569,100,99893,100
2019-06-28 09:45:38.486784181,100113,420,100092,420,100123,100,100084,100,100130,100,100010,100,100173,100,99981,100,100192,100,99958,100,100387,100,99947,100,100397,100,99930,100,100565,100,99907,100,100568,100,99893,100,100569,100,99886,100
2019-06-28 09:45:40.000000000,100113,180,100092,180,100123,180,100084,180,100130,180,100010,180,100173,180,99981,180,100192,100,99958,100,100387,100,99947,100,100397,100,99930,100,100565,100,99907,100,100568,100,99893,100,100569,100,99886,100
2019-06-28 09:45:45.154241206,100113,180,100092,180,100123,180,100084,180,100130,180,100010,180,100173,180,99981,180,100192,100,99958,100,100387,100,99947,100,100397,100,99930,100,100565,100,99907,100,100568,100,99886,100,100569,100,99884,100
2019-06-28 09:45:46.141915836,100123,180,100113,20,100130,180,100092,180,100173,180,100084,180,100192,100,100010,180,100387,100,99981,180,100397,100,99958,100,100565,100,99947,100,100568,100,99930,100,100569,100,99907,100,100709,100,99886,100
2019-06-28 09:45:50.000000000,100123,164,100113,84,100130,164,100092,164,100173,164,100084,164,100192,164,100010,164,100387,164,99981,164,100397,100,99958,100,100565,100,99947,100,100568,100,99930,100,100569,100,99907,100,100709,100,99886,100
2019-06-28 09:45:54.662738233,100123,64,100113,84,100130,164,100092,164,100173,164,100084,164,100192,164,100010,164,100387,164,99981,164,100397,100,99958,100,100565,100,99947,100,100568,100,99930,100,100569,100,99907,100,100709,100,99886,100
2019-06-28 09:46:00.000000000,100130,209,100113,129,100173,206,100092,206,100192,206,100084,206,100387,100,100010,100,100397,100,99981,100,100565,100,99958,100,100568,100,99947,100,100569,100,99930,100,100709,100,99907,100,100874,100,99886,100
2019-06-28 09:46:07.741413625,100130,209,100113,129,100173,206,100092,106,100192,206,100084,206,100387,100,100010,100,100397,100,99981,100,100565,100,99958,100,100568,100,99947,100,100569,100,99930,100,100709,100,99907,100,100874,100,99886,100
2019-06-28 09:46:10.000000000,100130,260,100113,180,100173,260,100084,260,100192,100,100010,100,100387,100,99981,100,100397,100,99958,100,100565,100,99947,100,100568,100,99930,100,100569,100,99907,100,100709,100,99886,100,100874,100,99884,100
2019-06-28 09:46:20.000000000,100130,180,100113,100,100173,180,100084,180,100192,180,100010,180,100387,180,99981,180,100397,100,99958,100,100565,100,99947,100,100568,100,99930,100,100569,100,99907,100,100709,100,99886,100,100874,100,99884,100
2019-06-28 09:46:30.000000000,100130,420,100113,340,100173,100,100084,100,100192,100,100010,100,100387,100,99981,100,100397,100,99958,100,100565,100,99947,100,100568,100,99930,100,100569,100,99907,100,100709,100,99886,100,100874,100,99884,100
2019-06-28 09:46:40.000000000,100130,260,100113,180,100173,260,100084,260,100192,100,100010,100,100387,100,99981,100,100397,100,99958,100,100565,100,99947,100,100568,100,99930,100,100569,100,99907,100,100709,100,99886,100,100874,100,99884,100
2019-06-28 09:46:42.750205605,100130,260,100113,180,100173,260,100084,260,100192,100,100010,100,100387,100,99981,100,100397,100,99958,100,100565,100,99947,100,100568,100,99930,100,100569,100,99907,100,100709,100,99886,100,100874,100,99884,100
2019-06-28 09:46:50.000000000,100130,420,100113,340,100173,100,100084,100,100192,100,100010,100,100387,100,99981,100,100397,100,99958,100,100565,100,99947,100,100568,100,99930,100,100569,100,99907,100,100709,100,99886,100,100874,100,99884,100
2019-06-28 09:47:00.000000000,100130,209,100113,129,100173,206,100084,206,100192,206,100010,206,100387,100,99981,100,100397,100,99958,100,100565,100,99947,100,100568,100,99930,100,100569,100,99907,100,100709,100,99886,100,100874,100,99884,100
2019-06-28 09:47:01.006294089,100130,209,100114,100,100173,206,100113,129,100192,206,100084,206,100387,100,100010,206,100397,100,99981,100,100565,100,99958,100,100568,100,99947,100,100569,100,99930,100,100709,100,99907,100,100874,100,99886,100
2019-06-28 09:47:09.445133159,100130,209,100114,100,100173,206,100113,129,100192,206,100084,206,100387,100,100010,206,100397,100,99981,100,100565,100,99958,100,100568,100,99947,100,100569,100,99930,100,100709,100,99907,100,100874,100,99886,100
2019-06-28 09:47:10.000000000,100130,180,100114,180,100173,180,100113,100,100192,180,100084,180,100387,180,100010,180,100397,100,99981,100,100565,100,99958,100,100568,100,99947,100,100569,100,99930,100,100709,100,99907,100,100874,100,99886,100
2019-06-28 09:47:20.000000000,100130,420,100114,420,100173,100,100113,20,100192,100,100084,100,100387,100,100010,100,100397,100,99981,100,100565,100,99958,100,100568,100,99947,100,100569,100,99930,100,100709,100,99907,100,100874,100,99886,100
2019-06-28 09:47:28.757575529,100130,320,100114,420,100173,100,100113,20,100192,100,100084,100,100387,100,100010,100,100397,100,99981,100,100565,100,99958,100,100568,100,99947,100,100569,100,99930,100,100709,100,99907,100,100874,100,99886,100
2019-06-28 09:47:30.000000000,100173,180,100114,180,100192,180,100113,100,100387,180,100084,180,100397,180,100010,180,100565,100,99981,100,100568,100,99958,100,100569,100,99947,100,100709,100,99930,100,100874,100,99907,100,101012,100,99886,100
2019-06-28 09:47:31.217922257,100173,180,100123,100,100192,180,100114,180,100387,180,100113,100,100397,180,100084,180,100565,100,100010,180,100568,100,99981,100,100569,100,99958,100,100709,100,99947,100,100874,100,99930,100,101012,100,99907,100
2019-06-28 09:47:40.000000000,100173,164,100123,164,100192,164,100114,164,100387,164,100113,84,100397,164,100084,164,100565,164,100010,164,100568,100,99981,100,100569,100,99958,100,100709,100,99947,100,100874,100,99930,100,101012,100,99907,100
2019-06-28 09:47:47.523249212,100173,164,100123,264,100192,164,100114,164,100387,164,100113,84,100397,164,100084,164,100565,164,100010,164,100568,100,99981,100,100569,100,99958,100,100709,100,99947,100,100874,100,99930,100,101012,100,99907,100
2019-06-28 09:47:50.000000000,100173,164,100123,264,100192,164,100114,164,100387,164,100113,84,100397,164,100084,164,100565,164,100010,164,100568,100,99981,100,100569,100,99958,100,100709,100,99947,100,100874,100,99930,100,101012,100,99907,100
2019-06-28 09:48:00.000000000,100173,180,100123,280,100192,180,100114,180,100387,180,100113,100,100397,180,100084,180,100565,100,100010,100,100568,100,99981,100,100569,100,99958,100,100709,100,99947,100,100874,100,99930,100,101012,100,99907,100
2019-06-28 09:48:10.000000000,100173,420,100123,520,100192,100,100114,100,100387,100,100113,20,100397,100,100084,100,100565,100,100010,100,100568,100,99981,100,100569,100,99958,100,100709,100,99947,100,100874,100,99930,100,101012,100,99907,100
2019-06-28 09:48:20.000000000,100173,260,100123,360,100192,260,100114,260,100387,100,100113,20,100397,100,100084,100,100565,100,100010,100,100568,100,99981,100,100569,100,99958,100,100709,100,99947,100,100874,100,99930,100,101012,100,99907,100
2019-06-28 09:48:30.000000000,100173,420,100123,520,100192,100,100114,100,100387,100,100113,20,100397,100,100084,100,100565,100,100010,100,100568,100,99981,100,100569,100,99958,100,100709,100,99947,100,100874,100,99930,100,101012,100,99907,100
2019-06-28 09:48:39.229902301,100173,220,100123,520,100192,100,100114,100,100387,100,100113,20,100397,100,100084,100,100565,100,100010,100,100568,100,99981,100,100569,100,99958,100,100709,100,99947,100,100874,100,99930,100,101012,100,99907,100
2019-06-28 09:48:40.000000000,100192,209,100123,309,100387,206,100114,206,100397,206,100113,126,100565,100,100084,100,100568,100,100010,100,100569,100,99981,100,100709,100,99958,100,100874,100,99947,100,101012,100,99930,100,101666,100,99907,100
2019-06-28 09:48:43.684026136,100192,209,100130,100,100387,206,100123,309,100397,206,100114,206,100565,100,100113,126,100568,100,100084,100,100569,100,100010,100,100709,100,99981,100,100874,100,99958,100,101012,100,99947,100,101666,100,99930,100
2019-06-28 09:48:50.000000000,100192,180,100130,180,100387,180,100123,280,100397,180,100114,180,100565,180,100113,100,100568,100,100084,100,100569,100,100010,100,100709,100,99981,100,100874,100,99958,100,101012,100,99947,100,101666,100,99930,100
2019-06-28 09:49:00.000000000,100192,164,100130,164,100387,164,100123,264,100397,164,100114,164,100565,164,100113,84,100568,164,100084,164,100569,100,100010,100,100709,100,99981,100,100874,100,99958,100,101012,100,99947,100,101666,100,99930,100
2019-06-28 09:49:05.912354536,100192,64,100130,164,100387,164,100123,264,100397,164,100114,164,100565,164,100113,84,100568,164,100084,164,100569,100,100010,100,100709,100,99981,100,100874,100,99958,100,101012,100,99947,100,101666,100,99930,100
2019-06-28 09:49:07.262570527,100192,64,100130,164,100387,164,100123,264,100397,164,100114,164,100565,164,100113,84,100568,164,100084,164,100569,100,100010,100,100709,100,99981,100,100874,100,99958,100,101012,100,99947,100,101184,100,99930,100
2019-06-28 09:49:10.000000000,100387,260,100130,260,100397,260,100123,360,100565,100,100114,100,100568,100,100113,20,100569,100,100084,100,100709,100,100010,100,100874,100,99981,100,101012,100,99958,100,101184,100,99947,100,101666,100,99930,100
2019-06-28 09:49:17.718196523,100387,260,100130,260,100397,260,100123,360,100565,100,100114,100,100568,100,100113,20,100569,100,100084,100,100709,100,100010,100,100874,100,99981,100,100977,100,99958,100,101012,100,99947,100,101184,100,99930,100
2019-06-28 09:49:20.000000000,100387,180,100130,180,100397,180,100123,280,100565,180,100114,180,100568,180,100113,100,100569,100,100084,100,100709,100,100010,100,100874,100,99981,100,100977,100,99958,100,101012,100,99947,100,101184,100,99930,100
2019-06-28 09:49:22.575936234,100387,180,100130,180,100397,180,100123,280,100565,180,100114,180,100568,180,100113,100,100569,100,100084,100,100709,100,100010,100,100874,100,99981,100,100977,100,99958,100,101012,100,99947,100,101065,100,99930,100
2019-06-28 09:49:30.000000000,100387,209,100130,209,100397,206,100123,306,100565,206,100114,206,100568,100,100113,20,100569,100,100084,100,100709,100,100010,100,100874,100,99981,100,100977,100,99958,100,101012,100,99947,100,101065,100,99930,100
2019-06-28 09:49:33.167118525,100387,109,100130,209,100397,206,100123,306,100565,206,100114,206,100568,100,100113,20,100569,100,100084,100,100709,100,100010,100,100874,100,99981,100,100977,100,99958,100,101012,100,99947,100,101065,100,99930,100
2019-06-28 09:49:38.867047709,100387,9,100130,209,100397,206,100123,306,100565,206,100114,206,100568,100,100113,20,100569,100,100084,100,100709,100,100010,100,100874,100,99981,100,100977,100,99958,100,101012,100,99947,100,101065,100,99930,100
2019-06-28 09:49:40.000000000,100397,164,100130,164,100565,164,100123,264,100568,164,100114,164,100569,164,100113,84,100709,164,100084,164,100874,100,100010,100,100977,100,99981,100,101012,100,99958,100,101065,100,99947,100,101184,100,99930,100
2019-06-28 09:49:44.046046878,100397,64,100130,164,100565,164,100123,264,100568,164,100114,164,100569,64,100113,84,100709,164,100084,164,100874,100,100010,100,100977,100,99981,100,101012,100,99958,100,101065,100,99947,100,101184,100,99930,100
2019-06-28 09:49:49.552342353,100397,64,100130,64,100565,164,100123,264,100568,164,100114,164,100569,64,100113,84,100709,164,100084,164,100874,100,100010,100,100977,100,99981,100,101012,100,99958,100,101065,100,99947,100,101184,100,99930,100
2019-06-28 09:49:50.000000000,100565,420,100123,520,100568,100,100114,100,100709,100,100113,20,100874,100,100084,100,100977,100,100010,100,101012,100,99981,100,101065,100,99958,100,101184,100,99947,100,101666,100,99930,100,101738,100,99907,100
2019-06-28 09:49:50.074813308,100565,420,100387,100,100568,100,100123,520,100709,100,100114,100,100874,100,100113,20,100977,100,100084,100,101012,100,100010,100,101065,100,99981,100,101184,100,99958,100,101666,100,99947,100,101738,100,99930,100
2019-06-28 09:49:55.362478312,100565,320,100387,100,100568,100,100123,520,100709,100,100114,100,100874,100,100113,20,100977,100,100084,100,101012,100,100010,100,101065,100,99981,100,101184,100,99958,100,101666,100,99947,100,101738,100,99930,100
2019-06-28 09:49:55.480729754,100565,320,100387,100,100568,100,100123,520,100709,100,100114,100,100715,100,100113,20,100874,100,100084,100,101012,100,100010,100,101065,100,99981,100,101184,100,99958,100,101666,100,99947,100,101738,100,99930,100
2019-06-28 09:50:00.000000000,100568,180,100387,180,100709,180,100123,280,100715,180,100114,180,100874,180,100113,100,101012,100,100084,100,101065,100,100010,100,101184,100,99981,100,101666,100,99958,100,101738,100,99947,100,101786,100,99930,100
2019-06-28 09:50:02.192751731,100568,80,100387,180,100709,180,100123,280,100715,180,100114,180,100874,180,100113,100,101012,100,100084,100,101065,100,100010,100,101184,100,99981,100,101666,100,99958,100,101738,100,99947,100,101786,100,99930,100
2019-06-28 09:50:10.000000000,100709,209,100387,209,100715,206,100123,306,100874,206,100114,206,101012,100,100113,20,101065,100,100084,100,101184,100,100010,100,101666,100,99981,100,101738,100,99958,100,101786,100,99947,100,,,99930,100
2019-06-28 09:50:18.959568212,100709,209,100387,209,100715,206,100123,306,100874,206,100114,206,100876,100,100113,20,101012,100,100084,100,101065,100,100010,100,101184,100,99981,100,101666,100,99958,100,101738,100,99947,100,101786,100,99930,100
2019-06-28 09:50:20.000000000,100709,209,100387,209,100715,206,100123,306,100874,206,100114,206,100876,100,100113,20,101012,100,100084,100,101065,100,100010,100,101184,100,99981,100,101666,100,99958,100,101738,100,99947,100,101786,100,99930,100
2019-06-28 09:50:27.948683405,100614,100,100387,209,100709,209,100123,306,100715,206,100114,206,100874,206,100113,20,100876,100,100084,100,101065,100,100010,100,101184,100,99981,100,101666,100,99958,100,101738,100,99947,100,101786,100,99930,100
2019-06-28 09:50:29.066308161,100614,100,100387,209,100709,209,100123,306,100715,206,100114,206,100874,206,100113,20,100876,100,100084,100,100908,100,100010,100,101065,100,99981,100,101184,100,99958,100,101666,100,99947,100,101738,100,99930,100
2019-06-28 09:50:30.000000000,100614,180,100387,180,100709,180,100123,280,100715,180,100114,180,100874,180,100113,100,100876,100,100084,100,100908,100,100010,100,101065,100,99981,100,101184,100,99958,100,101666,100,99947,100,101738,100,99930,100
2019-06-28 09:50:31.998328562,100614,80,100387,180,100709,180,100123,280,100715,180,100114,180,100874,180,100113,100,100876,100,100084,100,100908,100,100010,100,101065,100,99981,100,101184,100,99958,100,101666,100,99947,100,101738,100,99930,100
2019-06-28 09:50:40.000000000,100709,260,100387,260,100715,260,100123,360,100874,100,100114,100,100876,100,100113,20,100908,100,100084,100,101065,100,100010,100,101184,100,99981,100,101666,100,99958,100,101738,100,99947,100,101786,100,99930,100
2019-06-28 09:50:50.000000000,100709,420,100387,420,100715,100,100123,200,100874,100,100114,100,100876,100,100113,20,100908,100,100084,100,101065,100,100010,100,101184,100,99981,100,101666,100,99958,100,101738,100,99947,100,101786,100,99930,100
2019-06-28 09:51:00.000000000,100709,209,100387,209,100715,206,100123,306,100874,206,100114,206,100876,100,100113,20,100908,100,100084,100,101065,100,100010,100,101184,100,99981,100,101666,100,99958,100,101738,100,99947,100,101786,100,99930,100
2019-06-28 09:51:01.929031242,100709,209,100387,209,100715,206,100123,306,100874,206,100114,206,100882,100,100113,20,100908,100,100084,100,101065,100,100010,100,101184,100,99981,100,101666,100,99958,100,101738,100,99947,100,101786,100,99930,100
2019-06-28 09:51:10.000000000,100709,180,100387,180,100715,180,100123,280,100874,180,100114,180,100882,180,100113,100,100908,100,100084,100,101065,100,100010,100,101184,100,99981,100,101666,100,99958,100,101738,100,99947,100,101786,100,99930,100
2019-06-28 09:51:20.000000000,100709,260,100387,260,100715,260,100123,360,100874,100,100114,100,100882,100,100113,20,100908,100,100084,100,101065,100,100010,100,101184,100,99981,100,101666,100,99958,100,101738,100,99947,100,101786,100,99930,100
2019-06-28 09:51:27.760398325,100709,260,100568,100,100715,260,100387,160,100874,100,100123,360,100882,100,100114,100,100908,100,100113,20,101065,100,100084,100,101184,100,100010,100,101666,100,99981,100,101738,100,99958,100,101786,100,99947,100
2019-06-28 09:51:30.000000000,100709,180,100568,180,100715,180,100123,280,100874,180,100114,180,100882,180,100113,100,100908,100,100084,100,101065,100,100010,100,101184,100,99981,100,101666,100,99958,100,101738,100,99947,100,101786,100,99930,100
2019-06-28 09:51:40.000000000,100709,164,100568,164,100715,164,100123,264,100874,164,100114,164,100882,164,100113,84,100908,164,100084,164,101065,100,100010,100,101184,100,99981,100,101666,100,99958,100,101738,100,99947,100,101786,100,99930,100
2019-06-28 09:51:50.000000000,100709,209,100568,209,100715,206,100123,306,100874,206,100114,206,100882,100,100113,20,100908,100,100084,100,101065,100,100010,100,101184,100,99981,100,101666,100,99958,100,101738,100,99947,100,101786,100,99930,100
2019-06-28 09:52:00.000000000,100709,209,100568,209,100715,206,100123,306,100874,206,100114,206,100882,100,100113,20,100908,100,100084,100,101065,100,100010,100,101184,100,99981,100,101666,100,99958,100,101738,100,99947,100,101786,100,99930,100
2019-06-28 09:52:10.000000000,100709,420,100568,420,100715,100,100123,200,100874,100,100114,100,100882,100,100113,20,100908,100,100084,100,101065,100,100010,100,101184,100,99981,100,101666,100,99958,100,101738,100,99947,100,101786,100,99930,100
2019-06-28 09:52:20.000000000,100709,164,100568,164,100715,164,100123,264,100874,164,100114,164,100882,164,100113,84,100908,164,100084,164,101065,100,100010,100,101184,100,99981,100,101666,100,99958,100,101738,100,99947,100,101786,100,99930,100
2019-06-28 09:52:23.567887094,100709,64,100568,164,100715,164,100123,264,100874,164,100114,164,100882,164,100113,84,100908,164,100084,164,101065,100,100010,100,101184,100,99981,100,101666,100,99958,100,101738,100,99947,100,101786,100,99907,100
2019-06-28 09:52:30.000000000,100715,180,100568,180,100874,180,100123,280,100882,180,100114,180,100908,180,100113,100,101065,100,100084,100,101184,100,100010,100,101666,100,99981,100,101738,100,99958,100,101786,100,99947,100,,,99907,100
2019-06-28 09:52:40.000000000,100715,180,100568,180,100874,180,100123,280,100882,180,100114,180,100908,180,100113,100,101065,100,100084,100,101184,100,100010,100,101666,100,99981,100,101738,100,99958,100,101786,100,99947,100,,,99907,100
2019-06-28 09:52:50.000000000,100715,180,100568,180,100874,180,100123,280,100882,180,100114,180,100908,180,100113,100,101065,100,100084,100,101184,100,100010,100,101666,100,99981,100,101738,100,99958,100,101786,100,99947,100,,,99907,100
2019-06-28 09:52:55.554879334,100715,180,100568,180,100874,180,100123,280,100882,180,100114,180,100908,180,100113,100,101063,100,100084,100,101065,100,100010,100,101184,100,99981,100,101666,100,99958,100,101738,100,99947,100,101786,100,99907,100
2019-06-28 09:53:00.000000000,100715,260,100568,260,100874,260,100123,360,100882,100,100114,100,100908,100,100113,20,101063,100,100084,100,101065,100,100010,100,101184,100,99981,100,101666,100,99958,100,101738,100,99947,100,101786,100,99907,100
2019-06-28 09:53:01.808041138,100715,260,100568,260,100874,260,100123,360,100882,100,100114,100,100908,100,100113,20,101042,100,100084,100,101063,100,100010,100,101065,100,99981,100,101184,100,99958,100,101666,100,99947,100,101738,100,99907,100
2019-06-28 09:53:02.598481825,100715,260,100568,260,100874,260,100123,360,100882,100,100114,100,100908,100,100113,20,101042,100,100084,100,101063,100,100010,100,101065,100,99981,100,101184,100,99958,100,101327,100,99947,100,101666,100,99907,100
2019-06-28 09:53:09.602779248,100715,260,100568,260,100874,260,100123,360,100882,100,100114,100,100908,100,100113,20,101042,100,100084,100,101063,100,100010,100,101065,100,99981,100,101102,100,99958,100,101184,100,99947,100,101327,100,99907,100
2019-06-28 09:53:10.000000000,100715,420,100568,420,100874,100,100123,200,100882,100,100114,100,100908,100,100113,20,101042,100,100084,100,101063,100,100010,100,101065,100,99981,100,101102,100,99958,100,101184,100,99947,100,101327,100,99907,100
2019-06-28 09:53:20.000000000,100715,209,100568,209,100874,206,100123,306,100882,206,100114,206,100908,100,100113,20,101042,100,100084,100,101063,100,100010,100,101065,100,99981,100,101102,100,99958,100,101184,100,99947,100,101327,100,99907,100
2019-06-28 09:53:30.000000000,100715,209,100568,209,100874,206,100123,306,100882,206,100114,206,100908,100,100113,20,101042,100,100084,100,101063,100,100010,100,101065,100,99981,100,101102,100,99958,100,101184,100,99947,100,101327,100,99907,100
2019-06-28 09:53:40.000000000,100715,209,100568,209,100874,206,100123,306,100882,206,100114,206,100908,100,100113,20,101042,100,100084,100,101063,100,100010,100,101065,100,99981,100,101102,100,99958,100,101184,100,99947,100,101327,100,99907,100
2019-06-28 09:53:50.000000000,100715,164,100568,164,100874,164,100123,264,100882,164,100114,164,100908,164,100113,84,101042,164,100084,164,101063,100,100010,100,101065,100,99981,100,101102,100,99958,100,101184,100,99947,100,101327,100,99907,100
2019-06-28 09:54:00.000000000,100715,164,100568,164,100874,164,100123,264,100882,164,100114,164,100908,164,100113,84,101042,164,100084,164,101063,100,100010,100,101065,100,99981,100,101102,100,99958,100,101184,100,99947,100,101327,100,99907,100
2019-06-28 09:54:10.000000000,100715,164,100568,164,100874,164,100123,264,100882,164,100114,164,100908,164,100113,84,101042,164,100084,164,101063,100,100010,100,101065,100,99981,100,101102,100,99958,100,101184,100,99947,100,101327,100,99907,100
2019-06-28 09:54:10.146697337,100715,164,100568,164,100874,164,100123,264,100882,164,100114,164,100908,164,100113,84,101042,64,100084,164,101063,100,100010,100,101065,100,99981,100,101102,200,99958,100,101184,100,99947,100,101327,100,99907,100
2019-06-28 09:54:20.000000000,100715,164,100568,164,100874,164,100123,264,100882,164,100114,164,100908,164,100113,84,101063,164,100084,164,101065,100,100010,100,101102,200,99981,100,101184,100,99958,100,101327,100,99947,100,101666,100,99907,100
2019-06-28 09:54:22.184376294,100715,64,100568,164,100874,164,100123,264,100882,164,100114,164,100908,164,100113,84,101063,164,100084,164,101065,100,100010,100,101102,200,99981,100,101184,100,99958,100,101327,100,99947,100,101666,100,99907,100
2019-06-28 09:54:30.000000000,100874,209,100568,209,100882,206,100123,306,100908,206,100114,206,101063,100,100113,20,101065,100,100084,100,101102,200,100010,100,101184,100,99981,100,101327,100,99958,100,101666,100,99947,100,101738,100,99907,100
2019-06-28 09:54:40.000000000,100874,260,100568,260,100882,260,100123,360,100908,100,100114,100,101063,100,100113,20,101065,100,100084,100,101102,200,100010,100,101184,100,99981,100,101327,100,99958,100,101666,100,99947,100,101738,100,99907,100
2019-06-28 09:54:45.208210382,100874,260,100568,260,100882,260,100123,360,100908,100,100114,100,100995,100,100113,20,101063,100,100084,100,101065,100,100010,100,101102,200,99981,100,101184,100,99958,100,101327,100,99947,100,101666,100,99907,100
2019-06-28 09:54:45.241505841,100874,260,100758,100,100882,260,100568,260,100908,100,100123,360,100995,100,100114,100,101063,100,100113,20,101102,200,100084,100,101184,100,100010,100,101327,100,99981,100,101666,100,99958,100,101786,100,99947,100
2019-06-28 09:54:50.000000000,100874,260,100758,260,100882,260,100568,260,100908,100,100123,200,100995,100,100114,100,101063,100,100113,20,101102,200,100084,100,101184,100,100010,100,101327,100,99981,100,101666,100,99958,100,101786,100,99947,100
2019-06-28 09:54:50.447308703,100874,160,100758,260,100882,260,100568,260,100908,100,100123,200,100995,100,100114,100,101063,100,100113,20,101069,100,100084,100,101102,200,100010,100,101184,100,99981,100,101327,100,99958,100,101666,100,99947,100
2019-06-28 09:55:00.000000000,100882,164,100758,164,100908,164,100568,164,100995,164,100123,264,101063,164,100114,164,101069,164,100113,84,101102,200,100084,100,101184,100,100010,100,101327,100,99981,100,101666,100,99958,100,101786,100,99947,100
2019-06-28 09:55:00.789541751,100882,164,100758,164,100908,164,100568,164,100995,164,100123,264,101063,164,100114,164,101069,164,100113,84,101102,200,100084,100,101184,100,100010,100,101327,100,99958,100,101666,100,99947,100,101786,100,99907,100
2019-06-28 09:55:09.765050557,100882,164,100758,164,100908,164,100568,164,100933,100,100123,264,100995,164,100114,164,101063,164,100113,84,101069,164,100084,100,101102,200,100010,100,101184,100,99958,100,101327,100,99947,100,101666,100,99907,100
2019-06-28 09:55:10.000000000,100882,180,100758,180,100908,180,100568,180,100933,180,100123,280,100995,180,100114,180,101063,100,100113,20,101069,100,100084,100,101102,200,100010,100,101184,100,99958,100,101327,100,99947,100,101666,100,99907,100
2019-06-28 09:55:10.848765079,100882,180,100758,180,100908,180,100568,180,100933,180,100123,280,100995,180,100114,180,101063,100,100113,20,101069,100,100084,100,101086,100,100010,100,101102,200,99958,100,101184,100,99947,100,101327,100,99907,100
2019-06-28 09:55:14.812193416,100882,180,100758,180,100908,180,100709,100,100933,180,100568,180,100995,180,100123,280,101063,100,100114,180,101069,100,100113,20,101086,100,100010,100,101102,200,99958,100,101184,100,99947,100,101327,100,99907,100
2019-06-28 09:55:20.000000000,100882,260,100758,260,100908,260,100709,260,100933,100,100568,100,100995,100,100123,200,101063,100,100114,100,101069,100,100113,20,101086,100,100010,100,101102,200,99958,100,101184,100,99947,100,101327,100,99907,100
2019-06-28 09:55:30.000000000,100882,209,100758,209,100908,206,100709,206,100933,206,100568,206,100995,100,100123,200,101063,100,100114,100,101069,100,100113,20,101086,100,100010,100,101102,200,99958,100,101184,100,99947,100,101327,100,99907,100
2019-06-28 09:55:30.095205561,100882,209,100758,209,100908,206,100718,100,100933,206,100709,206,100995,100,100568,206,101063,100,100123,200,101069,100,100114,100,101086,100,100113,20,101102,200,100010,100,101184,100,99958,100,101327,100,99947,100
2019-06-28 09:55:40.000000000,100882,164,100758,164,100908,164,100718,164,100933,164,100709,164,100995,164,100568,164,101063,164,100123,264,101069,100,100114,100,101086,100,100113,20,101102,200,100010,100,101184,100,99958,100,101327,100,99947,100
2019-06-28 09:55:49.092102454,100797,100,100758,164,100882,164,100718,164,100908,164,100709,164,100933,164,100568,164,100995,164,100123,264,101063,164,100114,100,101069,100,100113,20,101086,100,100010,100,101102,200,99958,100,101184,100,99947,100
2019-06-28 09:55:50.000000000,100797,180,100758,180,100882,180,100718,180,100908,180,100709,180,100933,180,100568,180,100995,100,100123,200,101063,100,100114,100,101069,100,100113,20,101086,100,100010,100,101102,200,99958,100,101184,100,99947,100
2019-06-28 09:56:00.000000000,100797,209,100758,209,100882,206,100718,206,100908,206,100709,206,100933,100,100568,100,100995,100,100123,200,101063,100,100114,100,101069,100,100113,20,101086,100,100010,100,101102,200,99958,100,101184,100,99947,100
2019-06-28 09:56:10.000000000,100797,164,100758,164,100882,164,100718,164,100908,164,100709,164,100933,164,100568,164,100995,164,100123,264,101063,100,100114,100,101069,100,100113,20,101086,100,100010,100,101102,200,99958,100,101184,100,99947,100
2019-06-28 09:56:18.735606535,100797,164,100758,64,100882,164,100718,164,100908,164,100709,164,100933,164,100568,164,100995,164,100123,264,101063,100,100114,100,101069,100,100113,20,101086,100,100010,100,101102,200,99958,100,101184,100,99947,100
2019-06-28 09:56:20.000000000,100797,180,100718,180,100882,180,100709,180,100908,180,100568,180,100933,180,100123,280,100995,100,100114,100,101063,100,100113,20,101069,100,100010,100,101086,100,99958,100,101102,200,99947,100,101184,100,99907,100
2019-06-28 09:56:24.825021437,100741,100,100718,180,100797,180,100709,180,100882,180,100568,180,100908,180,100123,280,100933,180,100114,100,100995,100,100113,20,101063,100,100010,100,101069,100,99958,100,101086,100,99947,100,101102,200,99907,100
2019-06-28 09:56:30.000000000,100741,164,100718,164,100797,164,100709,164,100882,164,100568,164,100908,164,100123,264,100933,164,100114,164,100995,100,100113,20,101063,100,100010,100,101069,100,99958,100,101086,100,99947,100,101102,200,99907,100
2019-06-28 09:56:40.000000000,100741,209,100718,209,100797,206,100709,206,100882,206,100568,206,100908,100,100123,200,100933,100,100114,100,100995,100,100113,20,101063,100,100010,100,101069,100,99958,100,101086,100,99947,100,101102,200,99907,100
2019-06-28 09:56:50.000000000,100741,180,100718,180,100797,180,100709,180,100882,180,100568,180,100908,180,100123,280,100933,100,100114,100,100995,100,100113,20,101063,100,100010,100,101069,100,99958,100,101086,100,99947,100,101102,200,99907,100
2019-06-28 09:57:00.000000000,100741,260,100718,260,100797,260,100709,260,100882,100,100568,100,100908,100,100123,200,100933,100,100114,100,100995,100,100113,20,101063,100,100010,100,101069,100,99958,100,101086,100,99947,100,101102,200,99907,100
2019-06-28 09:57:08.116881138,100741,160,100718,260,100797,260,100709,260,100882,100,100568,100,100908,100,100123,200,100933,100,100114,100,100995,100,100113,20,101063,100,100010,100,101069,100,99958,100,101086,100,99947,100,101102,200,99907,100
2019-06-28 09:57:10.000000000,100797,420,100718,420,100882,100,100709,100,100908,100,100568,100,100933,100,100123,200,100995,100,100114,100,101063,100,100113,20,101069,100,100010,100,101086,100,99958,100,101102,200,99947,100,101184,100,99907,100
2019-06-28 09:57:20.000000000,100797,420,100718,420,100882,100,100709,100,100908,100,100568,100,100933,100,100123,200,100995,100,100114,100,101063,100,100113,20,101069,100,100010,100,101086,100,99958,100,101102,200,99947,100,101184,100,99907,100
2019-06-28 09:57:30.000000000,100797,164,100718,164,100882,164,100709,164,100908,164,100568,164,100933,164,100123,264,100995,164,100114,164,101063,100,100113,20,101069,100,100010,100,101086,100,99958,100,101102,200,99947,100,101184,100,99907,100
2019-06-28 09:57:40.000000000,100797,260,100718,260,100882,260,100709,260,100908,100,100568,100,100933,100,100123,200,100995,100,100114,100,101063,100,100113,20,101069,100,100010,100,101086,100,99958,100,101102,200,99947,100,101184,100,99907,100
2019-06-28 09:57:50.000000000,100797,260,100718,260,100882,260,100709,260,100908,100,100568,100,100933,100,100123,200,100995,100,100114,100,101063,100,100113,20,101069,100,100010,100,101086,100,99958,100,101102,200,99947,100,101184,100,99907,100
2019-06-28 09:58:00.000000000,100797,420,100718,420,100882,100,100709,100,100908,100,100568,100,100933,100,100123,200,100995,100,100114,100,101063,100,100113,20,101069,100,100010,100,101086,100,99958,100,101102,200,99947,100,101184,100,99907,100
2019-06-28 09:58:01.754197266,100797,420,100718,420,100882,100,100709,100,100908,100,100568,100,100933,100,100310,100,100995,100,100123,200,101063,100,100114,100,101069,100,100113,20,101086,100,100010,100,101102,200,99958,100,101184,100,99947,100
2019-06-28 09:58:10.000000000,100797,180,100718,180,100882,180,100709,180,100908,180,100568,180,100933,180,100310,180,100995,100,100123,200,101063,100,100114,100,101069,100,100113,20,101086,100,100010,100,101102,200,99958,100,101184,100,99947,100
2019-06-28 09:58:12.485846566,100797,180,100718,180,100882,180,100709,180,100908,180,100568,180,100933,180,100310,180,100995,100,100123,200,101063,100,100114,100,101069,100,100113,20,101086,100,100034,100,101102,200,100010,100,101184,100,99958,100
2019-06-28 09:58:20.000000000,100797,209,100718,209,100882,206,100709,206,100908,206,100568,206,100933,100,100310,100,100995,100,100123,200,101063,100,100114,100,101069,100,100113,20,101086,100,100034,100,101102,200,100010,100,101184,100,99958,100
2019-06-28 09:58:30.000000000,100797,209,100718,209,100882,206,100709,206,100908,206,100568,206,100933,100,100310,100,100995,100,100123,200,101063,100,100114,100,101069,100,100113,20,101086,100,100034,100,101102,200,100010,100,101184,100,99958,100
2019-06-28 09:58:40.000000000,100797,209,100718,209,100882,206,100709,206,100908,206,100568,206,100933,100,100310,100,100995,100,100123,200,101063,100,100114,100,101069,100,100113,20,101086,100,100034,100,101102,200,100010,100,101184,100,99958,100
2019-06-28 09:58:50.000000000,100797,180,100718,180,100882,180,100709,180,100908,180,100568,180,100933,180,100310,180,100995,100,100123,200,101063,100,100114,100,101069,100,100113,20,101086,100,100034,100,101102,200,100010,100,101184,100,99958,100
2019-06-28 09:59:00.000000000,100797,420,100718,420,100882,100,100709,100,100908,100,100568,100,100933,100,100310,100,100995,100,100123,200,101063,100,100114,100,101069,100,100113,20,101086,100,100034,100,101102,200,100010,100,101184,100,99958,100
2019-06-28 09:59:10.000000000,100797,180,100718,180,100882,180,100709,180,100908,180,100568,180,100933,180,100310,180,100995,100,100123,200,101063,100,100114,100,101069,100,100113,20,101086,100,100034,100,101102,200,100010,100,101184,100,99958,100
2019-06-28 09:59:18.431525180,100797,180,100718,180,100882,180,100709,180,100908,180,100568,180,100933,180,100310,180,100995,100,100123,200,101063,100,100113,20,101069,100,100034,100,101086,100,100010,100,101102,200,99958,100,101184,100,99947,100
2019-06-28 09:59:20.000000000,100797,209,100718,209,100882,206,100709,206,100908,206,100568,206,100933,100,100310,100,100995,100,100123,200,101063,100,100113,20,101069,100,100034,100,101086,100,100010,100,101102,200,99958,100,101184,100,99947,100
2019-06-28 09:59:29.267907982,100797,209,100775,100,100882,206,100718,209,100908,206,100709,206,100933,100,100568,206,100995,100,100310,100,101063,100,100123,200,101069,100,100113,20,101086,100,100034,100,101102,200,100010,100,101184,100,99958,100
2019-06-28 09:59:30.000000000,100797,260,100775,260,100882,260,100718,260,100908,100,100709,100,100933,100,100568,100,100995,100,100310,100,101063,100,100123,200,101069,100,100113,20,101086,100,100034,100,101102,200,100010,100,101184,100,99958,100
2019-06-28 09:59:40.000000000,100797,420,100775,420,100882,100,100718,100,100908,100,100709,100,100933,100,100568,100,100995,100,100310,100,101063,100,100123,200,101069,100,100113,20,101086,100,100034,100,101102,200,100010,100,101184,100,99958,100
2019-06-28 09:59:43.898569545,100797,320,100775,420,100882,100,100718,100,100908,100,100709,100,100933,100,100568,100,100995,100,100310,100,101063,100,100123,200,101069,100,100113,20,101086,100,100034,100,101102,200,100010,100,101184,100,99958,100
2019-06-28 09:59:50.000000000,100882,209,100775,209,100908,206,100718,206,100933,206,100709,206,100995,100,100568,100,101063,100,100310,100,101069,100,100123,200,101086,100,100113,20,101102,200,100034,100,101184,100,100010,100,101327,100,99958,100
2019-06-28 09:59:55.379600858,100882,209,100776,100,100908,206,100775,209,100933,206,100718,206,100995,100,100709,206,101063,100,100568,100,101069,100,100310,100,101086,100,100123,200,101102,200,100113,20,101184,100,100034,100,101327,100,100010,100
2019-06-28 10:00:00.000000000,100882,164,100776,164,100908,164,100775,164,100933,164,100718,164,100995,164,100709,164,101063,164,100568,164,101069,100,100310,100,101086,100,100123,200,101102,200,100113,20,101184,100,100034,100,101327,100,100010,100
2019-06-28 10:00:01.015266673,100882,164,100802,100,100908,164,100776,164,100933,164,100775,164,100995,164,100718,164,101063,164,100709,164,101069,100,100568,164,101086,100,100123,200,101102,200,100113,20,101184,100,100034,100,101327,100,100010,100
2019-06-28 10:00:07.477489487,100882,164,100802,100,100908,164,100776,164,100933,164,100775,164,100995,164,100718,164,101036,100,100709,164,101063,164,100568,164,101069,100,100123,200,101086,100,100113,20,101102,200,100034,100,101184,100,100010,100
2019-06-28 10:00:10.000000000,100882,260,100802,260,100908,260,100776,260,100933,100,100775,100,100995,100,100718,100,101036,100,100709,100,101063,100,100568,100,101069,100,100123,200,101086,100,100113,20,101102,200,100034,100,101184,100,100010,100
2019-06-28 10:00:20.000000000,100882,420,100802,420,100908,100,100776,100,100933,100,100775,100,100995,100,100718,100,101036,100,100709,100,101063,100,100568,100,101069,100,100123,200,101086,100,100113,20,101102,200,100034,100,101184,100,100010,100
2019-06-28 10:00:30.000000000,100882,164,100802,164,100908,164,100776,164,100933,164,100775,164,100995,164,100718,164,101036,164,100709,164,101063,100,100568,100,101069,100,100123,200,101086,100,100113,20,101102,200,100034,100,101184,100,100010,100
2019-06-28 10:00:30.724938530,100882,164,100802,164,100908,164,100776,264,100933,164,100775,164,100995,164,100718,164,101036,164,100709,164,101063,100,100568,100,101069,100,100123,200,101086,100,100113,20,101102,200,100034,100,101184,100,100010,100
2019-06-28 10:00:32.656350136,100882,64,100802,164,100908,164,100776,264,100933,164,100775,164,100995,164,100718,164,101036,164,100709,164,101063,100,100568,100,101069,100,100123,200,101086,100,100113,20,101102,200,100034,100,101184,100,100010,100
2019-06-28 10:00:40.000000000,100908,260,100802,260,100933,260,100776,360,100995,100,100775,100,101036,100,100718,100,101063,100,100709,100,101069,100,100568,100,101086,100,100123,200,101102,200,100113,20,101184,100,100034,100,101327,100,100010,100
2019-06-28 10:00:45.946520624,100908,260,100802,260,100933,260,100776,360,100995,100,100775,100,101036,100,100718,100,101063,100,100709,100,101069,100,100568,100,101086,100,100123,200,101102,200,100113,20,101184,100,100034,100,101327,100,100010,100
2019-06-28 10:00:48.305400029,100908,260,100802,260,100933,260,100776,360,100995,100,100775,100,101036,100,100718,100,101063,100,100709,100,101069,100,100568,100,101086,100,100123,200,101102,200,100113,20,101184,100,100034,100,101327,100,100010,100
2019-06-28 10:00:50.000000000,100908,420,100802,420,100933,100,100776,200,100995,100,100775,100,101036,100,100718,100,101063,100,100709,100,101069,100,100568,100,101086,100,100123,200,101102,200,100113,20,101184,100,100034,100,101327,100,100010,100
2019-06-28 10:00:55.259449031,100908,320,100802,420,100933,100,100776,200,100995,100,100775,100,101036,100,100718,100,101063,100,100709,100,101069,100,100568,100,101086,100,100123,200,101102,200,100113,20,101184,100,100034,100,101327,100,100010,100
2019-06-28 10:01:00.000000000,100933,209,100802,209,100995,206,100776,306,101036,206,100775,206,101063,100,100718,100,101069,100,100709,100,101086,100,100568,100,101102,200,100123,200,101184,100,100113,20,101327,100,100034,100,101356,100,100010,100
2019-06-28 10:01:08.268933984,100933,209,100802,209,100995,206,100776,306,101036,206,100775,206,101063,100,100718,100,101069,100,100709,100,101086,100,100568,100,101102,200,100123,200,101184,100,100113,20,101327,100,100034,100,101356,100,100010,100
2019-06-28 10:01:10.000000000,100933,164,100802,164,100995,164,100776,264,101036,164,100775,164,101063,164,100718,164,101069,164,100709,164,101086,100,100568,100,101102,200,100123,200,101184,100,100113,20,101327,100,100034,100,101356,100,100010,100
2019-06-28 10:01:13.774230280,100933,164,100802,164,100995,164,100776,264,101036,164,100775,164,101063,164,100718,164,101069,164,100709,164,101086,100,100568,100,101102,200,100123,200,101184,100,100113,20,101327,100,100034,100,101356,100,100010,100
2019-06-28 10:01:20.000000000,100933,180,100802,180,100995,180,100776,280,101036,180,100775,180,101063,180,100718,180,101069,100,100709,100,101086,100,100568,100,101102,200,100123,200,101184,100,100113,20,101327,100,100034,100,101356,100,100010,100
2019-06-28 10:01:30.000000000,100933,209,100802,209,100995,206,100776,306,101036,206,100775,206,101063,100,100718,100,101069,100,100709,100,101086,100,100568,100,101102,200,100123,200,101184,100,100113,20,101327,100,100034,100,101356,100,100010,100
2019-06-28 10:01:33.860727189,100933,109,100802,209,100995,206,100776,306,101036,206,100775,206,101063,100,100718,100,101069,100,100709,100,101086,100,100568,100,101102,200,100123,200,101184,100,100113,20,101327,100,100034,100,101356,100,100010,100
2019-06-28 10:01:35.899207983,100933,9,100802,209,100995,206,100776,306,101036,206,100775,206,101063,100,100718,100,101069,100,100709,100,101086,100,100568,100,101102,200,100123,200,101184,100,100113,20,101327,100,100034,100,101356,100,100010,100
2019-06-28 10:01:37.949664491,100995,206,100933,91,101036,106,100802,209,101063,100,100776,306,101069,100,100775,206,101086,100,100718,100,101102,200,100709,100,101184,100,100568,100,101327,100,100123,200,101356,100,100113,20,101555,100,100034,100
2019-06-28 10:01:40.000000000,100995,180,100933,171,101063,180,100802,180,101069,180,100776,280,101086,180,100775,180,101102,200,100718,100,101184,100,100709,100,101327,100,100568,100,101356,100,100123,200,101555,100,100113,20,101580,100,100034,100
2019-06-28 10:01:41.404025638,100995,180,100933,271,101063,180,100802,180,101069,180,100776,280,101086,180,100775,180,101102,200,100718,100,101184,100,100709,100,101327,100,100568,100,101356,100,100123,200,101555,100,100113,20,101580,100,100034,100
2019-06-28 10:01:42.366316151,100995,80,100933,271,101063,180,100802,180,101069,180,100776,280,101086,180,100775,180,101102,200,100718,100,101184,100,100709,100,101327,100,100568,100,101555,100,100123,200,101580,100,100113,20,101666,100,100034,100
2019-06-28 10:01:50.000000000,101063,164,100933,255,101069,164,100802,164,101086,164,100776,264,101102,264,100775,164,101184,164,100718,164,101327,100,100709,100,101555,100,100568,100,101580,100,100123,200,101666,100,100113,20,,,100034,100
2019-06-28 10:01:59.505662452,101063,164,100934,100,101069,164,100933,255,101086,164,100802,164,101102,264,100776,164,101184,164,100775,164,101327,100,100718,164,101555,100,100709,100,101580,100,100568,100,101666,100,100123,200,,,100113,20
2019-06-28 10:02:00.000000000,101063,180,100934,180,101069,180,100933,271,101086,180,100802,180,101102,280,100776,180,101184,100,100775,100,101327,100,100718,100,101555,100,100709,100,101580,100,100568,100,101666,100,100123,200,,,100113,20
2019-06-28 10:02:10.000000000,101063,209,100934,209,101069,206,100933,297,101086,206,100802,206,101102,200,100776,100,101184,100,100775,100,101327,100,100718,100,101555,100,100709,100,101580,100,100568,100,101666,100,100123,200,,,100113,20
2019-06-28 10:02:16.997731816,101063,109,100934,209,101069,206,100933,206,101086,206,100802,206,101102,200,100776,100,101184,100,100775,100,101327,100,100718,100,101555,100,100709,100,101580,100,100568,100,101666,100,100123,200,,,100113,20
2019-06-28 10:02:20.000000000,101069,180,100934,180,101086,180,100933,180,101102,280,100802,180,101184,180,100776,180,101327,100,100775,100,101555,100,100718,100,101580,100,100709,100,101666,100,100568,100,,,100123,200,,,100113,20
2019-06-28 10:02:21.977717246,101069,180,100934,180,101086,180,100933,180,101102,280,100802,180,101184,180,100776,180,101327,100,100775,100,101555,100,100709,100,101580,100,100568,100,101666,100,100123,200,101809,100,100113,20,,,100034,100
2019-06-28 10:02:30.000000000,101069,209,100934,209,101086,206,100933,206,101102,306,100802,206,101184,100,100776,100,101327,100,100775,100,101555,100,100709,100,101580,100,100568,100,101666,100,100123,200,101809,100,100113,20,,,100034,100
2019-06-28 10:02:30.557459919,101069,109,100934,209,101086,206,100933,206,101102,306,100802,206,101184,100,100776,100,101327,100,100775,100,101555,100,100709,100,101580,100,100568,100,101666,100,100123,200,101809,100,100113,20,,,100034,100
2019-06-28 10:02:38.722261011,101069,109,100934,209,101086,206,100933,206,101102,306,100802,206,101184,100,100776,100,101327,100,100775,100,101555,100,100709,100,101580,100,100568,100,101666,100,100123,200,101720,100,100113,20,101809,100,100034,100
2019-06-28 10:02:40.000000000,101086,420,100934,420,101102,200,100933,100,101184,100,100802,100,101327,100,100776,100,101555,100,100775,100,101580,100,100709,100,101666,100,100568,100,101720,100,100123,200,101809,100,100113,20,,,100034,100
2019-06-28 10:02:50.000000000,101086,260,100934,260,101102,360,100933,260,101184,100,100802,100,101327,100,100776,100,101555,100,100775,100,101580,100,100709,100,101666,100,100568,100,101720,100,100123,200,101809,100,100113,20,,,100034,100
2019-06-28 10:02:51.576613624,101086,160,100934,260,101102,360,100933,260,101184,100,100802,100,101327,100,100776,100,101555,100,100775,100,101580,100,100709,100,101666,100,100568,100,101720,100,100123,200,101809,100,100113,20,,,100034,100
2019-06-28 10:02:56.290096179,101086,160,101069,100,101102,360,100934,260,101184,100,100933,260,101327,100,100802,100,101555,100,100776,100,101580,100,100775,100,101666,100,100709,100,101720,100,100568,100,101809,100,100123,200,,,100113,20
2019-06-28 10:03:00.000000000,101102,280,101069,180,101184,180,100934,180,101327,180,100933,180,101555,180,100802,180,101580,100,100776,100,101666,100,100775,100,101720,100,100709,100,101809,100,100568,100,,,100123,200,,,100113,20
2019-06-28 10:03:00.343458469,101102,280,101069,280,101184,180,100934,180,101327,180,100933,180,101555,180,100802,180,101580,100,100776,100,101666,100,100775,100,101720,100,100709,100,101809,100,100568,100,,,100123,200,,,100113,20
2019-06-28 10:03:06.644946126,101102,280,101069,180,101184,180,100934,180,101327,180,100933,180,101555,180,100802,180,101580,100,100776,100,101666,100,100775,100,101720,100,100709,100,101809,100,100568,100,,,100123,200,,,100113,20
2019-06-28 10:03:10.000000000,101102,520,101069,420,101184,100,100934,100,101327,100,100933,100,101555,100,100802,100,101580,100,100776,100,101666,100,100775,100,101720,100,100709,100,101809,100,100568,100,,,100123,200,,,100113,20
2019-06-28 10:03:20.000000000,101102,309,101069,209,101184,206,100934,206,101327,206,100933,206,101555,100,100802,100,101580,100,100776,100,101666,100,100775,100,101720,100,100709,100,101809,100,100568,100,,,100123,200,,,100113,20
2019-06-28 10:03:28.112672697,101102,309,101069,209,101184,206,100934,206,101327,206,100933,206,101555,100,100802,100,101580,100,100776,100,101666,100,100775,100,101720,100,100709,100,101776,100,100568,100,101809,100,100123,200,,,100113,20
2019-06-28 10:03:30.000000000,101102,264,101069,164,101184,164,100934,164,101327,164,100933,164,101555,164,100802,164,101580,164,100776,164,101666,100,100775,100,101720,100,100709,100,101776,100,100568,100,101809,100,100123,200,,,100113,20
2019-06-28 10:03:40.000000000,101102,264,101069,164,101184,164,100934,164,101327,164,100933,164,101555,164,100802,164,101580,164,100776,164,101666,100,100775,100,101720,100,100709,100,101776,100,100568,100,101809,100,100123,200,,,100113,20
2019-06-28 10:03:50.000000000,101102,264,101069,164,101184,164,100934,164,101327,164,100933,164,101555,164,100802,164,101580,164,100776,164,101666,100,100775,100,101720,100,100709,100,101776,100,100568,100,101809,100,100123,200,,,100113,20
2019-06-28 10:03:56.119333071,101102,264,101069,164,101184,164,100934,164,101327,164,100933,164,101555,164,100802,164,101580,164,100776,164,101666,100,100775,100,101720,100,100709,100,101776,100,100568,100,101809,100,100123,200,101921,100,100113,20
2019-06-28 10:03:56.386561097,101102,264,101069,264,101184,164,100934,164,101327,164,100933,164,101555,164,100802,164,101580,164,100776,164,101666,100,100775,100,101720,100,100709,100,101776,100,100568,100,101809,100,100123,200,101921,100,100113,20
2019-06-28 10:04:00.000000000,101102,360,101069,360,101184,260,100934,260,101327,100,100933,100,101555,100,100802,100,101580,100,100776,100,101666,100,100775,100,101720,100,100709,100,101776,100,100568,100,101809,100,100123,200,101921,100,100113,20
2019-06-28 10:04:01.673392046,101102,360,101069,460,101184,260,100934,260,101327,100,100802,100,101555,100,100776,100,101580,100,100775,100,101666,100,100709,100,101720,100,100568,100,101776,100,100123,200,101809,100,100113,20,101921,100,100034,100
2019-06-28 10:04:10.000000000,101102,264,101069,364,101184,164,100934,164,101327,164,100802,164,101555,164,100776,164,101580,164,100775,164,101666,100,100709,100,101720,100,100568,100,101776,100,100123,200,101809,100,100113,20,101921,100,100034,100
2019-06-28 10:04:18.431200499,101102,264,101069,364,101184,164,100934,164,101327,164,100802,164,101555,164,100776,164,101580,164,100775,164,101666,100,100709,100,101720,100,100568,100,101776,100,100123,200,101809,100,100113,20,101921,100,100034,100
2019-06-28 10:04:20.000000000,101102,520,101069,620,101184,100,100934,100,101327,100,100802,100,101555,100,100776,100,101580,100,100775,100,101666,100,100709,100,101720,100,100568,100,101776,100,100123,200,101809,100,100113,20,101921,100,100034,100
2019-06-28 10:04:22.459297905,101102,520,101069,620,101184,100,100934,100,101250,100,100776,100,101327,100,100775,100,101555,100,100709,100,101580,100,100568,100,101666,100,100123,200,101720,100,100113,20,101776,100,100034,100,101809,100,99947,100
2019-06-28 10:04:24.641947993,101102,520,101069,720,101184,100,100934,100,101250,100,100776,100,101327,100,100775,100,101555,100,100709,100,101580,100,100568,100,101666,100,100123,200,101720,100,100113,20,101776,100,100034,100,101809,100,99947,100
2019-06-28 10:04:27.540299937,101102,520,101069,720,101184,100,100934,100,101250,100,100776,100,101327,100,100775,100,101506,100,100709,100,101555,100,100568,100,101580,100,100123,200,101666,100,100113,20,101720,100,100034,100,101776,100,99947,100
2019-06-28 10:04:30.000000000,101102,309,101069,509,101184,206,100934,206,101250,206,100776,206,101327,100,100775,100,101506,100,100709,100,101555,100,100568,100,101580,100,100123,200,101666,100,100113,20,101720,100,100034,100,101776,100,99947,100
2019-06-28 10:04:33.012818847,101102,309,101069,509,101184,206,100934,206,101230,100,100776,206,101250,206,100775,100,101327,100,100709,100,101506,100,100568,100,101555,100,100123,200,101580,100,100113,20,101666,100,100034,100,101720,100,99947,100
2019-06-28 10:04:38.790735704,101102,309,101069,609,101184,206,100934,206,101230,100,100776,206,101250,206,100775,100,101327,100,100709,100,101506,100,100568,100,101555,100,100123,200,101580,100,100113,20,101666,100,100034,100,101720,100,99947,100
2019-06-28 10:04:39.370915702,101102,309,101069,509,101184,206,100934,206,101230,100,100776,206,101250,206,100775,100,101327,100,100709,100,101506,100,100568,100,101555,100,100123,200,101580,100,100113,20,101666,100,100034,100,101720,100,99947,100
2019-06-28 10:04:40.000000000,101102,309,101069,509,101184,206,100934,206,101230,206,100776,206,101250,100,100775,100,101327,100,100709,100,101506,100,100568,100,101555,100,100123,200,101580,100,100113,20,101666,100,100034,100,101720,100,99947,100
2019-06-28 10:04:50.000000000,101102,360,101069,560,101184,260,100934,260,101230,100,100776,100,101250,100,100775,100,101327,100,100709,100,101506,100,100568,100,101555,100,100123,200,101580,100,100113,20,101666,100,100034,100,101720,100,99947,100
2019-06-28 10:05:00.000000000,101102,280,101069,480,101184,180,100934,180,101230,180,100776,180,101250,180,100775,180,101327,100,100709,100,101506,100,100568,100,101555,100,100123,200,101580,100,100113,20,101666,100,100034,100,101720,100,99947,100
2019-06-28 10:05:03.467775588,101102,280,101069,480,101184,180,100980,100,101230,180,100934,180,101250,180,100776,180,101506,100,100775,180,101555,100,100709,100,101580,100,100568,100,101666,100,100123,200,101720,100,100113,20,101776,100,100034,100
2019-06-28 10:05:09.187339793,101102,280,101069,480,101184,180,100980,100,101230,180,100934,180,101250,180,100776,180,101506,100,100775,180,101580,100,100748,100,101666,100,100709,100,101720,100,100568,100,101776,100,100123,200,101809,100,100113,20
2019-06-28 10:05:10.000000000,101102,520,101069,720,101184,100,100980,100,101230,100,100934,100,101250,100,100776,100,101506,100,100775,100,101580,100,100748,100,101666,100,100709,100,101720,100,100568,100,101776,100,100123,200,101809,100,100113,20
2019-06-28 10:05:20.000000000,101102,280,101069,480,101184,180,100980,180,101230,180,100934,180,101250,180,100776,180,101506,100,100775,100,101580,100,100748,100,101666,100,100709,100,101720,100,100568,100,101776,100,100123,200,101809,100,100113,20
2019-06-28 10:05:25.442796829,101102,280,101069,480,101184,180,100980,80,101230,180,100934,180,101250,180,100776,180,101506,100,100775,100,101580,100,100748,100,101666,100,100709,100,101720,100,100701,100,101776,100,100568,100,101809,100,100123,200
2019-06-28 10:05:30.000000000,101102,280,101069,480,101184,180,100934,180,101230,180,100776,180,101250,180,100775,180,101506,100,100748,100,101580,100,100709,100,101666,100,100701,100,101720,100,100568,100,101776,100,100123,200,101809,100,100113,20
2019-06-28 10:05:37.730280989,101085,100,101069,480,101102,280,100934,180,101184,180,100776,180,101230,180,100775,180,101250,180,100748,100,101506,100,100709,100,101580,100,100701,100,101666,100,100568,100,101720,100,100123,200,101776,100,100113,20
2019-06-28 10:05:40.000000000,101085,260,101069,560,101102,360,100934,260,101184,100,100776,100,101230,100,100775,100,101250,100,100748,100,101506,100,100709,100,101580,100,100701,100,101666,100,100568,100,101720,100,100123,200,101776,100,100113,20
2019-06-28 10:05:50.000000000,101085,209,101069,509,101102,306,100934,206,101184,206,100776,206,101230,100,100775,100,101250,100,100748,100,101506,100,100709,100,101580,100,100701,100,101666,100,100568,100,101720,100,100123,200,101776,100,100113,20
2019-06-28 10:06:00.000000000,101085,260,101069,560,101102,360,100934,260,101184,100,100776,100,101230,100,100775,100,101250,100,100748,100,101506,100,100709,100,101580,100,100701,100,101666,100,100568,100,101720,100,100123,200,101776,100,100113,20
2019-06-28 10:06:10.000000000,101085,209,101069,509,101102,306,100934,206,101184,206,100776,206,101230,100,100775,100,101250,100,100748,100,101506,100,100709,100,101580,100,100701,100,101666,100,100568,100,101720,100,100123,200,101776,100,100113,20
2019-06-28 10:06:10.748524440,101085,209,101069,509,101102,306,100934,206,101184,206,100802,100,101230,100,100776,206,101250,100,100775,100,101506,100,100748,100,101580,100,100709,100,101666,100,100701,100,101720,100,100568,100,101776,100,100123,200
2019-06-28 10:06:20.000000000,101085,260,101069,560,101102,360,100934,260,101184,100,100802,100,101230,100,100776,100,101250,100,100775,100,101506,100,100748,100,101580,100,100709,100,101666,100,100701,100,101720,100,100568,100,101776,100,100123,200
2019-06-28 10:06:27.295101381,101085,260,101069,460,101102,360,100934,260,101184,100,100802,100,101230,100,100776,100,101250,100,100775,100,101506,100,100748,100,101580,100,100709,100,101666,100,100701,100,101720,100,100568,100,101776,100,100123,200
