,ask_price_1,ask_size_1,bid_price_1,bid_size_1,ask_price_2,ask_size_2,bid_price_2,bid_size_2,ask_price_3,ask_size_3,bid_price_3,bid_size_3,ask_price_4,ask_size_4,bid_price_4,bid_size_4,ask_price_5,ask_size_5,bid_price_5,bid_size_5,ask_price_6,ask_size_6,bid_price_6,bid_size_6,ask_price_7,ask_size_7,bid_price_7,bid_size_7,ask_price_8,ask_size_8,bid_price_8,bid_size_8,ask_price_9,ask_size_9,bid_price_9,bid_size_9,ask_price_10,ask_size_10,bid_price_10,bid_size_10
2019-06-28 09:30:00.000000001,99996,100,,,100058,100,,,,,,,,,,,,,,,,,,,,,,,,,,,,,,,,,,
2019-06-28 09:30:00.000000004,100058,100,,,,,,,,,,,,,,,,,,,,,,,,,,,,,,,,,,,,,,
2019-06-28 09:30:00.000000005,100058,100,100053,100,100059,100,99922,100,,,,,,,,,,,,,,,,,,,,,,,,,,,,,,,,
2019-06-28 09:30:00.000000009,100058,100,100053,100,100059,100,100006,100,100139,100,99922,100,100190,100,,,,,,,,,,,,,,,,,,,,,,,,,,
2019-06-28 09:30:00.000000011,100058,100,100053,100,100059,100,100006,100,100095,100,99942,100,100139,100,99922,100,100171,100,,,100190,100,,,,,,,,,,,,,,,,,,
2019-06-28 09:30:00.000000015,100058,100,100006,100,100059,100,99942,100,100095,100,99922,100,100139,100,,,100171,100,,,100190,100,,,100220,100,,,,,,,,,,,,,,
2019-06-28 09:30:00.000000016,100058,100,100007,100,100059,100,100006,100,100095,100,99942,100,100139,100,99922,100,100171,100,,,100190,100,,,100220,100,,,,,,,,,,,,,,
2019-06-28 09:30:00.000000017,100058,100,100007,200,100059,100,100006,100,100095,100,99942,100,100097,100,99922,100,100139,100,,,100171,100,,,100190,100,,,100220,100,,,,,,,,,,
2019-06-28 09:30:00.000000021,100058,100,100007,100,100059,100,100006,100,100095,100,99942,100,100097,100,99922,100,100117,100,,,100139,100,,,100171,100,,,100190,100,,,100220,100,,,,,,
2019-06-28 09:30:00.000000022,100058,100,100007,100,100059,100,100006,100,100095,100,99957,100,100097,100,99942,100,100117,100,99922,100,100139,100,,,100171,100,,,100190,100,,,100220,100,,,,,,
2019-06-28 09:30:00.000000026,100058,100,100007,100,100059,100,100006,100,100095,100,99957,100,100097,200,99942,100,100117,100,99922,100,100139,100,,,100171,100,,,100190,100,,,100220,100,,,,,,
2019-06-28 09:30:00.000000028,100055,100,100007,100,100058,100,100006,100,100059,100,99957,100,100095,100,99942,100,100097,200,99922,100,100117,100,,,100139,100,,,100171,100,,,100190,100,,,100220,100,,
2019-06-28 09:30:00.000000029,100055,100,100008,100,100058,100,100007,100,100059,100,100006,100,100095,100,99957,100,100097,200,99942,100,100117,100,99922,100,100139,100,,,100150,100,,,100171,100,,,100190,100,,
2019-06-28 09:30:00.000000030,100055,100,100008,100,100058,100,100007,100,100059,100,100006,100,100095,100,99957,100,100097,200,99942,100,100117,100,99922,100,100139,100,99910,100,100150,100,,,100171,100,,,100190,100,,
2019-06-28 09:30:00.000000032,100055,100,100008,100,100058,100,100007,100,100059,100,100006,100,100095,100,99957,100,100097,200,99942,100,100117,100,99932,100,100139,100,99922,100,100150,100,99910,100,100171,100,,,100190,100,,
2019-06-28 09:30:00.000000035,100055,100,100008,200,100058,100,100007,100,100059,100,100006,100,100095,100,99957,100,100097,200,99942,100,100117,100,99932,100,100139,100,99922,100,100150,100,99910,100,100171,100,,,100190,100,,
2019-06-28 09:30:00.000000037,100055,100,100008,200,100058,100,100007,100,100059,100,100006,200,100095,100,99965,100,100097,200,99957,100,100117,100,99942,100,100139,100,99932,100,100150,100,99922,100,100171,100,99910,100,100190,100,99802,100
2019-06-28 09:30:00.000000045,100055,100,100022,100,100058,100,100008,200,100059,100,100007,100,100095,100,100006,200,100097,200,99965,100,100117,100,99957,100,100139,100,99942,100,100150,100,99932,100,100171,100,99922,100,100190,100,99910,100
2019-06-28 09:30:00.000000046,100055,100,100022,100,100058,100,100008,200,100059,100,100007,100,100095,100,100006,200,100097,200,99965,100,100117,100,99957,100,100139,100,99942,100,100150,100,99932,100,100171,100,99922,100,100190,100,99910,100
2019-06-28 09:30:00.000000047,100055,100,100022,100,100058,100,100008,200,100059,100,100007,100,100095,100,100006,200,100097,200,99965,100,100117,100,99957,200,100139,100,99942,100,100150,100,99932,100,100171,100,99924,100,100190,100,99922,100
2019-06-28 09:30:00.000000048,100053,100,100022,100,100055,100,100008,200,100058,100,100007,100,100059,100,100006,200,100095,100,99965,100,100097,200,99957,200,100117,100,99942,100,100122,100,99932,100,100139,100,99924,100,100150,100,99922,100
2019-06-28 09:30:00.000000050,100053,100,100022,100,100055,100,100011,100,100058,100,100008,200,100059,100,100007,100,100095,100,100006,200,100097,200,99965,100,100117,100,99957,200,100122,100,99942,100,100139,100,99932,100,100150,100,99924,100
2019-06-28 09:30:00.000000053,100053,200,100022,100,100055,100,100011,100,100058,100,100008,200,100059,100,100007,100,100095,100,100006,200,100097,200,99965,100,100117,100,99957,200,100122,100,99942,100,100139,100,99932,100,100150,100,99924,100
2019-06-28 09:30:00.000000058,100053,200,100011,100,100055,100,100008,200,100058,100,100007,100,100059,100,100006,200,100095,100,99965,100,100097,200,99957,200,100117,100,99942,100,100122,100,99932,100,100139,100,99924,100,100150,100,99922,100
2019-06-28 09:30:00.000000059,100053,200,100011,100,100055,100,100008,200,100058,100,100007,100,100059,100,100006,200,100095,100,99965,100,100097,200,99957,200,100117,100,99942,100,100122,100,99932,100,100139,100,99924,100,100150,100,99922,100
2019-06-28 09:30:00.000000060,100053,200,100011,100,100055,100,100008,200,100058,100,100007,100,100059,100,100006,200,100095,100,99965,100,100097,200,99957,200,100117,100,99952,100,100122,100,99942,100,100139,100,99932,100,100150,100,99924,100
2019-06-28 09:30:00.000000062,100022,100,100011,100,100053,200,100008,200,100055,100,100007,100,100058,100,100006,200,100059,100,99981,100,100061,100,99965,100,100095,100,99957,200,100097,200,99952,100,100117,100,99942,100,100122,100,99932,100
2019-06-28 09:30:00.000000063,100022,100,100011,100,100053,200,100008,200,100055,100,100007,100,100058,100,100006,200,100059,100,99981,100,100061,100,99965,100,100095,100,99957,200,100097,200,99952,100,100117,100,99942,100,100122,100,99932,100
2019-06-28 09:30:00.000000065,100011,100,100008,200,100022,100,100007,100,100053,200,100006,200,100055,100,99990,100,100058,100,99981,100,100059,100,99965,100,100061,100,99957,200,100095,100,99952,100,100097,200,99942,100,100117,100,99932,100
2019-06-28 09:30:00.000000067,100011,100,100008,200,100021,100,100007,100,100022,100,100006,200,100053,200,99990,100,100055,100,99981,100,100058,100,99965,100,100059,100,99957,200,100061,100,99952,100,100095,100,99942,100,100097,200,99932,100
2019-06-28 09:30:00.000000070,100011,100,100008,200,100021,100,100007,100,100022,100,100006,200,100053,200,99990,100,100055,100,99981,100,100058,100,99965,100,100059,100,99957,200,100061,100,99952,100,100077,100,99942,100,100095,100,99932,100
2019-06-28 09:30:00.000000071,100011,100,100008,200,100021,100,100007,100,100022,100,100006,200,100053,200,99990,100,100055,100,99981,100,100058,100,99965,100,100059,100,99957,200,100061,100,99952,100,100077,100,99942,100,100085,100,99932,100
2019-06-28 09:30:00.000000072,100011,100,100008,200,100021,100,100007,100,100022,100,100006,200,100053,200,99990,100,100055,100,99981,100,100058,100,99965,100,100059,100,99957,200,100061,100,99952,100,100077,100,99942,100,100085,100,99932,100
2019-06-28 09:30:00.000000076,100011,100,100008,100,100021,100,100007,100,100022,100,100006,200,100053,200,99990,100,100055,100,99981,100,100058,100,99965,100,100059,100,99957,200,100061,100,99952,100,100077,100,99942,100,100085,100,99932,100
2019-06-28 09:30:00.000000079,100010,100,100008,200,100011,100,100007,100,100021,100,100006,200,100022,100,99990,100,100053,200,99981,100,100055,100,99965,100,100058,100,99957,200,100059,100,99952,100,100061,100,99942,100,100077,100,99932,100
2019-06-28 09:30:00.000000081,100010,100,100008,200,100011,100,100007,100,100021,100,100006,200,100022,100,99990,100,100046,100,99981,100,100053,200,99965,100,100055,100,99957,200,100058,100,99952,100,100059,100,99942,100,100061,100,99932,100
2019-06-28 09:30:00.000000083,100010,100,100008,200,100011,100,100007,100,100021,100,100006,200,100022,100,99990,100,100046,100,99981,100,100053,200,99965,100,100055,100,99957,200,100058,100,99952,100,100059,100,99942,100,100061,100,99932,100
2019-06-28 09:30:00.000000085,100010,100,100008,200,100011,100,100007,100,100021,100,100006,200,100022,100,99990,100,100046,100,99981,100,100053,200,99965,100,100055,100,99957,200,100058,100,99952,100,100059,100,99942,100,100061,100,99932,100
2019-06-28 09:30:00.000000086,100010,100,100008,200,100011,100,100007,100,100021,100,100006,200,100022,100,99990,100,100046,100,99981,100,100053,200,99965,100,100055,100,99957,200,100058,100,99952,100,100059,100,99942,100,100061,100,99932,100
2019-06-28 09:30:00.000000094,100010,100,100008,200,100011,100,100007,100,100021,100,100006,200,100022,100,99990,100,100046,100,99981,100,100053,200,99965,100,100055,100,99957,200,100058,100,99952,100,100059,100,99942,100,100061,100,99932,100
2019-06-28 09:30:00.000000095,100010,100,100008,200,100011,100,100007,100,100021,100,100006,200,100022,100,99990,100,100046,100,99981,100,100053,200,99965,100,100055,100,99957,200,100058,100,99952,100,100059,100,99942,100,100061,100,99932,100
2019-06-28 09:30:00.000000096,100011,100,100008,200,100021,100,100007,100,100022,100,100006,200,100046,100,99990,100,100053,200,99981,100,100055,100,99965,100,100058,100,99957,200,100059,100,99952,100,100061,100,99942,100,100074,100,99932,100
2019-06-28 09:30:00.000000098,100010,100,100008,200,100011,100,100007,100,100021,100,100006,200,100022,100,99990,100,100046,100,99981,100,100053,200,99965,100,100055,100,99957,200,100058,100,99952,100,100059,100,99942,100,100061,100,99932,100
2019-06-28 09:30:10.000000000,100010,224,100008,324,100011,224,100007,224,100021,224,100006,324,100022,224,99990,224,100046,100,99981,100,100053,200,99965,100,100055,100,99957,200,100058,100,99952,100,100059,100,99942,100,100061,100,99932,100
2019-06-28 09:30:18.097087458,100010,224,100008,324,100011,224,100007,224,100021,224,100006,324,100022,224,99990,224,100037,100,99981,100,100046,100,99965,100,100053,200,99957,200,100055,100,99952,100,100058,100,99942,100,100059,100,99932,100
2019-06-28 09:30:20.000000000,100010,594,100008,694,100011,100,100007,100,100021,100,100006,200,100022,100,99990,100,100037,100,99981,100,100046,100,99965,100,100053,200,99957,200,100055,100,99952,100,100058,100,99942,100,100059,100,99932,100
2019-06-28 09:30:30.000000000,100010,199,100008,299,100011,199,100007,199,100021,199,100006,299,100022,199,99990,199,100037,199,99981,199,100046,100,99965,100,100053,200,99957,200,100055,100,99952,100,100058,100,99942,100,100059,100,99932,100
2019-06-28 09:30:34.682619726,100010,199,100008,299,100011,199,100007,199,100021,199,100006,299,100022,199,99990,199,100037,199,99981,199,100046,100,99979,100,100053,200,99965,100,100055,100,99957,200,100058,100,99952,100,100059,100,99942,100
2019-06-28 09:30:40.000000000,100010,594,100008,694,100011,100,100007,100,100021,100,100006,200,100022,100,99990,100,100037,100,99981,100,100046,100,99979,100,100053,200,99965,100,100055,100,99957,200,100058,100,99952,100,100059,100,99942,100
2019-06-28 09:30:46.423695617,100010,594,100008,694,100011,100,100007,100,100021,100,100006,200,100022,100,99990,100,100037,100,99981,100,100046,100,99979,100,100053,200,99957,200,100055,100,99952,100,100058,100,99950,100,100059,100,99942,100
2019-06-28 09:30:47.837455813,100010,594,100008,694,100011,100,100007,100,100021,100,100006,200,100022,100,99990,100,100037,100,99981,100,100046,100,99979,100,100053,200,99957,200,100055,100,99952,100,100058,100,99950,100,100059,100,99942,100
2019-06-28 09:30:50.000000000,100010,268,100008,368,100011,263,100007,263,100021,263,100006,363,100022,100,99990,100,100037,100,99981,100,100046,100,99979,100,100053,200,99957,200,100055,100,99952,100,100058,100,99950,100,100059,100,99942,100
2019-06-28 09:30:55.021429968,100010,268,100008,368,100011,263,100007,263,100021,263,100006,363,100022,100,99990,100,100037,100,99981,100,100046,100,99979,100,100053,200,99957,200,100055,100,99952,100,100058,100,99950,100,100059,100,99942,100
2019-06-28 09:31:00.000000000,100010,594,100008,694,100011,100,100007,100,100021,100,100006,200,100022,100,99990,100,100037,100,99981,100,100046,100,99979,100,100053,200,99957,200,100055,100,99952,100,100058,100,99950,100,100059,100,99942,100
2019-06-28 09:31:10.000000000,100010,199,100008,299,100011,199,100007,199,100021,199,100006,299,100022,199,99990,199,100037,199,99981,199,100046,100,99979,100,100053,200,99957,200,100055,100,99952,100,100058,100,99950,100,100059,100,99942,100
2019-06-28 09:31:20.000000000,100010,347,100008,447,100011,347,100007,347,100021,100,100006,200,100022,100,99990,100,100037,100,99981,100,100046,100,99979,100,100053,200,99957,200,100055,100,99952,100,100058,100,99950,100,100059,100,99942,100
2019-06-28 09:31:30.000000000,100010,224,100008,324,100011,224,100007,224,100021,224,100006,324,100022,224,99990,224,100037,100,99981,100,100046,100,99979,100,100053,200,99957,200,100055,100,99952,100,100058,100,99950,100,100059,100,99942,100
2019-06-28 09:31:40.000000000,100010,268,100008,368,100011,263,100007,263,100021,263,100006,363,100022,100,99990,100,100037,100,99981,100,100046,100,99979,100,100053,200,99957,200,100055,100,99952,100,100058,100,99950,100,100059,100,99942,100
2019-06-28 09:31:50.000000000,100010,199,100008,299,100011,199,100007,199,100021,199,100006,299,100022,199,99990,199,100037,199,99981,199,100046,100,99979,100,100053,200,99957,200,100055,100,99952,100,100058,100,99950,100,100059,100,99942,100
2019-06-28 09:31:52.060860796,100010,299,100008,299,100011,199,100007,199,100021,99,100006,299,100022,199,99990,199,100037,199,99981,199,100046,100,99979,100,100053,200,99957,200,100055,100,99952,100,100058,100,99950,100,100059,100,99942,100
2019-06-28 09:32:00.000000000,100010,368,100008,368,100011,263,100007,263,100022,263,100006,363,100037,100,99990,100,100046,100,99981,100,100053,200,99979,100,100055,100,99957,200,100058,100,99952,100,100059,100,99950,100,100061,100,99942,100
2019-06-28 09:32:10.000000000,100010,324,100008,324,100011,224,100007,224,100022,224,100006,324,100037,224,99990,224,100046,100,99981,100,100053,200,99979,100,100055,100,99957,200,100058,100,99952,100,100059,100,99950,100,100061,100,99942,100
2019-06-28 09:32:13.248333888,100010,324,100008,324,100011,224,100007,224,100022,224,100006,324,100037,224,99990,224,100046,100,99981,100,100053,200,99979,100,100055,100,99957,200,100058,100,99952,100,100059,100,99950,100,100061,100,99942,100
2019-06-28 09:32:20.000000000,100010,324,100008,324,100011,224,100007,224,100022,224,100006,324,100037,224,99990,224,100046,100,99981,100,100053,200,99979,100,100055,100,99957,200,100058,100,99952,100,100059,100,99950,100,100061,100,99942,100
2019-06-28 09:32:26.297217552,100010,224,100008,324,100011,224,100007,224,100022,224,100006,324,100037,224,99990,224,100046,100,99981,100,100053,200,99979,100,100055,100,99957,200,100058,100,99952,100,100059,100,99942,100,100061,100,99932,100
2019-06-28 09:32:30.000000000,100010,594,100008,694,100011,100,100007,100,100022,100,100006,200,100037,100,99990,100,100046,100,99981,100,100053,200,99979,100,100055,100,99957,200,100058,100,99952,100,100059,100,99942,100,100061,100,99932,100
2019-06-28 09:32:30.398515963,100010,494,100008,694,100011,100,100007,100,100022,100,100006,200,100037,100,99990,100,100046,100,99979,100,100053,200,99957,200,100055,100,99952,100,100058,100,99942,100,100059,100,99932,100,100061,100,99927,200
2019-06-28 09:32:33.655983375,100010,494,100008,694,100011,100,100007,100,100022,100,100006,200,100037,100,99990,100,100046,100,99979,100,100053,200,99957,200,100055,100,99952,100,100058,100,99942,100,100059,100,99932,100,100061,100,99927,200
2019-06-28 09:32:40.000000000,100011,268,100008,368,100022,263,100007,263,100037,263,100006,363,100046,100,99990,100,100053,200,99979,100,100055,100,99957,200,100058,100,99952,100,100059,100,99942,100,100061,100,99932,100,100074,100,99927,200
2019-06-28 09:32:43.651780994,100011,268,100008,368,100022,263,100007,263,100024,100,100006,363,100037,263,99990,100,100046,100,99979,100,100053,200,99957,200,100055,100,99952,100,100058,100,99942,100,100059,100,99932,100,100061,100,99927,200
2019-06-28 09:32:50.000000000,100011,347,100008,447,100022,347,100007,347,100024,100,100006,200,100037,100,99990,100,100046,100,99979,100,100053,200,99957,200,100055,100,99952,100,100058,100,99942,100,100059,100,99932,100,100061,100,99927,200
2019-06-28 09:32:53.050233717,100011,347,100008,347,100022,347,100007,347,100024,100,100006,100,100037,100,99990,100,100046,100,99979,100,100053,200,99957,200,100055,100,99952,100,100058,100,99942,100,100059,100,99932,100,100061,100,99927,200
2019-06-28 09:33:00.000000000,100011,224,100008,224,100022,224,100007,224,100024,224,100006,224,100037,224,99990,224,100046,100,99979,100,100053,200,99957,200,100055,100,99952,100,100058,100,99942,100,100059,100,99932,100,100061,100,99927,200
2019-06-28 09:33:05.872907014,100009,100,100008,224,100011,224,100007,224,100022,224,100006,224,100024,224,99990,224,100037,224,99979,100,100046,100,99957,200,100053,200,99952,100,100055,100,99942,100,100058,100,99932,100,100061,100,99927,200
2019-06-28 09:33:06.610271453,100009,100,100008,224,100011,224,100007,224,100022,224,100006,224,100024,224,99990,224,100037,224,99979,100,100046,100,99957,200,100053,200,99952,100,100055,100,99942,100,100058,100,99932,100,100061,100,99927,200
2019-06-28 09:33:10.000000000,100009,224,100008,224,100011,224,100007,224,100022,224,100006,224,100024,224,99990,224,100037,100,99979,100,100046,100,99957,200,100053,200,99952,100,100055,100,99942,100,100058,100,99932,100,100061,100,99927,200
2019-06-28 09:33:16.574117864,100009,224,100008,224,100011,224,100007,224,100022,224,100006,224,100024,224,99990,224,100037,100,99979,100,100046,100,99957,200,100053,200,99952,100,100055,100,99942,100,100058,100,99932,100,100061,100,99927,200
2019-06-28 09:33:20.000000000,100009,268,100008,268,100011,263,100007,263,100022,263,100006,263,100024,100,99990,100,100037,100,99979,100,100046,100,99957,200,100053,200,99952,100,100055,100,99942,100,100058,100,99932,100,100061,100,99927,200
2019-06-28 09:33:30.000000000,100009,594,100008,594,100011,100,100007,100,100022,100,100006,100,100024,100,99990,100,100037,100,99979,100,100046,100,99957,200,100053,200,99952,100,100055,100,99942,100,100058,100,99932,100,100061,100,99927,200
2019-06-28 09:33:38.596974238,100009,594,100008,594,100011,100,100007,100,100022,100,100006,100,100024,100,99990,100,100037,100,99979,100,100046,100,99957,200,100053,200,99952,100,100055,100,99942,100,100058,100,99932,100,100061,100,99927,200
2019-06-28 09:33:40.000000000,100009,268,100008,268,100011,263,100007,263,100022,263,100006,263,100024,100,99990,100,100037,100,99979,100,100046,100,99957,200,100053,200,99952,100,100055,100,99942,100,100058,100,99932,100,100061,100,99927,200
2019-06-28 09:33:50.000000000,100009,594,100008,594,100011,100,100007,100,100022,100,100006,100,100024,100,99990,100,100037,100,99979,100,100046,100,99957,200,100053,200,99952,100,100055,100,99942,100,100058,100,99932,100,100061,100,99927,200
2019-06-28 09:33:57.158024977,100009,594,100008,494,100022,100,100007,100,100024,100,100006,100,100037,100,99990,100,100046,100,99979,100,100053,200,99957,200,100055,100,99952,100,100058,100,99942,100,100061,100,99932,100,100074,100,99927,200
2019-06-28 09:34:00.000000000,100009,199,100007,199,100022,199,100006,199,100024,199,99990,199,100037,199,99979,199,100046,199,99957,299,100053,200,99952,100,100055,100,99942,100,100058,100,99932,100,100061,100,99927,200,100074,100,99924,100
2019-06-28 09:34:06.481714263,100009,199,100007,99,100022,199,100006,199,100024,199,99990,199,100037,199,99979,199,100046,199,99957,299,100053,200,99952,100,100055,100,99942,100,100058,100,99932,100,100061,100,99927,200,100074,100,99924,100
2019-06-28 09:34:09.565960550,100009,199,100007,99,100022,199,100006,199,100024,199,99990,199,100037,199,99979,199,100046,199,99957,299,100053,200,99952,100,100055,100,99942,100,100058,100,99932,100,100061,100,99927,200,100074,100,99924,100
2019-06-28 09:34:10.000000000,100009,594,100006,594,100022,100,99990,100,100024,100,99979,100,100037,100,99957,200,100046,100,99952,100,100053,200,99942,100,100055,100,99932,100,100058,100,99927,200,100061,100,99924,100,100074,100,99922,100
2019-06-28 09:34:20.000000000,100009,594,100006,594,100022,100,99990,100,100024,100,99979,100,100037,100,99957,200,100046,100,99952,100,100053,200,99942,100,100055,100,99932,100,100058,100,99927,200,100061,100,99924,100,100074,100,99922,100
2019-06-28 09:34:30.000000000,100009,199,100006,199,100022,199,99990,199,100024,199,99979,199,100037,199,99957,299,100046,199,99952,199,100053,200,99942,100,100055,100,99932,100,100058,100,99927,200,100061,100,99924,100,100074,100,99922,100
2019-06-28 09:34:40.000000000,100009,594,100006,594,100022,100,99990,100,100024,100,99979,100,100037,100,99957,200,100046,100,99952,100,100053,200,99942,100,100055,100,99932,100,100058,100,99927,200,100061,100,99924,100,100074,100,99922,100
2019-06-28 09:34:50.000000000,100009,268,100006,268,100022,263,99990,263,100024,263,99979,263,100037,100,99957,200,100046,100,99952,100,100053,200,99942,100,100055,100,99932,100,100058,100,99927,200,100061,100,99924,100,100074,100,99922,100
2019-06-28 09:34:52.243684374,100009,268,100006,168,100022,263,99990,263,100024,263,99979,263,100037,100,99957,200,100046,100,99952,100,100053,200,99942,100,100055,100,99932,100,100058,100,99927,200,100061,100,99924,100,100074,100,99922,100
2019-06-28 09:35:00.000000000,100009,199,99990,199,100022,199,99979,199,100024,199,99957,299,100037,199,99952,199,100046,199,99942,199,100053,200,99932,100,100055,100,99927,200,100058,100,99924,100,100061,100,99922,100,100074,100,99912,100
2019-06-28 09:35:10.000000000,100009,594,99990,594,100022,100,99979,100,100024,100,99957,200,100037,100,99952,100,100046,100,99942,100,100053,200,99932,100,100055,100,99927,200,100058,100,99924,100,100061,100,99922,100,100074,100,99912,100
2019-06-28 09:35:20.000000000,100009,224,99990,224,100022,224,99979,224,100024,224,99957,324,100037,224,99952,224,100046,100,99942,100,100053,200,99932,100,100055,100,99927,200,100058,100,99924,100,100061,100,99922,100,100074,100,99912,100
2019-06-28 09:35:30.000000000,100009,224,99990,224,100022,224,99979,224,100024,224,99957,324,100037,224,99952,224,100046,100,99942,100,100053,200,99932,100,100055,100,99927,200,100058,100,99924,100,100061,100,99922,100,100074,100,99912,100
2019-06-28 09:35:34.271834102,100009,224,100008,100,100022,224,99990,224,100024,224,99979,224,100037,224,99957,324,100046,100,99952,224,100053,200,99942,100,100055,100,99932,100,100058,100,99927,200,100061,100,99924,100,100074,100,99922,100
2019-06-28 09:35:40.000000000,100009,199,100008,199,100022,199,99990,199,100024,199,99979,199,100037,199,99957,299,100046,199,99952,199,100053,200,99942,100,100055,100,99932,100,100058,100,99927,200,100061,100,99924,100,100074,100,99922,100
2019-06-28 09:35:47.671530571,100009,199,100008,199,100022,199,99990,199,100024,199,99979,199,100037,199,99957,299,100046,199,99952,199,100053,200,99942,100,100055,100,99932,100,100058,100,99927,200,100061,100,99924,100,100074,100,99922,100
2019-06-28 09:35:50.000000000,100009,199,100008,199,100022,199,99990,199,100024,199,99979,199,100037,199,99957,299,100046,199,99952,199,100053,200,99942,100,100055,100,99932,100,100058,100,99927,200,100061,100,99924,100,100074,100,99922,100
2019-06-28 09:36:00.000000000,100009,224,100008,224,100022,224,99990,224,100024,224,99979,224,100037,224,99957,324,100046,100,99952,100,100053,200,99942,100,100055,100,99932,100,100058,100,99927,200,100061,100,99924,100,100074,100,99922,100
2019-06-28 09:36:00.380843818,100009,224,100008,224,100022,224,99990,224,100024,224,99979,224,100037,224,99957,324,100046,100,99952,100,100053,200,99942,100,100055,100,99932,100,100058,100,99927,200,100061,100,99924,100,100077,100,99922,100
2019-06-28 09:36:10.000000000,100009,224,100008,224,100022,224,99990,224,100024,224,99979,224,100037,224,99957,324,100046,100,99952,100,100053,200,99942,100,100055,100,99932,100,100058,100,99927,200,100061,100,99924,100,100077,100,99922,100
2019-06-28 09:36:14.187220339,100009,224,100008,224,100022,224,99990,224,100024,224,99979,224,100037,224,99957,324,100046,100,99952,100,100053,200,99942,100,100055,100,99932,100,100058,100,99927,200,100061,100,99924,100,100077,100,99912,100
2019-06-28 09:36:20.000000000,100009,594,100008,594,100022,100,99990,100,100024,100,99979,100,100037,100,99957,200,100046,100,99952,100,100053,200,99942,100,100055,100,99932,100,100058,100,99927,200,100061,100,99924,100,100077,100,99912,100
2019-06-28 09:36:30.000000000,100009,268,100008,268,100022,263,99990,263,100024,263,99979,263,100037,100,99957,200,100046,100,99952,100,100053,200,99942,100,100055,100,99932,100,100058,100,99927,200,100061,100,99924,100,100077,100,99912,100
2019-06-28 09:36:37.774365932,100009,268,100008,368,100022,263,99990,263,100024,263,99979,263,100037,100,99957,200,100046,100,99952,100,100053,200,99942,100,100055,100,99932,100,100058,100,99927,200,100061,100,99924,100,100077,100,99912,100
2019-06-28 09:36:40.000000000,100009,347,100008,447,100022,347,99990,347,100024,100,99979,100,100037,100,99957,200,100046,100,99952,100,100053,200,99942,100,100055,100,99932,100,100058,100,99927,200,100061,100,99924,100,100077,100,99912,100
2019-06-28 09:36:48.847393397,100009,347,100008,547,100022,347,99990,347,100024,100,99979,100,100037,100,99957,200,100046,100,99952,100,100053,200,99942,100,100055,100,99932,100,100058,100,99927,200,100061,100,99924,100,100077,100,99912,100
2019-06-28 09:36:50.000000000,100009,268,100008,468,100022,263,99990,263,100024,263,99979,263,100037,100,99957,200,100046,100,99952,100,100053,200,99942,100,100055,100,99932,100,100058,100,99927,200,100061,100,99924,100,100077,100,99912,100
2019-06-28 09:36:55.210832174,100009,168,100008,468,100022,263,99990,263,100024,263,99979,263,100037,100,99957,200,100046,100,99952,100,100053,200,99942,100,100055,100,99932,100,100058,100,99927,200,100061,100,99924,100,100077,100,99912,100
2019-06-28 09:37:00.000000000,100022,199,100008,399,100024,199,99990,199,100037,199,99979,199,100046,199,99957,299,100053,299,99952,199,100055,100,99942,100,100058,100,99932,100,100061,100,99927,200,100077,100,99924,100,100085,100,99912,100
2019-06-28 09:37:10.000000000,100022,199,100008,399,100024,199,99990,199,100037,199,99979,199,100046,199,99957,299,100053,299,99952,199,100055,100,99942,100,100058,100,99932,100,100061,100,99927,200,100077,100,99924,100,100085,100,99912,100
2019-06-28 09:37:14.023372826,100022,99,100008,399,100024,199,99990,199,100037,199,99979,199,100046,199,99957,299,100053,299,99952,199,100055,100,99942,100,100058,100,99932,100,100061,100,99927,200,100077,100,99924,100,100085,100,99912,100
2019-06-28 09:37:20.000000000,100024,347,100008,547,100037,347,99990,347,100046,100,99979,100,100053,200,99957,200,100055,100,99952,100,100058,100,99942,100,100061,100,99932,100,100077,100,99927,200,100085,100,99924,100,100095,100,99912,100
2019-06-28 09:37:30.000000000,100024,199,100008,399,100037,199,99990,199,100046,199,99979,199,100053,299,99957,299,100055,199,99952,199,100058,100,99942,100,100061,100,99932,100,100077,100,99927,200,100085,100,99924,100,100095,100,99912,100
2019-06-28 09:37:38.721626005,100024,99,100008,399,100037,199,99990,199,100046,199,99979,199,100053,299,99957,299,100055,199,99952,199,100058,100,99942,100,100061,100,99932,100,100077,100,99927,200,100085,100,99924,100,100095,100,99912,100
2019-06-28 09:37:38.868345807,100037,199,100024,1,100046,199,100008,399,100053,299,99990,199,100055,199,99979,199,100058,100,99957,299,100061,100,99952,199,100077,100,99942,100,100085,100,99932,100,100095,100,99927,200,100097,100,99924,100
2019-06-28 09:37:40.000000000,100037,594,100024,495,100046,100,100008,300,100053,200,99990,100,100055,100,99979,100,100058,100,99957,200,100061,100,99952,100,100077,100,99942,100,100085,100,99932,100,100095,100,99927,200,100097,100,99924,100
2019-06-28 09:37:46.619263371,100037,594,100024,595,100046,100,100008,300,100053,200,99990,100,100055,100,99979,100,100058,100,99957,200,100061,100,99952,100,100077,100,99942,100,100085,100,99932,100,100095,100,99927,200,100097,100,99924,100
2019-06-28 09:37:50.000000000,100037,199,100024,200,100046,199,100008,399,100053,299,99990,199,100055,199,99979,199,100058,199,99957,299,100061,100,99952,100,100077,100,99942,100,100085,100,99932,100,100095,100,99927,200,100097,100,99924,100
2019-06-28 09:37:51.092374016,100037,99,100024,200,100046,199,100008,399,100053,299,99990,199,100055,199,99979,199,100058,199,99957,299,100061,100,99952,100,100077,100,99942,100,100085,100,99932,100,100095,100,99927,200,100097,100,99924,100
2019-06-28 09:38:00.000000000,100046,347,100024,348,100053,447,100008,547,100055,100,99990,100,100058,100,99979,100,100061,100,99957,200,100077,100,99952,100,100085,100,99942,100,100095,100,99932,100,100097,100,99927,200,100123,100,99924,100
2019-06-28 09:38:09.672156111,100046,347,100024,248,100053,447,100008,547,100055,100,99990,100,100058,100,99979,100,100061,100,99957,200,100077,100,99952,100,100085,100,99942,100,100095,100,99932,100,100097,100,99927,200,100123,100,99924,100
2019-06-28 09:38:09.770124389,100046,347,100024,248,100053,447,100008,547,100055,100,99990,100,100058,100,99979,100,100061,100,99957,200,100077,100,99952,100,100085,100,99942,100,100095,100,99932,100,100097,100,99927,200,100123,100,99924,100
2019-06-28 09:38:10.000000000,100046,268,100024,169,100053,363,100008,463,100055,263,99990,263,100058,100,99979,100,100061,100,99957,200,100077,100,99952,100,100085,100,99942,100,100095,100,99932,100,100097,100,99927,200,100123,100,99924,100
2019-06-28 09:38:20.000000000,100046,347,100024,248,100053,447,100008,547,100055,100,99990,100,100058,100,99979,100,100061,100,99957,200,100077,100,99952,100,100085,100,99942,100,100095,100,99932,100,100097,100,99927,200,100123,100,99924,100
2019-06-28 09:38:30.000000000,100046,224,100024,125,100053,324,100008,424,100055,224,99990,224,100058,224,99979,224,100061,100,99957,200,100077,100,99952,100,100085,100,99942,100,100095,100,99932,100,100097,100,99927,200,100123,100,99924,100
2019-06-28 09:38:34.189013153,100046,124,100024,125,100053,324,100008,424,100055,224,99990,224,100058,224,99979,224,100061,100,99957,200,100077,100,99952,100,100095,100,99942,100,100097,100,99932,100,100123,100,99927,200,100139,100,99924,100
2019-06-28 09:38:40.000000000,100053,694,100024,495,100055,100,100008,300,100058,100,99990,100,100061,100,99979,100,100077,100,99957,200,100095,100,99952,100,100097,100,99942,100,100123,100,99932,100,100139,100,99927,200,100164,100,99924,100
2019-06-28 09:38:50.000000000,100053,694,100024,495,100055,100,100008,300,100058,100,99990,100,100061,100,99979,100,100077,100,99957,200,100095,100,99952,100,100097,100,99942,100,100123,100,99932,100,100139,100,99927,200,100164,100,99924,100
2019-06-28 09:39:00.000000000,100053,368,100024,169,100055,263,100008,463,100058,263,99990,263,100061,100,99979,100,100077,100,99957,200,100095,100,99952,100,100097,100,99942,100,100123,100,99932,100,100139,100,99927,200,100164,100,99924,100
2019-06-28 09:39:10.000000000,100053,694,100024,495,100055,100,100008,300,100058,100,99990,100,100061,100,99979,100,100077,100,99957,200,100095,100,99952,100,100097,100,99942,100,100123,100,99932,100,100139,100,99927,200,100164,100,99924,100
2019-06-28 09:39:19.880441014,100053,694,100024,395,100055,100,100008,300,100058,100,99990,100,100061,100,99979,100,100077,100,99957,200,100095,100,99952,100,100097,100,99942,100,100123,100,99932,100,100139,100,99927,200,100164,100,99924,100
2019-06-28 09:39:20.000000000,100053,694,100008,794,100055,100,99990,100,100058,100,99979,100,100061,100,99957,200,100077,100,99952,100,100095,100,99942,100,100097,100,99932,100,100123,100,99927,200,100139,100,99924,100,100164,100,99852,100
2019-06-28 09:39:30.000000000,100053,299,100008,399,100055,199,99990,199,100058,199,99979,199,100061,199,99957,299,100077,199,99952,199,100095,100,99942,100,100097,100,99932,100,100123,100,99927,200,100139,100,99924,100,100164,100,99852,100
2019-06-28 09:39:34.808998100,100053,299,100008,399,100055,199,99990,199,100058,199,99979,199,100061,199,99957,299,100077,199,99952,199,100095,100,99942,100,100097,100,99932,100,100123,100,99927,200,100139,100,99924,100,100164,100,99852,100
2019-06-28 09:39:40.000000000,100053,447,100008,547,100055,347,99990,347,100058,100,99979,100,100061,100,99957,200,100077,100,99952,100,100095,100,99942,100,100097,100,99932,100,100123,100,99927,200,100139,100,99924,100,100164,100,99852,100
2019-06-28 09:39:45.513407496,100053,347,100008,547,100055,347,99990,347,100058,100,99979,100,100077,100,99957,200,100095,100,99952,100,100097,100,99942,100,100123,100,99932,100,100139,100,99927,200,100164,100,99924,100,100177,100,99852,100
2019-06-28 09:39:50.000000000,100053,224,100008,424,100055,224,99990,224,100058,224,99979,224,100077,224,99957,324,100095,100,99952,100,100097,100,99942,100,100123,100,99932,100,100139,100,99927,200,100164,100,99924,100,100177,100,99852,100
2019-06-28 09:39:53.912918828,100053,124,100008,424,100055,224,99990,224,100058,224,99979,224,100077,224,99957,324,100095,100,99952,100,100097,100,99942,100,100123,100,99932,100,100139,100,99927,200,100164,100,99924,100,100177,100,99852,100
2019-06-28 09:39:55.817910633,100053,24,100008,424,100055,224,99990,224,100058,224,99979,224,100077,224,99957,324,100095,100,99952,100,100097,100,99942,100,100123,100,99932,100,100139,100,99927,200,100164,100,99924,100,100177,100,99852,100
2019-06-28 09:40:00.000000000,100055,268,100008,468,100058,263,99990,263,100077,263,99979,263,100095,100,99957,200,100097,100,99952,100,100123,100,99942,100,100139,100,99932,100,100164,100,99927,200,100177,100,99924,100,100190,100,99852,100
2019-06-28 09:40:03.456408467,100055,168,100008,468,100058,263,99990,263,100077,263,99979,263,100095,100,99957,200,100097,100,99942,100,100123,100,99932,100,100139,100,99927,200,100164,100,99924,100,100177,100,99852,100,100190,100,99834,100
2019-06-28 09:40:10.000000000,100058,268,100008,468,100077,263,99990,263,100095,263,99979,263,100097,100,99957,200,100123,100,99942,100,100139,100,99932,100,100164,100,99927,200,100177,100,99924,100,100190,100,99852,100,100220,100,99834,100
2019-06-28 09:40:19.966081942,100058,268,100008,468,100077,263,99990,263,100095,263,99979,263,100097,100,99957,200,100123,100,99942,100,100139,100,99932,100,100164,100,99927,200,100177,100,99924,100,100190,100,99921,100,100220,100,99852,100
2019-06-28 09:40:20.000000000,100058,347,100008,547,100077,347,99990,347,100095,100,99979,100,100097,100,99957,200,100123,100,99942,100,100139,100,99932,100,100164,100,99927,200,100177,100,99924,100,100190,100,99921,100,100220,100,99852,100
2019-06-28 09:40:23.427329767,100058,347,100008,547,100077,347,99990,347,100095,100,99979,100,100097,100,99977,100,100123,100,99957,100,100139,100,99942,100,100164,100,99932,100,100177,100,99927,200,100190,100,99924,100,100220,100,99921,100
2019-06-28 09:40:30.000000000,100058,594,100008,794,100077,100,99990,100,100095,100,99979,100,100097,100,99977,100,100123,100,99957,100,100139,100,99942,100,100164,100,99932,100,100177,100,99927,200,100190,100,99924,100,100220,100,99921,100
2019-06-28 09:40:32.412413342,100018,100,100008,794,100058,594,99990,100,100077,100,99979,100,100095,100,99977,100,100097,100,99957,100,100123,100,99942,100,100139,100,99932,100,100164,100,99927,200,100177,100,99924,100,100190,100,99921,100
2019-06-28 09:40:40.000000000,100018,224,100008,424,100058,224,99990,224,100077,224,99979,224,100095,224,99977,224,100097,100,99957,100,100123,100,99942,100,100139,100,99932,100,100164,100,99927,200,100177,100,99924,100,100190,100,99921,100
2019-06-28 09:40:40.673642830,100018,224,100008,424,100058,224,99990,224,100077,224,99979,224,100095,224,99977,224,100097,100,99957,100,100123,100,99942,100,100139,100,99932,100,100164,100,99927,200,100177,100,99924,100,100190,100,99921,100
2019-06-28 09:40:46.094671516,100018,124,100008,424,100058,224,99990,224,100077,224,99979,224,100095,224,99977,224,100097,100,99957,100,100123,100,99942,100,100139,100,99932,100,100164,100,99927,200,100177,100,99924,100,100188,100,99921,100
2019-06-28 09:40:50.000000000,100058,199,100008,399,100077,199,99990,199,100095,199,99979,199,100097,199,99977,199,100123,199,99957,199,100139,100,99942,100,100164,100,99932,100,100177,100,99927,200,100188,100,99924,100,100190,100,99921,100
2019-06-28 09:41:00.000000000,100058,268,100008,468,100077,263,99990,263,100095,263,99979,263,100097,100,99977,100,100123,100,99957,100,100139,100,99942,100,100164,100,99932,100,100177,100,99927,200,100188,100,99924,100,100190,100,99921,100
2019-06-28 09:41:10.000000000,100058,224,100008,424,100077,224,99990,224,100095,224,99979,224,100097,224,99977,224,100123,100,99957,100,100139,100,99942,100,100164,100,99932,100,100177,100,99927,200,100188,100,99924,100,100190,100,99921,100
2019-06-28 09:41:11.371418074,100054,100,100008,324,100058,224,99990,224,100077,224,99979,224,100095,224,99977,224,100097,224,99957,100,100123,100,99942,100,100139,100,99932,100,100164,100,99927,200,100177,100,99924,100,100188,100,99921,100
2019-06-28 09:41:11.927413683,100054,200,100008,324,100058,224,99990,224,100077,224,99979,224,100095,224,99977,224,100097,224,99957,100,100123,100,99942,100,100139,100,99932,100,100164,100,99927,200,100177,100,99924,100,100188,100,99921,100
2019-06-28 09:41:20.000000000,100054,299,100008,299,100058,199,99990,199,100077,199,99979,199,100095,199,99977,199,100097,199,99957,199,100123,100,99942,100,100139,100,99932,100,100164,100,99927,200,100177,100,99924,100,100188,100,99921,100
2019-06-28 09:41:25.249639986,100054,199,100008,299,100058,199,99990,199,100077,199,99979,199,100095,199,99977,199,100097,199,99957,199,100123,100,99942,100,100139,100,99932,100,100164,100,99927,200,100177,100,99924,100,100188,100,99921,100
2019-06-28 09:41:27.893410212,100054,99,100008,299,100058,199,99990,199,100077,199,99979,199,100095,199,99977,199,100097,199,99957,199,100123,100,99942,100,100139,100,99932,100,100164,100,99927,200,100177,100,99924,100,100188,100,99921,100
2019-06-28 09:41:30.000000000,100058,268,100008,368,100077,263,99990,263,100095,263,99979,263,100097,100,99977,100,100123,100,99957,100,100139,100,99942,100,100164,100,99932,100,100177,100,99927,200,100188,100,99924,100,100190,100,99921,100
2019-06-28 09:41:40.000000000,100058,224,100008,324,100077,224,99990,224,100095,224,99979,224,100097,224,99977,224,100123,100,99957,100,100139,100,99942,100,100164,100,99932,100,100177,100,99927,200,100188,100,99924,100,100190,100,99921,100
2019-06-28 09:41:50.000000000,100058,347,100008,447,100077,347,99990,347,100095,100,99979,100,100097,100,99977,100,100123,100,99957,100,100139,100,99942,100,100164,100,99932,100,100177,100,99927,200,100188,100,99924,100,100190,100,99921,100
2019-06-28 09:41:56.374644103,100058,347,100008,447,100077,347,99990,347,100095,100,99979,100,100097,100,99977,100,100123,100,99957,100,100139,100,99942,100,100177,100,99932,100,100188,100,99927,200,100190,100,99924,100,100294,100,99921,100
2019-06-28 09:42:00.000000000,100058,347,100008,447,100077,347,99990,347,100095,100,99979,100,100097,100,99977,100,100123,100,99957,100,100139,100,99942,100,100177,100,99932,100,100188,100,99927,200,100190,100,99924,100,100294,100,99921,100
2019-06-28 09:42:03.679299166,100058,347,100018,100,100077,347,100008,447,100095,100,99990,347,100097,100,99979,100,100123,100,99977,100,100139,100,99957,100,100177,100,99942,100,100188,100,99932,100,100190,100,99927,200,100294,100,99924,100
2019-06-28 09:42:05.806878452,100058,247,100018,100,100077,347,100008,447,100095,100,99990,347,100097,100,99979,100,100123,100,99977,100,100139,100,99957,100,100177,100,99942,100,100188,100,99932,100,100190,100,99927,200,100294,100,99924,100
2019-06-28 09:42:10.000000000,100077,199,100018,199,100095,199,100008,299,100097,199,99990,199,100123,199,99979,199,100139,199,99977,199,100177,100,99957,100,100188,100,99942,100,100190,100,99932,100,100294,100,99927,200,100336,100,99924,100
2019-06-28 09:42:20.000000000,100077,199,100018,199,100095,199,100008,299,100097,199,99990,199,100123,199,99979,199,100139,199,99977,199,100177,100,99957,100,100188,100,99942,100,100190,100,99932,100,100294,100,99927,200,100336,100,99924,100
2019-06-28 09:42:30.000000000,100077,224,100018,224,100095,224,100008,324,100097,224,99990,224,100123,224,99979,224,100139,100,99977,100,100177,100,99957,100,100188,100,99942,100,100190,100,99932,100,100294,100,99927,200,100336,100,99924,100
2019-06-28 09:42:40.000000000,100077,347,100018,347,100095,347,100008,447,100097,100,99990,100,100123,100,99979,100,100139,100,99977,100,100177,100,99957,100,100188,100,99942,100,100190,100,99932,100,100294,100,99927,200,100336,100,99924,100
2019-06-28 09:42:50.000000000,100077,224,100018,224,100095,224,100008,324,100097,224,99990,224,100123,224,99979,224,100139,100,99977,100,100177,100,99957,100,100188,100,99942,100,100190,100,99932,100,100294,100,99927,200,100336,100,99924,100
2019-06-28 09:43:00.000000000,100077,224,100018,224,100095,224,100008,324,100097,224,99990,224,100123,224,99979,224,100139,100,99977,100,100177,100,99957,100,100188,100,99942,100,100190,100,99932,100,100294,100,99927,200,100336,100,99924,100
2019-06-28 09:43:10.000000000,100077,268,100018,268,100095,263,100008,363,100097,263,99990,263,100123,100,99979,100,100139,100,99977,100,100177,100,99957,100,100188,100,99942,100,100190,100,99932,100,100294,100,99927,200,100336,100,99924,100
2019-06-28 09:43:16.211920118,100077,168,100018,268,100095,263,100008,363,100097,263,99990,263,100123,100,99979,100,100139,100,99977,100,100177,100,99957,100,100188,100,99942,100,100190,100,99932,100,100294,100,99927,200,100367,100,99924,100
2019-06-28 09:43:17.836514566,100077,68,100018,268,100095,263,100008,363,100097,263,99990,263,100123,100,99979,100,100139,100,99977,100,100177,100,99957,100,100188,100,99942,100,100190,100,99932,100,100294,100,99927,200,100367,100,99924,100
2019-06-28 09:43:20.000000000,100095,594,100018,594,100097,100,100008,200,100123,100,99990,100,100139,100,99979,100,100177,100,99977,100,100188,100,99957,100,100190,100,99942,100,100294,100,99932,100,100367,100,99927,200,,,99924,100
2019-06-28 09:43:25.862621630,100095,594,100018,594,100097,100,100008,200,100123,100,99990,100,100139,100,99979,100,100177,100,99977,100,100188,100,99957,100,100190,100,99942,100,100294,100,99932,100,100367,100,99927,200,100543,100,99924,100
2019-06-28 09:43:27.216210810,100095,594,100077,100,100097,100,100018,594,100123,100,100008,200,100139,100,99990,100,100177,100,99979,100,100188,100,99977,100,100190,100,99957,100,100294,100,99942,100,100367,100,99932,100,100543,100,99927,200
2019-06-28 09:43:30.000000000,100095,199,100077,199,100097,199,100018,199,100123,199,100008,299,100139,199,99990,199,100177,199,99979,199,100188,100,99977,100,100190,100,99957,100,100294,100,99942,100,100367,100,99932,100,100543,100,99927,200
2019-06-28 09:43:33.589577635,100095,99,100077,199,100097,199,100018,199,100123,199,100008,299,100139,199,99990,199,100177,199,99979,199,100188,100,99977,100,100190,100,99957,100,100294,100,99942,100,100367,100,99932,100,100543,100,99927,200
2019-06-28 09:43:40.000000000,100097,199,100077,199,100123,199,100018,199,100139,199,100008,299,100177,199,99990,199,100188,199,99979,199,100190,100,99977,100,100294,100,99957,100,100367,100,99942,100,100543,100,99932,100,,,99927,200
2019-06-28 09:43:50.000000000,100097,224,100077,224,100123,224,100018,224,100139,224,100008,324,100177,224,99990,224,100188,100,99979,100,100190,100,99977,100,100294,100,99957,100,100367,100,99942,100,100543,100,99932,100,,,99927,200
2019-06-28 09:44:00.000000000,100097,199,100077,199,100123,199,100018,199,100139,199,100008,299,100177,199,99990,199,100188,199,99979,199,100190,100,99977,100,100294,100,99957,100,100367,100,99942,100,100543,100,99932,100,,,99927,200
2019-06-28 09:44:06.671769982,100097,199,100077,199,100123,199,100018,199,100139,199,100008,299,100177,199,99990,199,100188,199,99979,199,100190,100,99977,100,100294,100,99957,100,100367,100,99942,100,100543,100,99932,100,100565,100,99927,200
2019-06-28 09:44:10.000000000,100097,594,100077,594,100123,100,100018,100,100139,100,100008,200,100177,100,99990,100,100188,100,99979,100,100190,100,99977,100,100294,100,99957,100,100367,100,99942,100,100543,100,99932,100,100565,100,99927,200
2019-06-28 09:44:20.000000000,100097,347,100077,347,100123,347,100018,347,100139,100,100008,200,100177,100,99990,100,100188,100,99979,100,100190,100,99977,100,100294,100,99957,100,100367,100,99942,100,100543,100,99932,100,100565,100,99927,200
2019-06-28 09:44:26.997873632,100097,347,100078,100,100123,347,100077,347,100139,100,100018,347,100177,100,100008,200,100188,100,99990,100,100190,100,99979,100,100294,100,99977,100,100367,100,99957,100,100543,100,99942,100,100565,100,99932,100
2019-06-28 09:44:30.000000000,100097,594,100078,594,100123,100,100077,100,100139,100,100018,100,100177,100,100008,200,100188,100,99990,100,100190,100,99979,100,100294,100,99977,100,100367,100,99957,100,100543,100,99942,100,100565,100,99932,100
2019-06-28 09:44:40.000000000,100097,347,100078,347,100123,347,100077,347,100139,100,100018,100,100177,100,100008,200,100188,100,99990,100,100190,100,99979,100,100294,100,99977,100,100367,100,99957,100,100543,100,99942,100,100565,100,99932,100
2019-06-28 09:44:41.361086646,100097,347,100078,447,100123,347,100077,347,100139,100,100018,100,100177,100,100008,200,100188,100,99990,100,100190,100,99979,100,100294,100,99977,100,100367,100,99957,100,100543,100,99942,100,100565,100,99932,100
2019-06-28 09:44:50.000000000,100097,268,100078,368,100123,263,100077,263,100139,263,100018,263,100177,100,100008,200,100188,100,99990,100,100190,100,99979,100,100294,100,99977,100,100367,100,99957,100,100543,100,99942,100,100565,100,99932,100
2019-06-28 09:44:58.330665773,100097,268,100078,368,100123,263,100077,263,100139,263,100018,263,100177,100,100008,200,100188,100,99990,100,100294,100,99979,100,100367,100,99977,100,100490,100,99957,100,100543,100,99942,100,100565,100,99932,100
2019-06-28 09:45:00.000000000,100097,199,100078,299,100123,199,100077,199,100139,199,100018,199,100177,199,100008,299,100188,199,99990,199,100294,100,99979,100,100367,100,99977,100,100490,100,99957,100,100543,100,99942,100,100565,100,99932,100
2019-06-28 09:45:10.000000000,100097,199,100078,299,100123,199,100077,199,100139,199,100018,199,100177,199,100008,299,100188,199,99990,199,100294,100,99979,100,100367,100,99977,100,100490,100,99957,100,100543,100,99942,100,100565,100,99932,100
2019-06-28 09:45:20.000000000,100097,347,100078,447,100123,347,100077,347,100139,100,100018,100,100177,100,100008,200,100188,100,99990,100,100294,100,99979,100,100367,100,99977,100,100490,100,99957,100,100543,100,99942,100,100565,100,99932,100
2019-06-28 09:45:30.000000000,100097,594,100078,694,100123,100,100077,100,100139,100,100018,100,100177,100,100008,200,100188,100,99990,100,100294,100,99979,100,100367,100,99977,100,100490,100,99957,100,100543,100,99942,100,100565,100,99932,100
2019-06-28 09:45:40.000000000,100097,199,100078,299,100123,199,100077,199,100139,199,100018,199,100177,199,100008,299,100188,199,99990,199,100294,100,99979,100,100367,100,99977,100,100490,100,99957,100,100543,100,99942,100,100565,100,99932,100
2019-06-28 09:45:43.418428323,100094,100,100078,299,100097,199,100077,199,100123,199,100018,199,100139,199,100008,299,100177,199,99990,199,100188,199,99979,100,100294,100,99977,100,100367,100,99957,100,100490,100,99942,100,100543,100,99932,100
2019-06-28 09:45:50.000000000,100094,199,100078,299,100097,199,100077,199,100123,199,100018,199,100139,199,100008,299,100177,199,99990,199,100188,100,99979,100,100294,100,99977,100,100367,100,99957,100,100490,100,99942,100,100543,100,99932,100
2019-06-28 09:46:00.000000000,100094,347,100078,447,100097,347,100077,347,100123,100,100018,100,100139,100,100008,200,100177,100,99990,100,100188,100,99979,100,100294,100,99977,100,100367,100,99957,100,100490,100,99942,100,100543,100,99932,100
2019-06-28 09:46:10.000000000,100094,224,100078,324,100097,224,100077,224,100123,224,100018,224,100139,224,100008,324,100177,100,99990,100,100188,100,99979,100,100294,100,99977,100,100367,100,99957,100,100490,100,99942,100,100543,100,99932,100
2019-06-28 09:46:13.192575126,100094,324,100078,324,100097,224,100077,224,100123,224,100018,224,100139,224,100008,324,100177,100,99990,100,100188,100,99979,100,100294,100,99977,100,100367,100,99957,100,100490,100,99942,100,100543,100,99932,100
2019-06-28 09:46:13.317291576,100094,324,100078,224,100097,224,100077,224,100123,224,100018,224,100139,224,100008,324,100177,100,99990,100,100188,100,99979,100,100294,100,99977,100,100367,100,99957,100,100490,100,99942,100,100543,100,99932,100
2019-06-28 09:46:20.000000000,100094,368,100078,268,100097,263,100077,263,100123,263,100018,263,100139,100,100008,200,100177,100,99990,100,100188,100,99979,100,100294,100,99977,100,100367,100,99957,100,100490,100,99942,100,100543,100,99932,100
2019-06-28 09:46:30.000000000,100094,447,100078,347,100097,347,100077,347,100123,100,100018,100,100139,100,100008,200,100177,100,99990,100,100188,100,99979,100,100294,100,99977,100,100367,100,99957,100,100490,100,99942,100,100543,100,99932,100
2019-06-28 09:46:40.000000000,100094,694,100078,594,100097,100,100077,100,100123,100,100018,100,100139,100,100008,200,100177,100,99990,100,100188,100,99979,100,100294,100,99977,100,100367,100,99957,100,100490,100,99942,100,100543,100,99932,100
2019-06-28 09:46:50.000000000,100094,694,100078,594,100097,100,100077,100,100123,100,100018,100,100139,100,100008,200,100177,100,99990,100,100188,100,99979,100,100294,100,99977,100,100367,100,99957,100,100490,100,99942,100,100543,100,99932,100
2019-06-28 09:46:57.326966914,100094,694,100078,494,100097,100,100077,100,100123,100,100018,100,100139,100,100008,200,100177,100,99990,100,100188,100,99979,100,100294,100,99977,100,100367,100,99957,100,100490,100,99942,100,100543,100,99932,100
2019-06-28 09:47:00.000000000,100094,694,100077,594,100097,100,100018,100,100123,100,100008,200,100139,100,99990,100,100177,100,99979,100,100188,100,99977,100,100294,100,99957,100,100367,100,99942,100,100490,100,99932,100,100543,100,99927,200
2019-06-28 09:47:08.711100117,100078,100,100077,594,100094,694,100018,100,100097,100,100008,200,100123,100,99990,100,100139,100,99979,100,100177,100,99977,100,100188,100,99957,100,100294,100,99942,100,100367,100,99932,100,100490,100,99927,200
2019-06-28 09:47:10.000000000,100078,594,100077,594,100094,200,100018,100,100097,100,100008,200,100123,100,99990,100,100139,100,99979,100,100177,100,99977,100,100188,100,99957,100,100294,100,99942,100,100367,100,99932,100,100490,100,99927,200
2019-06-28 09:47:11.917850024,100078,594,100077,594,100094,200,100018,100,100097,100,100008,200,100123,100,99990,100,100139,100,99979,100,100177,100,99977,100,100188,100,99957,100,100294,100,99932,100,100367,100,99927,200,100490,100,99924,100
2019-06-28 09:47:20.000000000,100078,594,100077,594,100094,200,100018,100,100097,100,100008,200,100123,100,99990,100,100139,100,99979,100,100177,100,99977,100,100188,100,99957,100,100294,100,99932,100,100367,100,99927,200,100490,100,99924,100
2019-06-28 09:47:26.277450806,100078,694,100077,594,100094,200,100018,100,100097,100,100008,200,100123,100,99990,100,100139,100,99979,100,100177,100,99977,100,100188,100,99957,100,100294,100,99932,100,100367,100,99927,200,100490,100,99924,100
2019-06-28 09:47:30.000000000,100078,368,100077,268,100094,363,100018,263,100097,263,100008,363,100123,100,99990,100,100139,100,99979,100,100177,100,99977,100,100188,100,99957,100,100294,100,99932,100,100367,100,99927,200,100490,100,99924,100
2019-06-28 09:47:40.000000000,100078,324,100077,224,100094,324,100018,224,100097,224,100008,324,100123,224,99990,224,100139,100,99979,100,100177,100,99977,100,100188,100,99957,100,100294,100,99932,100,100367,100,99927,200,100490,100,99924,100
2019-06-28 09:47:49.305728267,100078,324,100077,124,100094,324,100018,224,100097,224,100008,324,100123,224,99990,224,100139,100,99979,100,100177,100,99977,100,100188,100,99957,100,100294,100,99932,100,100367,100,99927,200,100490,100,99924,100
2019-06-28 09:47:50.000000000,100078,447,100018,347,100094,447,100008,447,100097,100,99990,100,100123,100,99979,100,100139,100,99977,100,100177,100,99957,100,100188,100,99932,100,100294,100,99927,200,100367,100,99924,100,100490,100,99921,100
2019-06-28 09:47:57.789517081,100078,447,100018,347,100094,447,100008,447,100097,100,99990,100,100123,100,99979,100,100139,100,99977,100,100177,100,99957,100,100188,100,99932,100,100294,100,99927,200,100367,100,99924,100,100490,100,99921,100
2019-06-28 09:48:00.000000000,100078,368,100018,268,100094,363,100008,363,100097,263,99990,263,100123,100,99979,100,100139,100,99977,100,100177,100,99957,100,100188,100,99932,100,100294,100,99927,200,100367,100,99924,100,100490,100,99921,100
2019-06-28 09:48:00.367232157,100078,368,100018,268,100094,363,100008,363,100097,263,99990,163,100123,100,99979,100,100139,100,99977,100,100177,100,99957,100,100188,100,99932,100,100294,100,99927,200,100367,100,99924,100,100490,100,99921,100
2019-06-28 09:48:10.000000000,100078,299,100018,199,100094,299,100008,299,100097,199,99979,199,100123,199,99977,199,100139,199,99957,199,100177,100,99932,100,100188,100,99927,200,100294,100,99924,100,100367,100,99921,100,100490,100,99852,100
2019-06-28 09:48:16.153028498,100078,299,100018,99,100094,299,100008,299,100097,199,99979,199,100123,199,99977,199,100139,199,99957,199,100177,100,99932,100,100188,100,99927,200,100294,100,99924,100,100367,100,99921,100,100490,100,99852,100
2019-06-28 09:48:20.000000000,100078,694,100008,694,100094,200,99979,100,100097,100,99977,100,100123,100,99957,100,100139,100,99932,100,100177,100,99927,200,100188,100,99924,100,100294,100,99921,100,100367,100,99852,100,100490,100,99834,100
2019-06-28 09:48:30.000000000,100078,447,100008,447,100094,447,99979,347,100097,100,99977,100,100123,100,99957,100,100139,100,99932,100,100177,100,99927,200,100188,100,99924,100,100294,100,99921,100,100367,100,99852,100,100490,100,99834,100
2019-06-28 09:48:32.144043999,100078,447,100008,447,100094,447,99979,347,100097,100,99977,100,100123,100,99957,100,100139,100,99932,100,100177,100,99927,200,100188,100,99924,100,100294,100,99921,100,100367,100,99852,100,100490,100,99834,100
2019-06-28 09:48:40.000000000,100078,447,100008,447,100094,447,99979,347,100097,100,99977,100,100123,100,99957,100,100139,100,99932,100,100177,100,99927,200,100188,100,99924,100,100294,100,99921,100,100367,100,99852,100,100490,100,99834,100
2019-06-28 09:48:50.000000000,100078,299,100008,299,100094,299,99979,199,100097,199,99977,199,100123,199,99957,199,100139,199,99932,199,100177,100,99927,200,100188,100,99924,100,100294,100,99921,100,100367,100,99852,100,100490,100,99834,100
2019-06-28 09:48:53.733528778,100078,299,100008,299,100094,299,99979,199,100097,199,99977,199,100123,199,99957,199,100139,199,99932,199,100177,100,99927,100,100188,100,99924,100,100294,100,99921,100,100367,100,99852,100,100490,100,99834,100
2019-06-28 09:48:55.188810986,100078,299,100008,299,100094,299,99979,199,100097,199,99977,199,100123,199,99957,199,100139,199,99932,199,100177,100,99927,100,100188,100,99924,100,100294,100,99921,100,100367,100,99852,100,100490,100,99834,100
2019-06-28 09:48:58.008195257,100078,299,100008,199,100094,299,99979,199,100097,199,99977,199,100123,199,99957,199,100139,199,99932,199,100177,100,99927,100,100188,100,99924,100,100294,100,99921,100,100367,100,99852,100,100490,100,99834,100
2019-06-28 09:49:00.000000000,100078,299,100008,199,100094,299,99979,199,100097,199,99977,199,100123,199,99957,199,100139,199,99932,199,100177,100,99927,100,100188,100,99924,100,100294,100,99921,100,100367,100,99852,100,100490,100,99834,100
2019-06-28 09:49:04.982665068,100078,299,100008,199,100094,299,99979,199,100097,199,99977,199,100123,199,99957,199,100139,199,99932,199,100177,100,99927,100,100188,100,99924,100,100294,100,99921,100,100367,100,99852,100,100490,100,99834,100
2019-06-28 09:49:08.431253748,100078,299,100008,99,100094,299,99979,199,100097,199,99977,199,100123,199,99957,199,100139,199,99932,199,100177,100,99927,100,100188,100,99924,100,100294,100,99921,100,100367,100,99852,100,100490,100,99834,100
2019-06-28 09:49:10.000000000,100078,447,99979,347,100094,447,99977,347,100097,100,99957,100,100123,100,99932,100,100139,100,99927,100,100177,100,99924,100,100188,100,99921,100,100294,100,99852,100,100367,100,99834,100,100490,100,99793,100
2019-06-28 09:49:11.534589941,100078,347,99979,347,100094,447,99977,347,100097,100,99957,100,100123,100,99932,100,100139,100,99927,100,100177,100,99924,100,100188,100,99921,100,100294,100,99852,100,100367,100,99834,100,100490,100,99793,100
2019-06-28 09:49:20.000000000,100078,594,99979,594,100094,200,99977,100,100097,100,99957,100,100123,100,99932,100,100139,100,99927,100,100177,100,99924,100,100188,100,99921,100,100294,100,99852,100,100367,100,99834,100,100490,100,99793,100
2019-06-28 09:49:30.000000000,100078,594,99979,594,100094,200,99977,100,100097,100,99957,100,100123,100,99932,100,100139,100,99927,100,100177,100,99924,100,100188,100,99921,100,100294,100,99852,100,100367,100,99834,100,100490,100,99793,100
2019-06-28 09:49:40.000000000,100078,199,99979,199,100094,299,99977,199,100097,199,99957,199,100123,199,99932,199,100139,199,99927,199,100177,100,99924,100,100188,100,99921,100,100294,100,99852,100,100367,100,99834,100,100490,100,99793,100
2019-06-28 09:49:50.000000000,100078,268,99979,268,100094,363,99977,263,100097,263,99957,263,100123,100,99932,100,100139,100,99927,100,100177,100,99924,100,100188,100,99921,100,100294,100,99852,100,100367,100,99834,100,100490,100,99793,100
2019-06-28 09:49:57.042010078,100008,100,99979,268,100078,268,99977,263,100094,363,99957,263,100097,263,99932,100,100123,100,99927,100,100139,100,99924,100,100177,100,99921,100,100188,100,99852,100,100294,100,99834,100,100367,100,99793,100
2019-06-28 09:50:00.000000000,100008,347,99979,347,100078,347,99977,347,100094,200,99957,100,100097,100,99932,100,100123,100,99927,100,100139,100,99924,100,100177,100,99921,100,100188,100,99852,100,100294,100,99834,100,100367,100,99793,100
2019-06-28 09:50:02.816207200,100008,247,99979,347,100078,347,99977,347,100094,200,99957,100,100097,100,99932,100,100123,100,99927,100,100139,100,99924,100,100177,100,99921,100,100188,100,99852,100,100294,100,99834,100,100367,100,99793,100
2019-06-28 09:50:10.000000000,100078,224,99979,224,100094,324,99977,224,100097,224,99957,224,100123,224,99932,224,100139,100,99927,100,100177,100,99924,100,100188,100,99921,100,100294,100,99852,100,100367,100,99834,100,100490,100,99793,100
2019-06-28 09:50:20.000000000,100078,268,99979,268,100094,363,99977,263,100097,263,99957,263,100123,100,99932,100,100139,100,99927,100,100177,100,99924,100,100188,100,99921,100,100294,100,99852,100,100367,100,99834,100,100490,100,99793,100
2019-06-28 09:50:30.000000000,100078,268,99979,268,100094,363,99977,263,100097,263,99957,263,100123,100,99932,100,100139,100,99927,100,100177,100,99924,100,100188,100,99921,100,100294,100,99852,100,100367,100,99834,100,100490,100,99793,100
2019-06-28 09:50:35.332681681,100078,168,99979,268,100094,363,99977,263,100097,263,99957,263,100123,100,99932,100,100139,100,99927,100,100177,100,99924,100,100188,100,99921,100,100294,100,99852,100,100367,100,99834,100,100490,100,99793,100
2019-06-28 09:50:40.000000000,100094,368,99979,268,100097,263,99977,263,100123,263,99957,263,100139,100,99932,100,100177,100,99927,100,100188,100,99924,100,100294,100,99921,100,100367,100,99852,100,100490,100,99834,100,100565,100,99793,100
2019-06-28 09:50:50.000000000,100094,299,99979,199,100097,199,99977,199,100123,199,99957,199,100139,199,99932,199,100177,199,99927,199,100188,100,99924,100,100294,100,99921,100,100367,100,99852,100,100490,100,99834,100,100565,100,99793,100
2019-06-28 09:51:00.000000000,100094,447,99979,347,100097,347,99977,347,100123,100,99957,100,100139,100,99932,100,100177,100,99927,100,100188,100,99924,100,100294,100,99921,100,100367,100,99852,100,100490,100,99834,100,100565,100,99793,100
2019-06-28 09:51:01.357402308,100007,100,99979,347,100094,447,99977,347,100097,347,99957,100,100123,100,99932,100,100139,100,99927,100,100177,100,99924,100,100188,100,99921,100,100294,100,99852,100,100367,100,99834,100,100490,100,99793,100
2019-06-28 09:51:04.025538580,100094,447,99979,347,100097,347,99977,347,100123,100,99957,100,100139,100,99932,100,100177,100,99927,100,100188,100,99924,100,100294,100,99921,100,100367,100,99852,100,100490,100,99834,100,100565,100,99793,100
2019-06-28 09:51:09.273912194,100094,447,99979,347,100097,347,99977,347,100123,100,99957,100,100139,100,99932,100,100177,100,99924,100,100188,100,99921,100,100294,100,99852,100,100367,100,99834,100,100490,100,99793,100,100565,100,99737,100
2019-06-28 09:51:10.000000000,100094,299,99979,199,100097,199,99977,199,100123,199,99957,199,100139,199,99932,199,100177,199,99924,199,100188,100,99921,100,100294,100,99852,100,100367,100,99834,100,100490,100,99793,100,100565,100,99737,100
2019-06-28 09:51:12.938211649,100094,299,99979,199,100097,199,99977,199,100123,199,99957,199,100139,199,99932,199,100177,199,99924,199,100188,100,99921,100,100294,100,99852,100,100367,100,99834,100,100490,100,99793,100,100565,100,99737,100
2019-06-28 09:51:20.000000000,100094,324,99979,224,100097,224,99977,224,100123,224,99957,224,100139,224,99932,224,100177,100,99924,100,100188,100,99921,100,100294,100,99852,100,100367,100,99834,100,100490,100,99793,100,100565,100,99737,100
2019-06-28 09:51:30.000000000,100094,299,99979,199,100097,199,99977,199,100123,199,99957,199,100139,199,99932,199,100177,199,99924,199,100188,100,99921,100,100294,100,99852,100,100367,100,99834,100,100490,100,99793,100,100565,100,99737,100
2019-06-28 09:51:39.157564755,100094,299,100016,100,100097,199,99979,199,100123,99,99977,199,100139,199,99957,199,100177,199,99932,199,100188,100,99924,199,100294,100,99921,100,100367,100,99852,100,100490,100,99834,100,100565,100,99793,100
2019-06-28 09:51:40.000000000,100094,447,100016,347,100097,347,99979,347,100139,100,99977,100,100177,100,99957,100,100188,100,99932,100,100294,100,99924,100,100367,100,99921,100,100490,100,99852,100,100565,100,99834,100,,,99793,100
2019-06-28 09:51:44.294102001,100094,447,100016,347,100097,347,99979,347,100139,100,99977,100,100177,100,99957,100,100188,100,99932,100,100294,100,99924,100,100367,100,99852,100,100490,100,99834,100,100565,100,99818,100,,,99793,100
2019-06-28 09:51:45.389286997,100094,447,100016,347,100097,347,100007,100,100139,100,99979,347,100177,100,99977,100,100188,100,99957,100,100294,100,99932,100,100367,100,99924,100,100490,100,99852,100,100565,100,99834,100,,,99818,100
2019-06-28 09:51:50.000000000,100094,694,100016,594,100097,100,100007,100,100139,100,99979,100,100177,100,99977,100,100188,100,99957,100,100294,100,99932,100,100367,100,99924,100,100490,100,99852,100,100565,100,99834,100,,,99818,100
2019-06-28 09:52:00.000000000,100094,694,100016,594,100097,100,100007,100,100139,100,99979,100,100177,100,99977,100,100188,100,99957,100,100294,100,99932,100,100367,100,99924,100,100490,100,99852,100,100565,100,99834,100,,,99818,100
2019-06-28 09:52:09.001595800,100077,100,100016,594,100094,594,100007,100,100097,100,99979,100,100139,100,99977,100,100177,100,99957,100,100188,100,99932,100,100294,100,99924,100,100367,100,99852,100,100490,100,99834,100,100565,100,99818,100
2019-06-28 09:52:10.000000000,100077,199,100016,199,100094,199,100007,199,100097,199,99979,199,100139,199,99977,199,100177,199,99957,199,100188,100,99932,100,100294,100,99924,100,100367,100,99852,100,100490,100,99834,100,100565,100,99818,100
2019-06-28 09:52:20.000000000,100077,347,100016,347,100094,347,100007,347,100097,100,99979,100,100139,100,99977,100,100177,100,99957,100,100188,100,99932,100,100294,100,99924,100,100367,100,99852,100,100490,100,99834,100,100565,100,99818,100
2019-06-28 09:52:29.132003539,100077,347,100016,347,100094,347,100007,347,100097,100,99977,100,100104,100,99957,100,100139,100,99932,100,100177,100,99924,100,100188,100,99852,100,100294,100,99834,100,100367,100,99818,100,100490,100,99793,100
2019-06-28 09:52:30.000000000,100077,268,100016,268,100094,263,100007,263,100097,263,99977,263,100104,100,99957,100,100139,100,99932,100,100177,100,99924,100,100188,100,99852,100,100294,100,99834,100,100367,100,99818,100,100490,100,99793,100
2019-06-28 09:52:32.110169554,100077,268,100016,268,100094,263,100007,263,100097,263,99977,263,100104,100,99957,100,100139,100,99932,100,100177,100,99924,100,100188,100,99852,100,100294,100,99840,100,100490,100,99834,100,100565,100,99818,100
2019-06-28 09:52:35.769204209,100077,268,100016,268,100094,263,100007,263,100097,263,99977,263,100104,100,99957,100,100139,100,99932,100,100177,100,99924,100,100188,100,99852,200,100294,100,99840,100,100490,100,99834,100,100565,100,99818,100
2019-06-28 09:52:40.000000000,100077,594,100016,594,100094,100,100007,100,100097,100,99977,100,100104,100,99957,100,100139,100,99932,100,100177,100,99924,100,100188,100,99852,200,100294,100,99840,100,100490,100,99834,100,100565,100,99818,100
2019-06-28 09:52:50.000000000,100077,224,100016,224,100094,224,100007,224,100097,224,99977,224,100104,224,99957,224,100139,100,99932,100,100177,100,99924,100,100188,100,99852,200,100294,100,99840,100,100490,100,99834,100,100565,100,99818,100
2019-06-28 09:52:54.208501696,100077,224,100016,224,100094,224,100007,324,100097,224,99977,224,100104,224,99957,224,100139,100,99932,100,100177,100,99924,100,100188,100,99852,200,100294,100,99840,100,100490,100,99834,100,100565,100,99818,100
2019-06-28 09:53:00.000000000,100077,199,100016,199,100094,199,100007,299,100097,199,99977,199,100104,199,99957,199,100139,199,99932,199,100177,100,99924,100,100188,100,99852,200,100294,100,99840,100,100490,100,99834,100,100565,100,99818,100
2019-06-28 09:53:06.953650819,100077,99,100016,199,100094,199,100007,299,100097,199,99977,199,100104,199,99957,199,100139,199,99932,199,100177,100,99924,100,100188,100,99852,200,100294,100,99840,100,100490,100,99834,100,100565,100,99818,100
2019-06-28 09:53:09.850596970,100094,199,100077,1,100097,199,100016,199,100104,199,100007,299,100139,199,99977,199,100177,100,99957,199,100294,100,99932,199,100490,100,99924,100,100565,100,99852,200,,,99840,100,,,99834,100
2019-06-28 09:53:10.000000000,100094,199,100077,100,100097,199,100016,199,100104,199,100007,299,100139,199,99977,199,100177,199,99957,199,100294,100,99932,100,100490,100,99924,100,100565,100,99852,200,,,99840,100,,,99834,100
2019-06-28 09:53:14.943503081,100094,99,100077,100,100097,199,100016,199,100104,199,100007,299,100139,199,99977,199,100177,199,99957,199,100294,100,99932,100,100490,100,99924,100,,,99852,200,,,99840,100,,,99834,100
2019-06-28 09:53:19.659021538,100094,99,100077,100,100097,199,100016,199,100104,199,100007,299,100139,199,99977,199,100177,199,99957,199,100294,100,99932,100,100339,100,99924,100,100490,100,99852,200,,,99840,100,,,99834,100
2019-06-28 09:53:20.000000000,100097,199,100077,100,100104,199,100016,199,100139,199,100007,299,100177,199,99977,199,100294,199,99957,199,100339,100,99932,100,100490,100,99924,100,,,99852,200,,,99840,100,,,99834,100
2019-06-28 09:53:30.000000000,100097,594,100077,495,100104,100,100016,100,100139,100,100007,200,100177,100,99977,100,100294,100,99957,100,100339,100,99932,100,100490,100,99924,100,,,99852,200,,,99840,100,,,99834,100
2019-06-28 09:53:30.419341943,100097,594,100077,495,100104,100,100016,100,100139,100,100007,200,100177,100,99977,100,100266,100,99957,100,100294,100,99932,100,100339,100,99924,100,100490,100,99852,200,,,99840,100,,,99834,100
2019-06-28 09:53:32.378250913,100097,494,100077,495,100104,100,100016,100,100139,100,100007,200,100177,100,99977,100,100294,100,99957,100,100339,100,99932,100,100490,100,99924,100,,,99852,200,,,99840,100,,,99834,100
2019-06-28 09:53:40.000000000,100104,594,100077,495,100139,100,100016,100,100177,100,100007,200,100294,100,99977,100,100339,100,99957,100,100490,100,99932,100,,,99924,100,,,99852,200,,,99840,100,,,99834,100
2019-06-28 09:53:50.000000000,100104,224,100077,125,100139,224,100016,224,100177,224,100007,324,100294,224,99977,224,100339,100,99957,100,100490,100,99932,100,,,99924,100,,,99852,200,,,99840,100,,,99834,100
2019-06-28 09:53:52.315900755,100104,124,100077,125,100139,224,100016,224,100177,224,100007,324,100294,224,99977,224,100490,100,99957,100,,,99932,100,,,99924,100,,,99852,200,,,99840,100,,,99834,100
2019-06-28 09:53:56.363571411,100104,124,100077,125,100139,224,100016,224,100177,224,100007,324,100294,224,99977,224,100488,100,99957,100,100490,100,99932,100,,,99924,100,,,99852,200,,,99840,100,,,99834,100
2019-06-28 09:54:00.000000000,100139,224,100077,125,100177,224,100016,224,100294,224,100007,324,100488,224,99977,224,100490,100,99957,100,,,99932,100,,,99924,100,,,99852,200,,,99840,100,,,99834,100
2019-06-28 09:54:00.764313907,100139,224,100077,125,100177,224,100016,224,100294,224,100007,324,100305,100,99977,224,100488,224,99957,100,100490,100,99932,100,,,99924,100,,,99852,100,,,99840,100,,,99834,100
2019-06-28 09:54:10.000000000,100139,199,100077,100,100177,199,100016,199,100294,199,100007,299,100305,199,99977,199,100488,199,99957,199,100490,100,99932,100,,,99924,100,,,99852,100,,,99840,100,,,99834,100
2019-06-28 09:54:20.000000000,100139,224,100077,125,100177,224,100016,224,100294,224,100007,324,100305,224,99977,224,100488,100,99957,100,100490,100,99932,100,,,99924,100,,,99852,100,,,99840,100,,,99834,100
2019-06-28 09:54:30.000000000,100139,268,100077,169,100177,263,100016,263,100294,263,100007,363,100305,100,99977,100,100488,100,99957,100,100490,100,99932,100,,,99924,100,,,99852,100,,,99840,100,,,99834,100
2019-06-28 09:54:40.000000000,100139,347,100077,248,100177,347,100016,347,100294,100,100007,200,100305,100,99977,100,100488,100,99957,100,100490,100,99932,100,,,99924,100,,,99852,100,,,99840,100,,,99834,100
2019-06-28 09:54:50.000000000,100139,224,100077,125,100177,224,100016,224,100294,224,100007,324,100305,224,99977,224,100488,100,99957,100,100490,100,99932,100,,,99924,100,,,99852,100,,,99840,100,,,99834,100
2019-06-28 09:55:00.000000000,100139,268,100077,169,100177,263,100016,263,100294,263,100007,363,100305,100,99977,100,100488,100,99957,100,100490,100,99932,100,,,99924,100,,,99852,100,,,99840,100,,,99834,100
2019-06-28 09:55:10.000000000,100139,199,100077,100,100177,199,100016,199,100294,199,100007,299,100305,199,99977,199,100488,199,99957,199,100490,100,99932,100,,,99924,100,,,99852,100,,,99840,100,,,99834,100
2019-06-28 09:55:18.823792917,100139,199,100016,199,100177,199,100007,299,100294,99,99977,199,100305,199,99957,199,100488,199,99932,100,100490,100,99924,100,,,99852,100,,,99840,100,,,99834,100,,,99818,100
2019-06-28 09:55:20.000000000,100139,268,100016,268,100177,263,100007,363,100305,263,99977,263,100488,100,99957,100,100490,100,99932,100,,,99924,100,,,99852,100,,,99840,100,,,99834,100,,,99818,100
2019-06-28 09:55:30.000000000,100139,199,100016,199,100177,199,100007,299,100305,199,99977,199,100488,199,99957,199,100490,199,99932,199,,,99924,100,,,99852,100,,,99840,100,,,99834,100,,,99818,100
2019-06-28 09:55:35.335637403,100139,99,100016,199,100177,199,100007,299,100305,199,99977,199,100488,199,99957,199,100490,199,99932,199,,,99924,100,,,99852,100,,,99840,100,,,99834,100,,,99818,100
2019-06-28 09:55:40.000000000,100177,268,100016,268,100305,263,100007,363,100488,263,99977,263,100490,100,99957,100,,,99932,100,,,99924,100,,,99852,100,,,99840,100,,,99834,100,,,99818,100
2019-06-28 09:55:50.000000000,100177,268,100016,268,100305,263,100007,363,100488,263,99977,263,100490,100,99957,100,,,99932,100,,,99924,100,,,99852,100,,,99840,100,,,99834,100,,,99818,100
2019-06-28 09:56:00.000000000,100177,594,100016,594,100305,100,100007,200,100488,100,99977,100,100490,100,99957,100,,,99932,100,,,99924,100,,,99852,100,,,99840,100,,,99834,100,,,99818,100
2019-06-28 09:56:10.000000000,100177,199,100016,199,100305,199,100007,299,100488,199,99977,199,100490,199,99957,199,100491,99,99932,199,,,99924,100,,,99852,100,,,99840,100,,,99834,100,,,99818,100
2019-06-28 09:56:18.547991885,100177,199,100016,99,100305,199,100007,299,100488,199,99977,199,100490,199,99957,199,100491,99,99932,199,,,99924,100,,,99852,100,,,99840,100,,,99818,100,,,99793,100
2019-06-28 09:56:20.000000000,100177,268,100007,368,100305,263,99977,263,100488,263,99957,263,100490,100,99932,100,,,99924,100,,,99852,100,,,99840,100,,,99818,100,,,99793,100,,,99737,100
2019-06-28 09:56:23.144418785,100177,268,100007,268,100305,263,99977,263,100488,263,99957,263,100490,100,99932,100,,,99924,100,,,99852,100,,,99840,100,,,99818,100,,,99793,100,,,99737,100
2019-06-28 09:56:30.000000000,100177,594,100007,594,100305,100,99977,100,100488,100,99957,100,100490,100,99932,100,,,99924,100,,,99852,100,,,99840,100,,,99818,100,,,99793,100,,,99737,100
2019-06-28 09:56:40.000000000,100177,268,100007,268,100305,263,99977,263,100488,263,99957,263,100490,100,99932,100,,,99924,100,,,99852,100,,,99840,100,,,99818,100,,,99793,100,,,99737,100
2019-06-28 09:56:50.000000000,100177,347,100007,347,100305,347,99977,347,100488,100,99957,100,100490,100,99932,100,,,99924,100,,,99852,100,,,99840,100,,,99818,100,,,99793,100,,,99737,100
2019-06-28 09:56:53.955575609,100016,100,100007,347,100177,347,99977,347,100305,347,99957,100,100488,100,99932,100,100490,100,99924,100,,,99852,100,,,99840,100,,,99818,100,,,99793,100,,,99737,100
2019-06-28 09:57:00.000000000,100016,594,100007,594,100177,100,99977,100,100305,100,99957,100,100488,100,99932,100,100490,100,99924,100,,,99852,100,,,99840,100,,,99818,100,,,99793,100,,,99737,100
2019-06-28 09:57:03.966055321,100016,694,100007,594,100177,100,99977,100,100305,100,99957,100,100488,100,99932,100,100490,100,99924,100,,,99852,100,,,99840,100,,,99818,100,,,99793,100,,,99737,100
2019-06-28 09:57:10.000000000,100016,447,100007,347,100177,347,99977,347,100305,100,99957,100,100488,100,99932,100,100490,100,99924,100,,,99852,100,,,99840,100,,,99818,100,,,99793,100,,,99737,100
2019-06-28 09:57:20.000000000,100016,299,100007,199,100177,199,99977,199,100305,199,99957,199,100488,199,99932,199,100490,199,99924,199,,,99852,100,,,99840,100,,,99818,100,,,99793,100,,,99737,100
2019-06-28 09:57:30.000000000,100016,324,100007,224,100177,224,99977,224,100305,224,99957,224,100488,224,99932,224,100490,100,99924,100,,,99852,100,,,99840,100,,,99818,100,,,99793,100,,,99737,100
2019-06-28 09:57:40.000000000,100016,299,100007,199,100177,199,99977,199,100305,199,99957,199,100488,199,99932,199,100490,199,99924,199,,,99852,100,,,99840,100,,,99818,100,,,99793,100,,,99737,100
2019-06-28 09:57:46.763189114,100016,299,100007,199,100036,100,99977,199,100177,199,99957,199,100305,199,99932,99,100488,199,99924,199,100490,199,99852,100,,,99840,100,,,99818,100,,,99793,100,,,99737,100
2019-06-28 09:57:50.000000000,100016,324,100007,224,100036,224,99977,224,100177,224,99957,224,100305,224,99924,224,100488,100,99852,100,100490,100,99840,100,,,99818,100,,,99793,100,,,99737,100,,,99682,100
2019-06-28 09:57:51.690485591,100016,324,100007,224,100036,224,99977,224,100177,224,99957,224,100305,224,99924,224,100488,100,99852,100,100490,100,99840,100,,,99818,100,,,99793,100,,,99737,100,,,99682,100
2019-06-28 09:57:57.598373661,100016,324,100007,224,100036,224,99977,224,100177,224,99957,224,100276,100,99924,224,100305,224,99852,100,100488,100,99840,100,100490,100,99818,100,,,99793,100,,,99737,100,,,99682,100
2019-06-28 09:58:00.000000000,100016,324,100007,224,100036,224,99977,224,100177,224,99957,224,100276,224,99924,224,100305,100,99852,100,100488,100,99840,100,100490,100,99818,100,,,99793,100,,,99737,100,,,99682,100
2019-06-28 09:58:07.711197886,100016,324,100007,224,100036,224,99977,224,100177,224,99957,224,100276,224,99924,224,100305,100,99852,100,100488,100,99840,100,,,99818,100,,,99793,100,,,99737,100,,,99705,100
2019-06-28 09:58:10.000000000,100016,324,100007,224,100036,224,99977,224,100177,224,99957,224,100276,224,99924,224,100305,100,99852,100,100488,100,99840,100,,,99818,100,,,99793,100,,,99737,100,,,99705,100
2019-06-28 09:58:20.000000000,100016,694,100007,594,100036,100,99977,100,100177,100,99957,100,100276,100,99924,100,100305,100,99852,100,100488,100,99840,100,,,99818,100,,,99793,100,,,99737,100,,,99705,100
2019-06-28 09:58:21.705467034,100016,694,100007,594,100036,100,99977,100,100177,100,99957,100,100276,100,99949,100,100305,100,99924,100,100488,100,99852,100,,,99840,100,,,99818,100,,,99793,100,,,99737,100
2019-06-28 09:58:30.000000000,100016,299,100007,199,100036,199,99977,199,100177,199,99957,199,100276,199,99949,199,100305,199,99924,199,100488,100,99852,100,,,99840,100,,,99818,100,,,99793,100,,,99737,100
2019-06-28 09:58:40.000000000,100016,368,100007,268,100036,263,99977,263,100177,263,99957,263,100276,100,99949,100,100305,100,99924,100,100488,100,99852,100,,,99840,100,,,99818,100,,,99793,100,,,99737,100
2019-06-28 09:58:50.000000000,100016,299,100007,199,100036,199,99977,199,100177,199,99957,199,100276,199,99949,199,100305,199,99924,199,100488,100,99852,100,,,99840,100,,,99818,100,,,99793,100,,,99737,100
2019-06-28 09:58:50.220633634,100016,299,100007,199,100036,199,99977,199,100177,199,99957,199,100220,100,99949,199,100276,199,99924,199,100305,199,99852,100,100488,100,99840,100,,,99818,100,,,99793,100,,,99737,100
2019-06-28 09:59:00.000000000,100016,299,100007,199,100036,199,99977,199,100177,199,99957,199,100220,199,99949,199,100276,199,99924,199,100305,100,99852,100,100488,100,99840,100,,,99818,100,,,99793,100,,,99737,100
2019-06-28 09:59:10.000000000,100016,299,100007,199,100036,199,99977,199,100177,199,99957,199,100220,199,99949,199,100276,199,99924,199,100305,100,99852,100,100488,100,99840,100,,,99818,100,,,99793,100,,,99737,100
2019-06-28 09:59:16.876998407,100016,299,100007,199,100036,199,99977,199,100117,100,99957,199,100177,199,99949,199,100220,199,99924,199,100276,199,99852,100,100305,100,99840,100,100488,100,99818,100,,,99793,100,,,99737,100
2019-06-28 09:59:19.568405183,100016,299,100007,199,100036,199,99977,199,100117,100,99959,100,100177,199,99957,199,100220,199,99949,199,100276,199,99924,199,100305,100,99852,100,100488,100,99840,100,,,99818,100,,,99793,100
2019-06-28 09:59:20.000000000,100016,368,100007,268,100036,263,99977,263,100117,263,99959,263,100177,100,99957,100,100220,100,99949,100,100276,100,99924,100,100305,100,99852,100,100488,100,99840,100,,,99818,100,,,99793,100
2019-06-28 09:59:27.622200364,100016,268,100007,268,100036,263,99977,263,100117,263,99959,263,100177,100,99957,100,100276,100,99949,100,100305,100,99924,100,100488,100,99852,100,,,99840,100,,,99818,100,,,99793,100
2019-06-28 09:59:29.829306455,100016,168,100007,268,100036,263,99977,263,100117,263,99959,263,100177,100,99957,100,100276,100,99949,100,100305,100,99924,100,100488,100,99852,100,,,99840,100,,,99818,100,,,99793,100
2019-06-28 09:59:30.000000000,100036,224,100007,224,100117,224,99977,224,100177,224,99959,224,100276,224,99957,224,100305,100,99949,100,100488,100,99924,100,,,99852,100,,,99840,100,,,99818,100,,,99793,100
2019-06-28 09:59:40.000000000,100036,199,100007,199,100117,199,99977,199,100177,199,99959,199,100276,199,99957,199,100305,199,99949,199,100488,100,99924,100,,,99852,100,,,99840,100,,,99818,100,,,99793,100
2019-06-28 09:59:50.000000000,100036,347,100007,347,100117,347,99977,347,100177,100,99959,100,100276,100,99957,100,100305,100,99949,100,100488,100,99924,100,,,99852,100,,,99840,100,,,99818,100,,,99793,100
2019-06-28 10:00:00.000000000,100036,224,100007,224,100117,224,99977,224,100177,224,99959,224,100276,224,99957,224,100305,100,99949,100,100488,100,99924,100,,,99852,100,,,99840,100,,,99818,100,,,99793,100
2019-06-28 10:00:10.000000000,100036,268,100007,268,100117,263,99977,263,100177,263,99959,263,100276,100,99957,100,100305,100,99949,100,100488,100,99924,100,,,99852,100,,,99840,100,,,99818,100,,,99793,100
2019-06-28 10:00:20.000000000,100036,199,100007,199,100117,199,99977,199,100177,199,99959,199,100276,199,99957,199,100305,199,99949,199,100488,100,99924,100,,,99852,100,,,99840,100,,,99818,100,,,99793,100
2019-06-28 10:00:22.726254116,100036,99,100007,199,100117,199,99977,199,100177,199,99959,199,100276,199,99957,199,100305,199,99949,199,100488,100,99924,100,,,99852,100,,,99840,100,,,99818,100,,,99793,100
2019-06-28 10:00:30.000000000,100117,347,100007,347,100177,347,99977,347,100276,100,99959,100,100305,100,99957,100,100488,100,99949,100,,,99924,100,,,99852,100,,,99840,100,,,99818,100,,,99793,100
2019-06-28 10:00:40.000000000,100117,594,100007,594,100177,100,99977,100,100276,100,99959,100,100305,100,99957,100,100488,100,99949,100,,,99924,100,,,99852,100,,,99840,100,,,99818,100,,,99793,100
2019-06-28 10:00:41.903333805,100117,594,100007,594,100177,100,99977,100,100276,100,99959,100,100305,100,99957,100,100488,100,99949,100,100908,100,99924,100,,,99852,100,,,99840,100,,,99818,100,,,99737,100
2019-06-28 10:00:50.000000000,100117,199,100007,199,100177,199,99977,199,100276,199,99959,199,100305,199,99957,199,100488,199,99949,199,100908,100,99924,100,,,99852,100,,,99840,100,,,99818,100,,,99737,100
2019-06-28 10:00:53.052376997,100117,199,100007,199,100177,199,99977,199,100276,199,99959,199,100305,199,99957,199,100488,199,99949,199,100836,100,99924,100,100908,100,99852,100,,,99840,100,,,99818,100,,,99705,100
2019-06-28 10:00:54.566649021,100117,199,100007,99,100177,199,99977,199,100276,199,99959,199,100305,199,99957,199,100488,199,99949,199,100836,100,99924,100,100908,100,99852,100,,,99840,100,,,99818,100,,,99705,100
2019-06-28 10:01:00.000000000,100117,347,99977,347,100177,347,99959,347,100276,100,99957,100,100305,100,99949,100,100488,100,99924,100,100836,100,99852,100,100908,100,99840,100,,,99818,100,,,99705,100,,,99682,100
2019-06-28 10:01:10.000000000,100117,224,99977,224,100177,224,99959,224,100276,224,99957,224,100305,224,99949,224,100488,100,99924,100,100836,100,99852,100,100908,100,99840,100,,,99818,100,,,99705,100,,,99682,100
2019-06-28 10:01:20.000000000,100117,224,99977,224,100177,224,99959,224,100276,224,99957,224,100305,224,99949,224,100488,100,99924,100,100836,100,99852,100,100908,100,99840,100,,,99818,100,,,99705,100,,,99682,100
2019-06-28 10:01:23.640999459,100117,124,99977,224,100177,224,99959,124,100276,224,99957,224,100305,224,99949,224,100488,100,99924,100,100836,100,99852,100,100908,100,99840,100,,,99818,100,,,99705,100,,,99682,100
2019-06-28 10:01:30.000000000,100177,347,99977,347,100276,347,99957,347,100305,100,99949,100,100488,100,99924,100,100836,100,99852,100,100908,100,99840,100,,,99818,100,,,99705,100,,,99682,100,,,99670,100
2019-06-28 10:01:32.584506202,100177,347,99977,347,100276,347,99957,347,100305,100,99949,100,100552,100,99924,100,100836,100,99852,100,100908,100,99840,100,,,99818,100,,,99705,100,,,99682,100,,,99670,100
2019-06-28 10:01:32.636614917,100177,347,100036,100,100276,347,99977,347,100305,100,99957,347,100552,100,99949,100,100836,100,99924,100,100908,100,99852,100,,,99840,100,,,99818,100,,,99705,100,,,99682,100
2019-06-28 10:01:34.253787861,100177,347,100036,100,100276,347,99977,347,100305,100,99957,347,100552,100,99949,100,100750,100,99924,100,100836,100,99852,100,100908,100,99840,100,,,99818,100,,,99705,100,,,99682,100
2019-06-28 10:01:40.000000000,100177,594,100036,594,100276,100,99977,100,100305,100,99957,100,100552,100,99949,100,100750,100,99924,100,100836,100,99852,100,100908,100,99840,100,,,99818,100,,,99705,100,,,99682,100
2019-06-28 10:01:50.000000000,100177,347,100036,347,100276,347,99977,347,100305,100,99957,100,100552,100,99949,100,100750,100,99924,100,100836,100,99852,100,100908,100,99840,100,,,99818,100,,,99705,100,,,99682,100
2019-06-28 10:01:50.855257890,100177,347,100036,447,100276,347,99977,347,100305,100,99957,100,100552,100,99949,100,100750,100,99924,100,100836,100,99852,100,100908,100,99840,100,,,99818,100,,,99705,100,,,99682,100
2019-06-28 10:02:00.000000000,100177,268,100036,368,100276,263,99977,263,100305,263,99957,263,100552,100,99949,100,100750,100,99924,100,100836,100,99852,100,100908,100,99840,100,,,99818,100,,,99705,100,,,99682,100
2019-06-28 10:02:01.752271530,100177,168,100036,368,100276,263,99977,263,100305,263,99957,263,100552,100,99949,100,100750,100,99924,100,100836,100,99852,100,100908,100,99840,100,,,99818,100,,,99705,100,,,99682,100
2019-06-28 10:02:04.843192085,100177,68,100036,368,100276,263,99977,263,100305,263,99957,263,100552,100,99949,100,100750,100,99924,100,100908,100,99852,100,,,99840,100,,,99818,100,,,99705,100,,,99682,100
2019-06-28 10:02:06.585046306,100177,68,100036,368,100276,263,99977,263,100305,263,99957,263,100498,100,99924,100,100552,100,99852,100,100750,100,99840,100,100908,100,99818,100,,,99705,100,,,99682,100,,,99670,100
2019-06-28 10:02:10.000000000,100276,268,100036,368,100305,263,99977,263,100498,263,99957,263,100552,100,99924,100,100750,100,99852,100,100908,100,99840,100,,,99818,100,,,99705,100,,,99682,100,,,99670,100
2019-06-28 10:02:15.564589755,100276,168,100036,368,100305,263,99977,263,100498,263,99957,263,100552,100,99924,100,100750,100,99852,100,100908,100,99840,100,,,99818,100,,,99705,100,,,99682,100,,,99670,100
2019-06-28 10:02:20.000000000,100305,199,100036,299,100498,199,99977,199,100552,199,99957,199,100750,199,99924,199,100908,199,99852,199,,,99840,100,,,99818,100,,,99705,100,,,99682,100,,,99670,100
2019-06-28 10:02:30.000000000,100305,224,100036,324,100498,224,99977,224,100552,224,99957,224,100750,224,99924,224,100908,100,99852,100,,,99840,100,,,99818,100,,,99705,100,,,99682,100,,,99670,100
2019-06-28 10:02:38.070666379,100305,224,100036,324,100323,100,99977,224,100498,224,99957,224,100552,224,99924,224,100750,224,99852,100,100908,100,99840,100,,,99818,100,,,99705,100,,,99682,100,,,99670,100
2019-06-28 10:02:40.000000000,100305,268,100036,368,100323,263,99977,263,100498,263,99957,263,100552,100,99924,100,100750,100,99852,100,100908,100,99840,100,,,99818,100,,,99705,100,,,99682,100,,,99670,100
2019-06-28 10:02:50.000000000,100305,594,100036,694,100323,100,99977,100,100498,100,99957,100,100552,100,99924,100,100750,100,99852,100,100908,100,99840,100,,,99818,100,,,99705,100,,,99682,100,,,99670,100
2019-06-28 10:02:59.904674121,100305,594,100036,694,100323,100,100012,100,100498,100,99977,100,100552,100,99957,100,100750,100,99924,100,100908,100,99852,100,,,99840,100,,,99818,100,,,99705,100,,,99682,100
2019-06-28 10:03:00.000000000,100305,224,100036,324,100323,224,100012,224,100498,224,99977,224,100552,224,99957,224,100750,100,99924,100,100908,100,99852,100,,,99840,100,,,99818,100,,,99705,100,,,99682,100
2019-06-28 10:03:10.000000000,100305,224,100036,324,100323,224,100012,224,100498,224,99977,224,100552,224,99957,224,100750,100,99924,100,100908,100,99852,100,,,99840,100,,,99818,100,,,99705,100,,,99682,100
2019-06-28 10:03:20.000000000,100305,347,100036,447,100323,347,100012,347,100498,100,99977,100,100552,100,99957,100,100750,100,99924,100,100908,100,99852,100,,,99840,100,,,99818,100,,,99705,100,,,99682,100
2019-06-28 10:03:30.000000000,100305,594,100036,694,100323,100,100012,100,100498,100,99977,100,100552,100,99957,100,100750,100,99924,100,100908,100,99852,100,,,99840,100,,,99818,100,,,99705,100,,,99682,100
2019-06-28 10:03:32.887424441,100093,100,100036,694,100305,594,100012,100,100323,100,99977,100,100498,100,99957,100,100552,100,99924,100,100750,100,99852,100,100908,100,99840,100,,,99818,100,,,99705,100,,,99682,100
2019-06-28 10:03:33.874741524,100093,100,100036,694,100275,100,100012,100,100305,594,99977,100,100323,100,99957,100,100498,100,99924,100,100552,100,99852,100,100750,100,99840,100,100908,100,99818,100,,,99705,100,,,99682,100
2019-06-28 10:03:39.323466996,100093,100,100036,694,100275,100,100012,100,100305,594,99977,100,100323,100,99957,100,100498,100,99924,100,100552,100,99856,100,100750,100,99852,100,100908,100,99840,100,,,99818,100,,,99705,100
2019-06-28 10:03:40.000000000,100093,347,100036,447,100275,347,100012,347,100305,100,99977,100,100323,100,99957,100,100498,100,99924,100,100552,100,99856,100,100750,100,99852,100,100908,100,99840,100,,,99818,100,,,99705,100
2019-06-28 10:03:40.293748176,100093,347,100036,447,100275,447,100012,347,100305,100,99977,100,100323,100,99957,100,100498,100,99924,100,100552,100,99856,100,100750,100,99852,100,100908,100,99840,100,,,99818,100,,,99705,100
2019-06-28 10:03:50.000000000,100093,594,100036,694,100275,200,100012,100,100305,100,99977,100,100323,100,99957,100,100498,100,99924,100,100552,100,99856,100,100750,100,99852,100,100908,100,99840,100,,,99818,100,,,99705,100
2019-06-28 10:04:00.000000000,100093,347,100036,447,100275,447,100012,347,100305,100,99977,100,100323,100,99957,100,100498,100,99924,100,100552,100,99856,100,100750,100,99852,100,100908,100,99840,100,,,99818,100,,,99705,100
2019-06-28 10:04:10.000000000,100093,199,100036,299,100275,299,100012,199,100305,199,99977,199,100323,199,99957,199,100498,199,99924,199,100552,100,99856,100,100750,100,99852,100,100908,100,99840,100,,,99818,100,,,99705,100
2019-06-28 10:04:15.124073738,100093,199,100036,199,100275,299,100012,199,100305,199,99977,199,100323,199,99957,199,100498,199,99924,199,100552,100,99856,100,100750,100,99852,100,100908,100,99840,100,,,99818,100,,,99705,100
2019-06-28 10:04:20.000000000,100093,268,100036,268,100275,363,100012,263,100305,263,99977,263,100323,100,99957,100,100498,100,99924,100,100552,100,99856,100,100750,100,99852,100,100908,100,99840,100,,,99818,100,,,99705,100
2019-06-28 10:04:22.978394478,100093,268,100036,268,100267,100,100012,263,100275,363,99977,263,100305,263,99957,100,100323,100,99924,100,100498,100,99856,100,100552,100,99852,100,100750,100,99840,100,100908,100,99818,100,,,99705,100
2019-06-28 10:04:27.242140333,100093,268,100036,268,100225,100,100012,263,100267,100,99977,263,100275,363,99957,100,100305,263,99856,100,100323,100,99852,100,100498,100,99840,100,100552,100,99818,100,100750,100,99705,100,100908,100,99682,100
2019-06-28 10:04:27.684099993,100093,268,100036,268,100102,100,100012,263,100225,100,99977,263,100267,100,99957,100,100275,363,99856,100,100305,263,99852,100,100323,100,99840,100,100498,100,99818,100,100552,100,99705,100,100750,100,99682,100
2019-06-28 10:04:30.000000000,100093,224,100036,224,100102,224,100012,224,100225,224,99977,224,100267,224,99957,224,100275,200,99856,100,100305,100,99852,100,100323,100,99840,100,100498,100,99818,100,100552,100,99705,100,100750,100,99682,100
2019-06-28 10:04:33.308787080,100093,224,100036,224,100102,224,100012,224,100225,124,99977,224,100267,224,99957,224,100275,200,99856,100,100305,100,99852,100,100323,100,99840,100,100352,100,99818,100,100498,100,99705,100,100552,100,99682,100
2019-06-28 10:04:40.000000000,100093,347,100036,347,100102,347,100012,347,100267,100,99977,100,100275,200,99957,100,100305,100,99856,100,100323,100,99852,100,100352,100,99840,100,100498,100,99818,100,100552,100,99705,100,100750,100,99682,100
2019-06-28 10:04:40.632234373,100093,347,100036,247,100102,347,100012,347,100267,100,99977,100,100275,200,99957,100,100305,100,99856,100,100323,100,99852,100,100352,100,99840,100,100498,100,99818,100,100552,100,99705,100,100750,100,99682,100
2019-06-28 10:04:50.000000000,100093,268,100012,268,100102,263,99977,263,100267,263,99957,263,100275,200,99856,100,100305,100,99852,100,100323,100,99840,100,100352,100,99818,100,100498,100,99705,100,100552,100,99682,100,100750,100,99670,100
2019-06-28 10:05:00.000000000,100093,347,100012,347,100102,347,99977,347,100267,100,99957,100,100275,200,99856,100,100305,100,99852,100,100323,100,99840,100,100352,100,99818,100,100498,100,99705,100,100552,100,99682,100,100750,100,99670,100
2019-06-28 10:05:10.000000000,100093,199,100012,199,100102,199,99977,199,100267,199,99957,199,100275,299,99856,199,100305,199,99852,199,100323,100,99840,100,100352,100,99818,100,100498,100,99705,100,100552,100,99682,100,100750,100,99670,100
2019-06-28 10:05:13.732280068,100093,199,100012,199,100102,199,99977,199,100267,199,99957,199,100275,299,99856,199,100305,199,99852,199,100323,100,99840,100,100352,100,99705,100,100498,100,99682,100,100552,100,99670,100,100750,100,99051,100
2019-06-28 10:05:20.000000000,100093,268,100012,268,100102,263,99977,263,100267,263,99957,263,100275,200,99856,100,100305,100,99852,100,100323,100,99840,100,100352,100,99705,100,100498,100,99682,100,100552,100,99670,100,100750,100,99051,100
2019-06-28 10:05:30.000000000,100093,594,100012,594,100102,100,99977,100,100267,100,99957,100,100275,200,99856,100,100305,100,99852,100,100323,100,99840,100,100352,100,99705,100,100498,100,99682,100,100552,100,99670,100,100750,100,99051,100
2019-06-28 10:05:40.000000000,100093,199,100012,199,100102,199,99977,199,100267,199,99957,199,100275,299,99856,199,100305,199,99852,199,100323,100,99840,100,100352,100,99705,100,100498,100,99682,100,100552,100,99670,100,100750,100,99051,100
2019-06-28 10:05:50.000000000,100093,199,100012,199,100102,199,99977,199,100267,199,99957,199,100275,299,99856,199,100305,199,99852,199,100323,100,99840,100,100352,100,99705,100,100498,100,99682,100,100552,100,99670,100,100750,100,99051,100
2019-06-28 10:05:57.002197161,100093,199,100012,99,100102,199,99977,199,100267,199,99957,199,100275,299,99856,199,100305,199,99852,199,100323,100,99840,100,100352,100,99705,100,100498,100,99682,100,100552,100,99670,100,100750,100,99051,100
2019-06-28 10:06:00.000000000,100093,594,99977,594,100102,100,99957,100,100267,100,99856,100,100275,200,99852,100,100305,100,99840,100,100323,100,99705,100,100352,100,99682,100,100498,100,99670,100,100552,100,99051,100,100750,100,,
2019-06-28 10:06:10.000000000,100093,224,99977,224,100102,224,99957,224,100267,224,99856,224,100275,324,99852,224,100305,100,99840,100,100323,100,99705,100,100352,100,99682,100,100498,100,99670,100,100552,100,99051,100,100750,100,,
2019-06-28 10:06:20.000000000,100093,347,99977,347,100102,347,99957,347,100267,100,99856,100,100275,200,99852,100,100305,100,99840,100,100323,100,99705,100,100352,100,99682,100,100498,100,99670,100,100552,100,99051,100,100750,100,,
2019-06-28 10:06:20.934757088,100093,347,99977,347,100102,347,99957,347,100267,100,99856,100,100275,200,99852,100,100305,100,99840,100,100323,100,99705,100,100352,100,99682,100,100498,100,99670,100,100552,100,99051,100,100750,100,98900,100
2019-06-28 10:06:24.335096522,100093,347,99977,247,100102,347,99957,347,100267,100,99856,100,100275,200,99852,100,100305,100,99840,100,100323,100,99705,100,100352,100,99682,100,100498,100,99670,100,100552,100,99051,200,100750,100,98900,100
2019-06-28 10:06:30.000000000,100093,594,99957,594,100102,100,99856,100,100267,100,99852,100,100275,200,99840,100,100305,100,99705,100,100323,100,99682,100,100352,100,99670,100,100498,100,99051,200,100552,100,98900,100,100750,100,,
2019-06-28 10:06:32.248214095,100036,100,99957,594,100093,594,99856,100,100102,100,99852,100,100267,100,99840,100,100275,200,99705,100,100305,100,99682,100,100323,100,99670,100,100352,100,99051,200,100498,100,98900,100,100552,100,,
2019-06-28 10:06:40.000000000,100036,594,99957,594,100093,100,99856,100,100102,100,99852,100,100267,100,99840,100,100275,200,99705,100,100305,100,99682,100,100323,100,99670,100,100352,100,99051,200,100498,100,98900,100,100552,100,,
2019-06-28 10:06:50.000000000,100036,268,99957,268,100093,263,99856,263,100102,263,99852,263,100267,100,99840,100,100275,200,99705,100,100305,100,99682,100,100323,100,99670,100,100352,100,99051,200,100498,100,98900,100,100552,100,,
2019-06-28 10:06:56.938786237,100036,268,99957,168,100093,263,99856,263,100102,263,99852,263,100267,100,99840,100,100275,200,99705,100,100305,100,99682,100,100323,100,99670,100,100352,100,99051,200,100498,100,98900,100,100552,100,,
2019-06-28 10:07:00.000000000,100036,268,99856,268,100093,263,99852,263,100102,263,99840,263,100267,100,99705,100,100275,200,99682,100,100305,100,99670,100,100323,100,99051,200,100352,100,98900,100,100498,100,,,100552,100,,
2019-06-28 10:07:04.922981583,100036,268,99856,268,100093,263,99852,263,100102,263,99840,263,100267,100,99705,100,100275,200,99682,100,100305,100,99670,100,100323,100,99051,200,100352,100,98900,100,100498,100,98699,100,100552,100,,
2019-06-28 10:07:10.000000000,100036,224,99856,224,100093,224,99852,224,100102,224,99840,224,100267,224,99705,224,100275,200,99682,100,100305,100,99670,100,100323,100,99051,200,100352,100,98900,100,100498,100,98699,100,100552,100,,
2019-06-28 10:07:20.000000000,100036,347,99856,347,100093,347,99852,347,100102,100,99840,100,100267,100,99705,100,100275,200,99682,100,100305,100,99670,100,100323,100,99051,200,100352,100,98900,100,100498,100,98699,100,100552,100,,
2019-06-28 10:07:30.000000000,100036,594,99856,594,100093,100,99852,100,100102,100,99840,100,100267,100,99705,100,100275,200,99682,100,100305,100,99670,100,100323,100,99051,200,100352,100,98900,100,100498,100,98699,100,100552,100,,
2019-06-28 10:07:31.565203855,100036,594,99856,494,100093,100,99852,100,100102,100,99840,100,100267,100,99705,100,100275,200,99682,100,100305,100,99670,100,100323,100,99051,200,100352,100,98900,100,100498,100,98699,100,100552,100,,
2019-06-28 10:07:40.000000000,100036,199,99852,199,100093,199,99840,199,100102,199,99705,199,100267,199,99682,199,100275,299,99670,199,100305,100,99051,200,100323,100,98900,100,100352,100,98699,100,100498,100,,,100552,100,,
2019-06-28 10:07:45.166247863,100036,199,99852,199,100093,199,99840,199,100102,199,99705,199,100267,99,99682,199,100275,299,99670,199,100305,100,99051,200,100323,100,98900,100,100352,100,98868,100,100498,100,98699,100,100552,100,,
2019-06-28 10:07:50.000000000,100036,199,99852,199,100093,199,99840,199,100102,199,99705,199,100275,299,99682,199,100305,199,99670,199,100323,100,99051,200,100352,100,98900,100,100498,100,98868,100,100552,100,98699,100,100750,100,,
2019-06-28 10:08:00.000000000,100036,199,99852,199,100093,199,99840,199,100102,199,99705,199,100275,299,99682,199,100305,199,99670,199,100323,100,99051,200,100352,100,98900,100,100498,100,98868,100,100552,100,98699,100,100750,100,,
2019-06-28 10:08:08.028309620,100036,199,99852,199,100093,199,99840,199,100102,199,99705,199,100275,299,99682,199,100305,199,99670,199,100323,100,99051,200,100352,100,98900,100,100498,100,98868,100,100552,100,98849,100,100750,100,98699,100
2019-06-28 10:08:09.378110487,100036,199,99852,199,100093,199,99840,199,100102,199,99705,199,100275,299,99682,199,100305,199,99670,199,100323,100,99051,200,100352,100,98965,100,100498,100,98900,100,100552,100,98868,100,100750,100,98849,100
2019-06-28 10:08:10.000000000,100036,347,99852,347,100093,347,99840,347,100102,100,99705,100,100275,200,99682,100,100305,100,99670,100,100323,100,99051,200,100352,100,98965,100,100498,100,98900,100,100552,100,98868,100,100750,100,98849,100
2019-06-28 10:08:19.067154134,100036,347,99852,247,100093,347,99840,347,100275,200,99705,100,100305,100,99682,100,100323,100,99670,100,100352,100,99051,200,100498,100,98965,100,100552,100,98900,100,100750,100,98868,100,100908,100,98849,100
2019-06-28 10:08:19.971159269,99856,100,99852,247,100036,347,99840,347,100093,347,99705,100,100275,200,99682,100,100305,100,99670,100,100323,100,99051,200,100352,100,98965,100,100498,100,98900,100,100552,100,98868,100,100750,100,98849,100
2019-06-28 10:08:20.000000000,99856,594,99840,594,100036,100,99705,100,100093,100,99682,100,100275,200,99670,100,100305,100,99051,200,100323,100,98965,100,100352,100,98900,100,100498,100,98868,100,100552,100,98849,100,100750,100,98699,100
2019-06-28 10:08:30.000000000,99856,268,99840,268,100036,263,99705,263,100093,263,99682,263,100275,200,99670,100,100305,100,99051,200,100323,100,98965,100,100352,100,98900,100,100498,100,98868,100,100552,100,98849,100,100750,100,98699,100
2019-06-28 10:08:40.000000000,99856,594,99840,594,100036,100,99705,100,100093,100,99682,100,100275,200,99670,100,100305,100,99051,200,100323,100,98965,100,100352,100,98900,100,100498,100,98868,100,100552,100,98849,100,100750,100,98699,100
