,ask_price_1,ask_size_1,bid_price_1,bid_size_1,ask_price_2,ask_size_2,bid_price_2,bid_size_2,ask_price_3,ask_size_3,bid_price_3,bid_size_3,ask_price_4,ask_size_4,bid_price_4,bid_size_4,ask_price_5,ask_size_5,bid_price_5,bid_size_5,ask_price_6,ask_size_6,bid_price_6,bid_size_6,ask_price_7,ask_size_7,bid_price_7,bid_size_7,ask_price_8,ask_size_8,bid_price_8,bid_size_8,ask_price_9,ask_size_9,bid_price_9,bid_size_9,ask_price_10,ask_size_10,bid_price_10,bid_size_10
2019-06-28 09:30:00.000000000,100067,100,99993,100,,,,,,,,,,,,,,,,,,,,,,,,,,,,,,,,,,,,
2019-06-28 09:30:00.000000001,100044,100,99993,100,100067,100,,,,,,,,,,,,,,,,,,,,,,,,,,,,,,,,,,
2019-06-28 09:30:00.000000003,100044,100,100010,100,100067,100,99993,100,,,,,,,,,,,,,,,,,,,,,,,,,,,,,,,,
2019-06-28 09:30:00.000000005,100044,100,100010,100,100045,100,99993,100,100067,100,,,,,,,,,,,,,,,,,,,,,,,,,,,,,,
2019-06-28 09:30:00.000000006,100044,100,99993,100,100045,100,,,100067,100,,,100095,100,,,,,,,,,,,,,,,,,,,,,,,,,,
2019-06-28 09:30:00.000000009,100044,100,99993,100,100045,100,,,100067,100,,,100095,100,,,100128,100,,,,,,,,,,,,,,,,,,,,,,
2019-06-28 09:30:00.000000010,100044,100,99918,100,100045,100,,,100067,100,,,100095,100,,,100128,100,,,,,,,,,,,,,,,,,,,,,,
2019-06-28 09:30:00.000000012,100044,100,99918,100,100045,100,99871,100,100067,100,,,100095,100,,,100128,100,,,,,,,,,,,,,,,,,,,,,,
2019-06-28 09:30:00.000000014,100044,100,99918,100,100045,100,99871,100,100067,100,,,100095,100,,,100098,100,,,100128,100,,,,,,,,,,,,,,,,,,
2019-06-28 09:30:00.000000015,100045,100,99918,100,100067,100,99871,100,100095,100,,,100098,100,,,100128,100,,,,,,,,,,,,,,,,,,,,,,
2019-06-28 09:30:00.000000016,100045,100,99918,100,100067,100,99871,100,100095,100,,,100098,100,,,100128,100,,,100180,100,,,,,,,,,,,,,,,,,,
2019-06-28 09:30:00.000000018,100045,100,99993,100,100067,100,99918,100,100095,100,99871,100,100098,100,,,100128,100,,,100180,100,,,,,,,,,,,,,,,,,,
2019-06-28 09:30:00.000000020,100045,100,99993,100,100067,100,99973,100,100095,100,99918,100,100098,100,99871,100,100128,100,,,100180,100,,,,,,,,,,,,,,,,,,
2019-06-28 09:30:00.000000024,100045,100,99993,100,100067,100,99973,100,100095,100,99918,100,100098,100,99871,100,100128,100,99813,100,100180,100,,,,,,,,,,,,,,,,,,
2019-06-28 09:30:00.000000025,100045,100,99993,100,100067,100,99973,100,100095,100,99918,100,100098,100,99871,100,100128,100,99813,100,100180,100,99811,100,,,,,,,,,,,,,,,,
2019-06-28 09:30:00.000000027,100044,100,99993,100,100045,100,99973,100,100067,100,99918,100,100095,100,99871,100,100098,100,99813,100,100128,100,99811,100,100180,100,,,,,,,,,,,,,,
2019-06-28 09:30:00.000000029,100044,100,99993,100,100045,100,99973,100,100067,100,99918,100,100095,100,99871,100,100098,100,99813,100,100128,100,99811,100,100175,100,,,100180,100,,,,,,,,,,
2019-06-28 09:30:00.000000030,100044,100,99993,100,100045,100,99973,100,100046,100,99936,100,100067,100,99918,100,100095,100,99871,100,100098,100,99813,100,100128,100,99811,100,100175,100,,,100180,100,,,,,,
2019-06-28 09:30:00.000000031,100044,100,99993,100,100045,100,99973,100,100046,100,99936,100,100067,100,99920,100,100095,100,99918,100,100098,100,99871,100,100128,100,99813,100,100175,100,99811,100,100180,100,,,,,,
2019-06-28 09:30:00.000000032,100044,200,99993,100,100045,100,99973,100,100046,100,99936,100,100067,100,99920,100,100095,100,99918,100,100098,100,99871,100,100128,100,99813,100,100175,100,99811,100,100180,100,,,,,,
2019-06-28 09:30:00.000000035,100037,100,99993,100,100044,200,99973,100,100045,100,99936,100,100046,100,99920,100,100067,100,99918,100,100095,100,99871,100,100098,100,99813,100,100128,100,99811,100,100175,100,,,100180,100,,
2019-06-28 09:30:00.000000036,100037,100,99993,100,100044,200,99975,100,100045,100,99973,100,100046,100,99936,100,100067,100,99920,100,100095,100,99918,100,100098,100,99871,100,100128,100,99813,100,100175,100,99811,100,100180,100,,
2019-06-28 09:30:00.000000037,100037,100,99993,100,100044,200,99975,100,100045,100,99973,100,100046,100,99936,100,100067,100,99920,100,100095,100,99918,100,100098,100,99871,100,100109,100,99813,100,100128,100,99811,100,100175,100,,
2019-06-28 09:30:00.000000040,100037,100,99993,100,100044,200,99975,100,100045,100,99973,100,100046,100,99936,100,100067,100,99928,100,100095,100,99920,100,100098,100,99918,100,100109,100,99871,100,100128,100,99813,100,100175,100,99811,100
2019-06-28 09:30:00.000000041,100037,100,99993,100,100044,300,99975,100,100045,100,99973,100,100046,100,99936,100,100067,100,99928,100,100095,100,99920,100,100098,100,99918,100,100109,100,99871,100,100113,100,99813,100,100128,100,99811,100
2019-06-28 09:30:00.000000042,99999,100,99993,100,100037,100,99982,100,100044,300,99975,100,100045,100,99973,100,100046,100,99936,100,100067,100,99928,100,100095,100,99920,100,100098,100,99918,100,100109,100,99871,100,100113,100,99813,100
2019-06-28 09:30:00.000000043,99999,100,99993,200,100037,100,99982,100,100044,300,99975,100,100045,100,99973,100,100046,100,99936,100,100067,100,99928,100,100095,100,99920,100,100098,100,99918,100,100109,100,99871,100,100113,100,99825,100
2019-06-28 09:30:00.000000047,99999,100,99993,200,100037,100,99982,100,100044,400,99975,100,100045,100,99973,100,100046,100,99936,100,100067,100,99928,100,100095,100,99920,100,100098,100,99918,100,100109,100,99871,100,100113,100,99825,100
2019-06-28 09:30:00.000000050,99999,100,99993,200,100037,100,99982,100,100044,400,99975,100,100045,100,99973,100,100046,100,99936,100,100067,100,99928,100,100095,100,99920,100,100098,100,99918,100,100109,100,99912,100,100113,100,99871,100
2019-06-28 09:30:00.000000053,99999,100,99993,200,100037,100,99982,100,100044,400,99975,100,100045,100,99973,100,100046,100,99936,100,100067,100,99928,100,100072,100,99920,100,100095,100,99918,100,100098,100,99912,100,100109,100,99871,100
2019-06-28 09:30:00.000000055,99999,100,99993,200,100037,100,99982,100,100044,600,99975,100,100045,100,99973,100,100046,100,99936,100,100067,100,99928,100,100072,100,99920,100,100095,100,99918,100,100098,100,99912,100,100109,100,99871,100
2019-06-28 09:30:00.000000058,99999,100,99993,200,100037,100,99982,100,100044,600,99975,100,100045,100,99973,100,100046,100,99936,100,100067,100,99928,100,100072,100,99920,100,100095,100,99918,100,100098,100,99912,100,100109,100,99871,100
2019-06-28 09:30:00.000000059,99999,100,99982,100,100037,100,99975,100,100044,600,99973,100,100045,100,99936,100,100046,100,99928,100,100067,100,99920,100,100072,100,99918,100,100095,100,99912,100,100098,100,99871,100,100109,100,99825,100
2019-06-28 09:30:00.000000061,99999,100,99982,100,100037,100,99975,100,100044,600,99973,100,100045,100,99936,100,100046,100,99928,100,100067,100,99920,100,100072,100,99918,100,100095,100,99912,100,100098,100,99871,100,100109,100,99861,100
2019-06-28 09:30:00.000000064,99999,100,99982,100,100037,100,99975,100,100042,100,99973,100,100044,600,99936,100,100045,100,99928,100,100046,100,99920,100,100067,100,99918,100,100072,100,99912,100,100095,100,99871,100,100098,100,99861,100
2019-06-28 09:30:00.000000066,99999,100,99982,100,100037,100,99980,100,100042,100,99975,100,100044,600,99973,100,100045,100,99936,100,100046,100,99928,100,100067,100,99920,100,100072,100,99918,100,100095,100,99912,100,100098,100,99871,100
2019-06-28 09:30:00.000000068,99999,100,99993,100,100037,100,99982,100,100042,100,99980,100,100044,600,99975,100,100045,100,99973,100,100046,100,99936,100,100067,100,99928,100,100072,100,99920,100,100095,100,99918,100,100098,100,99912,100
2019-06-28 09:30:00.000000069,99999,100,99993,200,100037,100,99982,100,100042,100,99980,100,100044,600,99975,100,100045,100,99973,100,100046,100,99936,100,100067,100,99928,100,100072,100,99920,100,100095,100,99918,100,100098,100,99912,100
2019-06-28 09:30:00.000000070,99999,100,99993,100,100037,100,99982,100,100042,100,99980,100,100044,600,99975,100,100045,100,99973,100,100046,100,99964,100,100067,100,99950,100,100072,100,99936,100,100095,100,99928,100,100098,100,99920,100
2019-06-28 09:30:00.000000074,99999,100,99993,100,100037,100,99982,100,100042,100,99980,100,100044,600,99975,100,100045,100,99973,100,100046,200,99964,100,100067,100,99950,100,100072,100,99936,100,100095,100,99928,100,100098,100,99920,100
2019-06-28 09:30:00.000000076,99999,100,99993,200,100037,100,99982,100,100042,100,99980,100,100044,600,99975,100,100045,100,99973,100,100046,200,99964,100,100067,100,99950,100,100072,100,99936,100,100095,100,99928,100,100098,100,99920,100
2019-06-28 09:30:00.000000078,100037,100,99993,200,100042,100,99982,100,100044,600,99980,100,100045,100,99975,100,100046,200,99973,100,100067,100,99964,100,100072,100,99950,100,100095,100,99936,100,100098,100,99928,100,100107,100,99920,100
2019-06-28 09:30:00.000000080,100037,100,100017,100,100042,100,99993,200,100044,600,99982,100,100045,100,99980,100,100046,200,99975,100,100067,100,99973,100,100072,100,99964,100,100095,100,99950,100,100098,100,99936,100,100107,100,99928,100
2019-06-28 09:30:00.000000081,100037,100,99993,200,100042,100,99982,100,100044,600,99980,100,100045,100,99975,100,100046,200,99973,100,100067,100,99964,100,100072,100,99950,100,100095,100,99936,100,100098,100,99928,100,100107,100,99920,100
2019-06-28 09:30:00.000000086,100037,100,100018,100,100042,100,99993,200,100044,600,99982,100,100045,100,99980,100,100046,200,99975,100,100058,100,99973,100,100067,100,99964,100,100072,100,99950,100,100095,100,99936,100,100098,100,99928,100
2019-06-28 09:30:00.000000089,100037,100,100018,100,100042,100,99999,100,100044,600,99993,200,100045,100,99982,100,100046,200,99980,100,100058,100,99975,100,100067,100,99973,100,100072,100,99964,100,100095,100,99950,100,100098,100,99936,100
2019-06-28 09:30:00.000000091,100037,100,100018,100,100042,100,99999,100,100044,600,99993,200,100045,100,99982,100,100046,200,99980,100,100058,100,99975,100,100067,100,99973,100,100072,100,99964,100,100076,100,99950,100,100095,100,99936,100
2019-06-28 09:30:00.000000092,100037,100,100018,100,100042,100,100007,100,100044,600,99999,100,100045,100,99993,200,100046,200,99982,100,100058,100,99980,100,100067,100,99975,100,100072,100,99973,100,100076,100,99964,100,100095,100,99950,100
2019-06-28 09:30:00.000000093,100031,100,100018,100,100037,100,100007,100,100042,100,99999,100,100044,600,99993,200,100045,100,99982,100,100046,200,99980,100,100058,100,99975,100,100067,100,99973,100,100072,100,99964,100,100076,100,99950,100
2019-06-28 09:30:00.000000096,100031,100,100018,100,100037,100,100007,100,100042,100,99999,100,100044,600,99993,200,100045,200,99982,100,100046,200,99980,100,100058,100,99975,100,100067,100,99973,100,100072,100,99964,100,100076,100,99950,100
2019-06-28 09:30:05.943002939,100031,100,100018,100,100037,100,100007,100,100042,100,99999,100,100044,600,99993,200,100045,200,99982,100,100046,200,99980,100,100058,100,99975,100,100067,100,99973,100,100072,100,99970,100,100076,100,99964,100
2019-06-28 09:30:07.854708329,100031,100,100018,100,100037,100,100007,100,100042,100,99999,100,100044,600,99993,200,100045,200,99982,100,100046,200,99980,100,100058,100,99975,100,100067,100,99973,100,100072,100,99972,100,100076,100,99970,100
2019-06-28 09:30:10.000000000,100031,199,100018,199,100037,199,100007,199,100042,199,99999,199,100044,699,99993,299,100045,299,99982,199,100046,200,99980,100,100058,100,99975,100,100067,100,99973,100,100072,100,99972,100,100076,100,99970,100
2019-06-28 09:30:14.707622718,100031,199,100018,199,100037,199,100007,199,100042,199,99999,199,100044,699,99993,299,100045,299,99982,199,100046,200,99980,100,100058,100,99975,100,100067,100,99973,100,100072,100,99972,100,100076,100,99970,100
2019-06-28 09:30:15.844514221,100031,199,100018,199,100037,199,100007,199,100042,199,99999,199,100044,699,99993,299,100045,299,99982,199,100046,200,99980,100,100058,100,99973,100,100067,100,99972,100,100072,100,99970,100,100076,100,99964,100
2019-06-28 09:30:20.000000000,100031,224,100018,224,100037,224,100007,224,100042,224,99999,224,100044,724,99993,324,100045,200,99982,100,100046,200,99980,100,100058,100,99973,100,100067,100,99972,100,100072,100,99970,100,100076,100,99964,100
2019-06-28 09:30:24.742283923,100031,224,100018,224,100037,224,100007,224,100042,224,99999,224,100044,724,99993,324,100045,200,99982,100,100046,100,99980,100,100058,100,99973,100,100067,100,99972,100,100072,100,99970,100,100076,100,99964,100
2019-06-28 09:30:28.123652741,100031,124,100018,224,100037,224,100007,224,100042,224,99999,224,100044,724,99993,324,100045,200,99982,100,100046,100,99980,100,100058,100,99973,100,100067,100,99970,100,100072,100,99964,100,100076,100,99950,100
2019-06-28 09:30:30.000000000,100037,596,100018,596,100042,100,100007,100,100044,600,99999,100,100045,200,99993,200,100046,100,99982,100,100058,100,99980,100,100067,100,99973,100,100072,100,99970,100,100076,100,99964,100,100086,100,99950,100
2019-06-28 09:30:36.660433004,100037,596,100018,596,100042,100,100007,100,100044,500,99999,100,100045,200,99993,200,100046,100,99982,100,100058,100,99980,100,100067,100,99973,100,100072,100,99970,100,100076,100,99964,100,100086,100,99950,100
2019-06-28 09:30:40.000000000,100037,224,100018,224,100042,224,100007,224,100044,624,99999,224,100045,324,99993,324,100046,100,99982,100,100058,100,99980,100,100067,100,99973,100,100072,100,99970,100,100076,100,99964,100,100086,100,99950,100
2019-06-28 09:30:47.531098879,100037,124,100018,224,100042,224,100007,224,100044,624,99999,224,100045,324,99993,324,100046,100,99982,100,100058,100,99980,100,100067,100,99973,100,100072,100,99970,100,100076,100,99964,100,100086,100,99950,100
2019-06-28 09:30:50.000000000,100042,269,100018,269,100044,664,100007,264,100045,364,99999,264,100046,100,99993,200,100058,100,99982,100,100067,100,99980,100,100072,100,99973,100,100076,100,99970,100,100086,100,99964,100,100095,100,99950,100
2019-06-28 09:31:00.000000000,100042,596,100018,596,100044,500,100007,100,100045,200,99999,100,100046,100,99993,200,100058,100,99982,100,100067,100,99980,100,100072,100,99973,100,100076,100,99970,100,100086,100,99964,100,100095,100,99950,100
2019-06-28 09:31:03.786948933,100042,596,100018,596,100044,500,100007,100,100045,200,99999,100,100046,100,99993,200,100058,100,99982,100,100067,100,99980,100,100072,100,99973,100,100076,100,99970,100,100086,100,99964,100,100095,100,99950,100
2019-06-28 09:31:10.000000000,100042,596,100018,596,100044,500,100007,100,100045,200,99999,100,100046,100,99993,200,100058,100,99982,100,100067,100,99980,100,100072,100,99973,100,100076,100,99970,100,100086,100,99964,100,100095,100,99950,100
2019-06-28 09:31:15.262456670,100042,596,100018,596,100044,500,100007,100,100045,200,99999,100,100046,100,99993,200,100058,100,99982,100,100067,100,99980,100,100072,100,99973,100,100076,100,99970,100,100086,100,99964,100,100095,100,99950,100
2019-06-28 09:31:20.000000000,100042,269,100018,269,100044,664,100007,264,100045,364,99999,264,100046,100,99993,200,100058,100,99982,100,100067,100,99980,100,100072,100,99973,100,100076,100,99970,100,100086,100,99964,100,100095,100,99950,100
2019-06-28 09:31:30.000000000,100042,596,100018,596,100044,500,100007,100,100045,200,99999,100,100046,100,99993,200,100058,100,99982,100,100067,100,99980,100,100072,100,99973,100,100076,100,99970,100,100086,100,99964,100,100095,100,99950,100
2019-06-28 09:31:40.000000000,100042,596,100018,596,100044,500,100007,100,100045,200,99999,100,100046,100,99993,200,100058,100,99982,100,100067,100,99980,100,100072,100,99973,100,100076,100,99970,100,100086,100,99964,100,100095,100,99950,100
2019-06-28 09:31:40.038374155,100042,596,100018,596,100044,500,100007,100,100045,200,99999,100,100046,100,99993,200,100058,100,99982,100,100067,100,99980,100,100072,100,99970,100,100076,100,99964,100,100086,100,99954,100,100095,100,99950,100
2019-06-28 09:31:48.955641826,100042,596,100018,596,100044,400,100007,100,100045,200,99999,100,100046,100,99993,200,100058,100,99982,100,100067,100,99980,100,100072,100,99970,100,100076,100,99964,100,100086,100,99954,100,100095,100,99950,100
2019-06-28 09:31:50.000000000,100042,224,100018,224,100044,524,100007,224,100045,324,99999,224,100046,224,99993,324,100058,100,99982,100,100067,100,99980,100,100072,100,99970,100,100076,100,99964,100,100086,100,99954,100,100095,100,99950,100
2019-06-28 09:31:50.347498539,100042,224,100018,224,100044,524,100007,224,100045,324,99999,224,100046,224,99993,324,100058,100,99982,100,100067,100,99980,100,100072,100,99970,100,100076,100,99964,100,100086,100,99954,100,100095,100,99940,100
2019-06-28 09:32:00.000000000,100042,199,100018,199,100044,499,100007,199,100045,299,99999,199,100046,199,99993,299,100058,199,99982,199,100067,100,99980,100,100072,100,99970,100,100076,100,99964,100,100086,100,99954,100,100095,100,99940,100
2019-06-28 09:32:04.894571241,100042,199,100018,199,100044,499,100007,199,100045,299,99999,199,100046,199,99993,299,100058,199,99982,199,100067,100,99980,100,100072,100,99970,100,100076,100,99964,100,100086,100,99954,100,100095,100,99940,100
2019-06-28 09:32:10.000000000,100042,596,100018,596,100044,400,100007,100,100045,200,99999,100,100046,100,99993,200,100058,100,99982,100,100067,100,99980,100,100072,100,99970,100,100076,100,99964,100,100086,100,99954,100,100095,100,99940,100
2019-06-28 09:32:20.000000000,100042,224,100018,224,100044,524,100007,224,100045,324,99999,224,100046,224,99993,324,100058,100,99982,100,100067,100,99980,100,100072,100,99970,100,100076,100,99964,100,100086,100,99954,100,100095,100,99940,100
2019-06-28 09:32:30.000000000,100042,224,100018,224,100044,524,100007,224,100045,324,99999,224,100046,224,99993,324,100058,100,99982,100,100067,100,99980,100,100072,100,99970,100,100076,100,99964,100,100086,100,99954,100,100095,100,99940,100
2019-06-28 09:32:40.000000000,100042,348,100018,348,100044,648,100007,348,100045,200,99999,100,100046,100,99993,200,100058,100,99982,100,100067,100,99980,100,100072,100,99970,100,100076,100,99964,100,100086,100,99954,100,100095,100,99940,100
2019-06-28 09:32:48.038117504,100042,348,100018,348,100044,648,100007,348,100045,200,99999,100,100046,100,99993,200,100058,100,99982,100,100067,100,99980,100,100072,100,99970,100,100076,100,99964,100,100086,100,99954,100,100095,100,99940,100
2019-06-28 09:32:49.880694707,100042,348,100018,248,100044,648,100007,348,100045,200,99999,100,100046,100,99993,200,100058,100,99982,100,100067,100,99980,100,100072,100,99970,100,100076,100,99964,100,100086,100,99954,100,100095,100,99940,100
2019-06-28 09:32:50.000000000,100042,348,100007,348,100044,648,99999,348,100045,200,99993,200,100046,100,99982,100,100058,100,99980,100,100067,100,99970,100,100072,100,99964,100,100076,100,99954,100,100086,100,99940,100,100095,100,99936,100
2019-06-28 09:33:00.000000000,100042,596,100007,596,100044,400,99999,100,100045,200,99993,200,100046,100,99982,100,100058,100,99980,100,100067,100,99970,100,100072,100,99964,100,100076,100,99954,100,100086,100,99940,100,100095,100,99936,100
2019-06-28 09:33:06.683300976,100042,596,100007,396,100044,400,99999,100,100045,200,99993,200,100046,100,99982,100,100058,100,99980,100,100067,100,99970,100,100072,100,99964,100,100076,100,99954,100,100086,100,99940,100,100095,100,99936,100
2019-06-28 09:33:10.000000000,100042,596,99999,596,100044,400,99993,200,100045,200,99982,100,100046,100,99980,100,100058,100,99970,100,100067,100,99964,100,100072,100,99954,100,100076,100,99940,100,100086,100,99936,100,100095,100,99928,100
2019-06-28 09:33:13.365312846,100042,596,99999,496,100044,400,99993,200,100045,100,99982,100,100046,100,99980,100,100058,100,99970,100,100067,100,99964,100,100072,100,99954,100,100076,100,99940,100,100086,100,99936,100,100095,100,99928,100
2019-06-28 09:33:20.000000000,100042,224,99993,324,100044,524,99982,224,100045,224,99980,224,100046,224,99970,224,100058,100,99964,100,100067,100,99954,100,100072,100,99940,100,100076,100,99936,100,100086,100,99928,100,100095,100,99925,100
2019-06-28 09:33:30.000000000,100042,348,99993,448,100044,648,99982,348,100045,100,99980,100,100046,100,99970,100,100058,100,99964,100,100067,100,99954,100,100072,100,99940,100,100076,100,99936,100,100086,100,99928,100,100095,100,99925,100
2019-06-28 09:33:39.668627663,100042,348,99993,348,100044,648,99982,348,100045,100,99980,100,100046,100,99970,100,100058,100,99964,100,100067,100,99954,100,100072,100,99940,100,100076,100,99936,100,100086,100,99928,100,100095,100,99925,100
2019-06-28 09:33:40.000000000,100042,199,99993,199,100044,499,99982,199,100045,199,99980,199,100046,199,99970,199,100058,199,99964,199,100067,100,99954,100,100072,100,99940,100,100076,100,99936,100,100086,100,99928,100,100095,100,99925,100
2019-06-28 09:33:50.000000000,100042,596,99993,596,100044,400,99982,100,100045,100,99980,100,100046,100,99970,100,100058,100,99964,100,100067,100,99954,100,100072,100,99940,100,100076,100,99936,100,100086,100,99928,100,100095,100,99925,100
2019-06-28 09:34:00.000000000,100042,199,99993,199,100044,499,99982,199,100045,199,99980,199,100046,199,99970,199,100058,199,99964,199,100067,100,99954,100,100072,100,99940,100,100076,100,99936,100,100086,100,99928,100,100095,100,99925,100
2019-06-28 09:34:02.007059799,100042,199,99993,199,100044,499,99982,199,100045,199,99980,99,100046,199,99970,199,100058,199,99964,199,100067,100,99954,100,100072,100,99940,100,100076,100,99936,100,100086,100,99928,100,100095,100,99925,100
2019-06-28 09:34:10.000000000,100042,596,99993,596,100044,400,99982,100,100045,100,99970,100,100046,100,99964,100,100058,100,99954,100,100067,100,99940,100,100072,100,99936,100,100076,100,99928,100,100086,100,99925,100,100095,100,99920,100
2019-06-28 09:34:20.000000000,100042,596,99993,596,100044,400,99982,100,100045,100,99970,100,100046,100,99964,100,100058,100,99954,100,100067,100,99940,100,100072,100,99936,100,100076,100,99928,100,100086,100,99925,100,100095,100,99920,100
2019-06-28 09:34:23.625579140,100042,596,99993,496,100044,400,99982,100,100045,100,99970,100,100046,100,99964,100,100067,100,99954,100,100072,100,99940,100,100076,100,99936,100,100086,100,99928,100,100095,100,99925,100,100098,100,99920,100
2019-06-28 09:34:30.000000000,100042,199,99982,199,100044,499,99970,199,100045,199,99964,199,100046,199,99954,199,100067,199,99940,199,100072,100,99936,100,100076,100,99928,100,100086,100,99925,100,100095,100,99920,100,100098,100,99912,100
2019-06-28 09:34:40.000000000,100042,224,99982,224,100044,524,99970,224,100045,224,99964,224,100046,224,99954,224,100067,100,99940,100,100072,100,99936,100,100076,100,99928,100,100086,100,99925,100,100095,100,99920,100,100098,100,99912,100
2019-06-28 09:34:49.906988690,99993,100,99982,224,100042,224,99970,224,100044,524,99964,224,100045,224,99954,224,100046,224,99940,100,100067,100,99936,100,100072,100,99928,100,100076,100,99925,100,100086,100,99920,100,100095,100,99912,100
2019-06-28 09:34:50.000000000,99993,199,99982,199,100042,199,99970,199,100044,499,99964,199,100045,199,99954,199,100046,199,99940,199,100067,100,99936,100,100072,100,99928,100,100076,100,99925,100,100086,100,99920,100,100095,100,99912,100
2019-06-28 09:35:00.000000000,99993,348,99982,348,100042,348,99970,348,100044,400,99964,100,100045,100,99954,100,100046,100,99940,100,100067,100,99936,100,100072,100,99928,100,100076,100,99925,100,100086,100,99920,100,100095,100,99912,100
2019-06-28 09:35:10.000000000,99993,224,99982,224,100042,224,99970,224,100044,524,99964,224,100045,224,99954,224,100046,100,99940,100,100067,100,99936,100,100072,100,99928,100,100076,100,99925,100,100086,100,99920,100,100095,100,99912,100
2019-06-28 09:35:19.555014805,99993,224,99982,224,100042,224,99970,224,100044,524,99964,224,100045,224,99954,224,100046,100,99940,100,100067,100,99936,100,100072,100,99928,100,100076,100,99925,100,100086,100,99920,100,100095,100,99912,100
2019-06-28 09:35:20.000000000,99993,199,99982,199,100042,199,99970,199,100044,499,99964,199,100045,199,99954,199,100046,199,99940,199,100067,100,99936,100,100072,100,99928,100,100076,100,99925,100,100086,100,99920,100,100095,100,99912,100
2019-06-28 09:35:27.612189739,99993,199,99982,199,100042,199,99970,199,100044,499,99964,199,100045,199,99954,199,100046,199,99940,199,100067,100,99936,100,100072,100,99928,100,100076,100,99925,100,100086,100,99920,100,100095,100,99912,100
2019-06-28 09:35:30.000000000,99993,269,99982,269,100042,264,99970,264,100044,564,99964,264,100045,100,99954,100,100046,100,99940,100,100067,100,99936,100,100072,100,99928,100,100076,100,99925,100,100086,100,99920,100,100095,100,99912,100
2019-06-28 09:35:40.000000000,99993,199,99982,199,100042,199,99970,199,100044,499,99964,199,100045,199,99954,199,100046,199,99940,199,100067,100,99936,100,100072,100,99928,100,100076,100,99925,100,100086,100,99920,100,100095,100,99912,100
2019-06-28 09:35:50.000000000,99993,224,99982,224,100042,224,99970,224,100044,524,99964,224,100045,224,99954,224,100046,100,99940,100,100067,100,99936,100,100072,100,99928,100,100076,100,99925,100,100086,100,99920,100,100095,100,99912,100
2019-06-28 09:36:00.000000000,99993,596,99982,596,100042,100,99970,100,100044,400,99964,100,100045,100,99954,100,100046,100,99940,100,100067,100,99936,100,100072,100,99928,100,100076,100,99925,100,100086,100,99920,100,100095,100,99912,100
2019-06-28 09:36:10.000000000,99993,224,99982,224,100042,224,99970,224,100044,524,99964,224,100045,224,99954,224,100046,100,99940,100,100067,100,99936,100,100072,100,99928,100,100076,100,99925,100,100086,100,99920,100,100095,100,99912,100
2019-06-28 09:36:20.000000000,99993,269,99982,269,100042,264,99970,264,100044,564,99964,264,100045,100,99954,100,100046,100,99940,100,100067,100,99936,100,100072,100,99928,100,100076,100,99925,100,100086,100,99920,100,100095,100,99912,100
2019-06-28 09:36:30.000000000,99993,224,99982,224,100042,224,99970,224,100044,524,99964,224,100045,224,99954,224,100046,100,99940,100,100067,100,99936,100,100072,100,99928,100,100076,100,99925,100,100086,100,99920,100,100095,100,99912,100
2019-06-28 09:36:39.391880711,99993,324,99982,224,100042,224,99970,224,100044,424,99964,224,100045,224,99954,224,100046,100,99940,100,100067,100,99936,100,100072,100,99928,100,100076,100,99925,100,100086,100,99920,100,100095,100,99912,100
2019-06-28 09:36:40.000000000,99993,299,99982,199,100042,199,99970,199,100044,399,99964,199,100045,199,99954,199,100046,199,99940,199,100067,100,99936,100,100072,100,99928,100,100076,100,99925,100,100086,100,99920,100,100095,100,99912,100
2019-06-28 09:36:45.382369676,99993,199,99982,199,100042,199,99970,199,100044,399,99964,199,100045,199,99954,199,100046,199,99940,199,100067,100,99936,100,100072,100,99928,100,100076,100,99925,100,100086,100,99920,100,100095,100,99912,100
2019-06-28 09:36:50.000000000,99993,269,99982,269,100042,264,99970,264,100044,464,99964,264,100045,100,99954,100,100046,100,99940,100,100067,100,99936,100,100072,100,99928,100,100076,100,99925,100,100086,100,99920,100,100095,100,99912,100
2019-06-28 09:36:50.417944093,99993,169,99982,269,100042,264,99970,264,100044,464,99964,264,100045,100,99954,100,100046,100,99940,100,100067,100,99936,100,100072,100,99928,100,100076,100,99925,100,100095,100,99920,100,100098,100,99912,100
2019-06-28 09:36:52.446516098,99993,169,99982,169,100042,264,99970,164,100044,464,99964,264,100045,100,99954,100,100046,100,99940,100,100067,100,99936,100,100072,100,99928,100,100076,100,99925,100,100095,100,99920,100,100098,100,99912,100
2019-06-28 09:37:00.000000000,100042,596,99964,596,100044,300,99954,100,100045,100,99940,100,100046,100,99936,100,100067,100,99928,100,100072,100,99925,100,100076,100,99920,100,100095,100,99912,100,100098,100,99881,100,100109,100,99871,100
2019-06-28 09:37:10.000000000,100042,596,99964,596,100044,300,99954,100,100045,100,99940,100,100046,100,99936,100,100067,100,99928,100,100072,100,99925,100,100076,100,99920,100,100095,100,99912,100,100098,100,99881,100,100109,100,99871,100
2019-06-28 09:37:20.000000000,100042,199,99964,199,100044,399,99954,199,100045,199,99940,199,100046,199,99936,199,100067,199,99928,199,100072,100,99925,100,100076,100,99920,100,100095,100,99912,100,100098,100,99881,100,100109,100,99871,100
2019-06-28 09:37:30.000000000,100042,224,99964,224,100044,424,99954,224,100045,224,99940,224,100046,224,99936,224,100067,100,99928,100,100072,100,99925,100,100076,100,99920,100,100095,100,99912,100,100098,100,99881,100,100109,100,99871,100
2019-06-28 09:37:40.000000000,100042,199,99964,199,100044,399,99954,199,100045,199,99940,199,100046,199,99936,199,100067,199,99928,199,100072,100,99925,100,100076,100,99920,100,100095,100,99912,100,100098,100,99881,100,100109,100,99871,100
2019-06-28 09:37:41.083365033,100042,99,99964,199,100044,399,99954,199,100045,199,99940,199,100046,199,99936,199,100067,199,99928,199,100072,100,99925,100,100076,100,99920,100,100095,100,99912,100,100098,100,99871,100,100109,100,99861,100
2019-06-28 09:37:50.000000000,100044,548,99964,348,100045,348,99954,348,100046,100,99940,100,100067,100,99936,100,100072,100,99928,100,100076,100,99925,100,100095,100,99920,100,100098,100,99912,100,100109,100,99871,100,100113,100,99861,100
2019-06-28 09:37:51.641229971,100044,448,99964,248,100045,348,99954,348,100046,100,99940,100,100067,100,99936,100,100072,100,99928,100,100076,100,99925,100,100095,100,99920,100,100098,100,99912,100,100109,100,99871,100,100113,100,99861,100
2019-06-28 09:38:00.000000000,100044,369,99954,269,100045,264,99940,264,100046,264,99936,264,100067,100,99928,100,100072,100,99925,100,100076,100,99920,100,100095,100,99912,100,100098,100,99871,100,100109,100,99861,100,100113,100,99843,100
2019-06-28 09:38:02.045047398,100044,269,99954,269,100045,264,99940,264,100046,264,99936,264,100067,100,99928,100,100072,100,99925,100,100076,100,99920,100,100095,100,99912,100,100098,100,99871,100,100109,100,99861,100,100113,100,99843,100
2019-06-28 09:38:10.000000000,100044,596,99954,596,100045,100,99940,100,100046,100,99936,100,100067,100,99928,100,100072,100,99925,100,100076,100,99920,100,100095,100,99912,100,100098,100,99871,100,100109,100,99861,100,100113,100,99843,100
2019-06-28 09:38:20.000000000,100044,348,99954,348,100045,348,99940,348,100046,100,99936,100,100067,100,99928,100,100072,100,99925,100,100076,100,99920,100,100095,100,99912,100,100098,100,99871,100,100109,100,99861,100,100113,100,99843,100
2019-06-28 09:38:30.000000000,100044,596,99954,596,100045,100,99940,100,100046,100,99936,100,100067,100,99928,100,100072,100,99925,100,100076,100,99920,100,100095,100,99912,100,100098,100,99871,100,100109,100,99861,100,100113,100,99843,100
2019-06-28 09:38:40.000000000,100044,269,99954,269,100045,264,99940,264,100046,264,99936,264,100067,100,99928,100,100072,100,99925,100,100076,100,99920,100,100095,100,99912,100,100098,100,99871,100,100109,100,99861,100,100113,100,99843,100
2019-06-28 09:38:50.000000000,100044,596,99954,596,100045,100,99940,100,100046,100,99936,100,100067,100,99928,100,100072,100,99925,100,100076,100,99920,100,100095,100,99912,100,100098,100,99871,100,100109,100,99861,100,100113,100,99843,100
2019-06-28 09:38:53.735432173,100044,596,99954,596,100045,100,99940,100,100046,100,99936,100,100067,100,99928,100,100072,100,99925,100,100076,100,99920,100,100095,100,99912,100,100098,100,99871,100,100109,100,99861,100,100113,100,99843,100
2019-06-28 09:39:00.000000000,100044,596,99954,596,100045,100,99940,100,100046,100,99936,100,100067,100,99928,100,100072,100,99925,100,100076,100,99920,100,100095,100,99912,100,100098,100,99871,100,100109,100,99861,100,100113,100,99843,100
2019-06-28 09:39:10.000000000,100044,269,99954,269,100045,264,99940,264,100046,264,99936,264,100067,100,99928,100,100072,100,99925,100,100076,100,99920,100,100095,100,99912,100,100098,100,99871,100,100109,100,99861,100,100113,100,99843,100
2019-06-28 09:39:10.503806918,100044,269,99954,269,100045,264,99940,264,100046,264,99936,264,100067,100,99928,100,100072,100,99925,100,100076,100,99920,100,100095,100,99912,100,100098,100,99871,100,100109,100,99861,100,100113,100,99843,100
2019-06-28 09:39:20.000000000,100044,224,99954,224,100045,224,99940,224,100046,224,99936,224,100067,224,99928,224,100072,100,99925,100,100076,100,99920,100,100095,100,99912,100,100098,100,99871,100,100109,100,99861,100,100113,100,99843,100
2019-06-28 09:39:30.000000000,100044,269,99954,269,100045,264,99940,264,100046,264,99936,264,100067,100,99928,100,100072,100,99925,100,100076,100,99920,100,100095,100,99912,100,100098,100,99871,100,100109,100,99861,100,100113,100,99843,100
2019-06-28 09:39:36.733172537,100044,269,99954,269,100045,264,99940,264,100046,264,99936,264,100067,100,99928,100,100072,100,99925,100,100076,100,99920,100,100095,100,99912,100,100098,100,99871,100,100109,100,99843,100,100113,100,99816,100
2019-06-28 09:39:40.000000000,100044,224,99954,224,100045,224,99940,224,100046,224,99936,224,100067,224,99928,224,100072,100,99925,100,100076,100,99920,100,100095,100,99912,100,100098,100,99871,100,100109,100,99843,100,100113,100,99816,100
2019-06-28 09:39:50.000000000,100044,269,99954,269,100045,264,99940,264,100046,264,99936,264,100067,100,99928,100,100072,100,99925,100,100076,100,99920,100,100095,100,99912,100,100098,100,99871,100,100109,100,99843,100,100113,100,99816,100
2019-06-28 09:39:53.596866172,100044,269,99954,269,100045,264,99940,264,100046,264,99936,264,100067,100,99928,100,100072,100,99925,100,100076,100,99920,100,100095,100,99912,100,100098,100,99871,100,100109,100,99843,100,100113,100,99816,100
2019-06-28 09:40:00.000000000,100044,348,99954,348,100045,348,99940,348,100046,100,99936,100,100067,100,99928,100,100072,100,99925,100,100076,100,99920,100,100095,100,99912,100,100098,100,99871,100,100109,100,99843,100,100113,100,99816,100
2019-06-28 09:40:08.873916415,100044,248,99954,348,100045,348,99940,348,100046,100,99936,100,100067,100,99928,100,100072,100,99925,100,100076,100,99920,100,100095,100,99912,100,100098,100,99871,100,100109,100,99843,100,100113,100,99816,100
2019-06-28 09:40:10.000000000,100045,596,99954,596,100046,100,99940,100,100067,100,99936,100,100072,100,99928,100,100076,100,99925,100,100095,100,99920,100,100098,100,99912,100,100109,100,99871,100,100113,100,99843,100,100135,100,99816,100
2019-06-28 09:40:20.000000000,100045,224,99954,224,100046,224,99940,224,100067,224,99936,224,100072,224,99928,224,100076,100,99925,100,100095,100,99920,100,100098,100,99912,100,100109,100,99871,100,100113,100,99843,100,100135,100,99816,100
2019-06-28 09:40:21.428091685,100045,224,99954,224,100046,224,99940,224,100067,224,99936,224,100072,224,99928,224,100076,100,99925,100,100095,100,99920,100,100098,100,99912,100,100109,100,99871,100,100113,100,99843,100,100135,100,99816,100
2019-06-28 09:40:30.000000000,100045,596,99954,596,100046,100,99940,100,100067,100,99936,100,100072,100,99928,100,100076,100,99925,100,100095,100,99920,100,100098,100,99912,100,100109,100,99871,100,100113,100,99843,100,100135,100,99816,100
2019-06-28 09:40:40.000000000,100045,269,99954,269,100046,264,99940,264,100067,264,99936,264,100072,100,99928,100,100076,100,99925,100,100095,100,99920,100,100098,100,99912,100,100109,100,99871,100,100113,100,99843,100,100135,100,99816,100
2019-06-28 09:40:50.000000000,100045,269,99954,269,100046,264,99940,264,100067,264,99936,264,100072,100,99928,100,100076,100,99925,100,100095,100,99920,100,100098,100,99912,100,100109,100,99871,100,100113,100,99843,100,100135,100,99816,100
2019-06-28 09:41:00.000000000,100045,348,99954,348,100046,348,99940,348,100067,100,99936,100,100072,100,99928,100,100076,100,99925,100,100095,100,99920,100,100098,100,99912,100,100109,100,99871,100,100113,100,99843,100,100135,100,99816,100
2019-06-28 09:41:10.000000000,100045,596,99954,596,100046,100,99940,100,100067,100,99936,100,100072,100,99928,100,100076,100,99925,100,100095,100,99920,100,100098,100,99912,100,100109,100,99871,100,100113,100,99843,100,100135,100,99816,100
2019-06-28 09:41:13.978739752,100045,596,99954,596,100046,100,99940,100,100067,100,99936,100,100072,100,99928,100,100076,100,99925,100,100095,100,99920,100,100098,100,99912,100,100113,100,99871,100,100135,100,99843,100,100180,100,99816,100
2019-06-28 09:41:20.000000000,100045,596,99954,596,100046,100,99940,100,100067,100,99936,100,100072,100,99928,100,100076,100,99925,100,100095,100,99920,100,100098,100,99912,100,100113,100,99871,100,100135,100,99843,100,100180,100,99816,100
2019-06-28 09:41:30.000000000,100045,596,99954,596,100046,100,99940,100,100067,100,99936,100,100072,100,99928,100,100076,100,99925,100,100095,100,99920,100,100098,100,99912,100,100113,100,99871,100,100135,100,99843,100,100180,100,99816,100
2019-06-28 09:41:40.000000000,100045,224,99954,224,100046,224,99940,224,100067,224,99936,224,100072,224,99928,224,100076,100,99925,100,100095,100,99920,100,100098,100,99912,100,100113,100,99871,100,100135,100,99843,100,100180,100,99816,100
2019-06-28 09:41:50.000000000,100045,269,99954,269,100046,264,99940,264,100067,264,99936,264,100072,100,99928,100,100076,100,99925,100,100095,100,99920,100,100098,100,99912,100,100113,100,99871,100,100135,100,99843,100,100180,100,99816,100
2019-06-28 09:42:00.000000000,100045,224,99954,224,100046,224,99940,224,100067,224,99936,224,100072,224,99928,224,100076,100,99925,100,100095,100,99920,100,100098,100,99912,100,100113,100,99871,100,100135,100,99843,100,100180,100,99816,100
2019-06-28 09:42:10.000000000,100045,269,99954,269,100046,264,99940,264,100067,264,99936,264,100072,100,99928,100,100076,100,99925,100,100095,100,99920,100,100098,100,99912,100,100113,100,99871,100,100135,100,99843,100,100180,100,99816,100
2019-06-28 09:42:11.517806916,100045,269,100044,100,100046,264,99954,269,100067,264,99940,264,100072,100,99936,264,100076,100,99928,100,100095,100,99925,100,100098,100,99920,100,100113,100,99912,100,100135,100,99871,100,100180,100,99843,100
2019-06-28 09:42:20.000000000,100045,224,100044,224,100046,224,99954,224,100067,224,99940,224,100072,224,99936,224,100076,100,99928,100,100095,100,99925,100,100098,100,99920,100,100113,100,99912,100,100135,100,99871,100,100180,100,99843,100
2019-06-28 09:42:30.000000000,100045,224,100044,224,100046,224,99954,224,100067,224,99940,224,100072,224,99936,224,100076,100,99928,100,100095,100,99925,100,100098,100,99920,100,100113,100,99912,100,100135,100,99871,100,100180,100,99843,100
2019-06-28 09:42:40.000000000,100045,348,100044,348,100046,348,99954,348,100067,100,99940,100,100072,100,99936,100,100076,100,99928,100,100095,100,99925,100,100098,100,99920,100,100113,100,99912,100,100135,100,99871,100,100180,100,99843,100
2019-06-28 09:42:44.132916063,100045,348,100044,348,100046,348,99954,348,100067,100,99940,100,100072,100,99936,100,100095,100,99928,100,100098,100,99925,100,100113,100,99920,100,100135,100,99912,100,100180,100,99871,100,100260,100,99843,100
2019-06-28 09:42:50.000000000,100045,348,100044,348,100046,348,99954,348,100067,100,99940,100,100072,100,99936,100,100095,100,99928,100,100098,100,99925,100,100113,100,99920,100,100135,100,99912,100,100180,100,99871,100,100260,100,99843,100
2019-06-28 09:42:52.081933226,100045,348,100044,348,100046,348,99954,348,100067,100,99940,100,100072,100,99936,100,100095,100,99928,100,100098,100,99925,100,100113,100,99920,100,100135,100,99912,100,100180,100,99871,100,100260,100,99816,100
2019-06-28 09:43:00.000000000,100045,224,100044,224,100046,224,99954,224,100067,224,99940,224,100072,224,99936,224,100095,100,99928,100,100098,100,99925,100,100113,100,99920,100,100135,100,99912,100,100180,100,99871,100,100260,100,99816,100
2019-06-28 09:43:10.000000000,100045,596,100044,596,100046,100,99954,100,100067,100,99940,100,100072,100,99936,100,100095,100,99928,100,100098,100,99925,100,100113,100,99920,100,100135,100,99912,100,100180,100,99871,100,100260,100,99816,100
2019-06-28 09:43:13.687466902,100045,596,100044,696,100046,100,99954,100,100067,100,99940,100,100072,100,99936,100,100095,100,99928,100,100098,100,99925,100,100113,100,99920,100,100135,100,99912,100,100180,100,99871,100,100260,100,99816,100
2019-06-28 09:43:20.000000000,100045,596,100044,696,100046,100,99954,100,100067,100,99940,100,100072,100,99936,100,100095,100,99928,100,100098,100,99925,100,100113,100,99920,100,100135,100,99912,100,100180,100,99871,100,100260,100,99816,100
2019-06-28 09:43:22.955465872,100045,596,100044,796,100046,100,99954,100,100067,100,99940,100,100072,100,99936,100,100095,100,99928,100,100098,100,99925,100,100113,100,99920,100,100135,100,99912,100,100180,100,99871,100,100260,100,99816,100
2019-06-28 09:43:30.000000000,100045,348,100044,548,100046,348,99954,348,100067,100,99940,100,100072,100,99936,100,100095,100,99928,100,100098,100,99925,100,100113,100,99920,100,100135,100,99912,100,100180,100,99871,100,100260,100,99816,100
2019-06-28 09:43:32.300016927,100045,348,100044,648,100046,348,99954,348,100067,100,99940,100,100072,100,99936,100,100095,100,99928,100,100098,100,99925,100,100113,100,99920,100,100135,100,99912,100,100180,100,99871,100,100260,100,99816,100
2019-06-28 09:43:40.000000000,100045,596,100044,896,100046,100,99954,100,100067,100,99940,100,100072,100,99936,100,100095,100,99928,100,100098,100,99925,100,100113,100,99920,100,100135,100,99912,100,100180,100,99871,100,100260,100,99816,100
2019-06-28 09:43:50.000000000,100045,199,100044,499,100046,199,99954,199,100067,199,99940,199,100072,199,99936,199,100095,199,99928,199,100098,100,99925,100,100113,100,99920,100,100135,100,99912,100,100180,100,99871,100,100260,100,99816,100
2019-06-28 09:43:52.063316736,100045,199,100044,599,100046,199,99954,199,100067,199,99940,199,100072,199,99936,199,100095,199,99928,199,100098,100,99925,100,100113,100,99920,100,100135,100,99912,100,100180,100,99871,100,100260,100,99816,100
2019-06-28 09:44:00.000000000,100045,199,100044,599,100046,199,99954,199,100067,199,99940,199,100072,199,99936,199,100095,199,99928,199,100098,100,99925,100,100113,100,99920,100,100135,100,99912,100,100180,100,99871,100,100260,100,99816,100
2019-06-28 09:44:03.437815523,100045,99,100044,599,100046,199,99954,199,100067,199,99940,199,100072,199,99936,199,100095,199,99928,199,100098,100,99925,100,100113,100,99920,100,100135,100,99912,100,100180,100,99871,100,100260,100,99816,100
2019-06-28 09:44:10.000000000,100046,269,100044,669,100067,264,99954,264,100072,264,99940,264,100095,100,99936,100,100098,100,99928,100,100113,100,99925,100,100135,100,99920,100,100180,100,99912,100,100260,100,99871,100,100393,100,99816,100
2019-06-28 09:44:20.000000000,100046,348,100044,748,100067,348,99954,348,100072,100,99940,100,100095,100,99936,100,100098,100,99928,100,100113,100,99925,100,100135,100,99920,100,100180,100,99912,100,100260,100,99871,100,100393,100,99816,100
2019-06-28 09:44:28.588544033,100046,248,100044,748,100067,348,99954,348,100072,100,99940,100,100095,100,99936,100,100098,100,99928,100,100113,100,99925,100,100135,100,99920,100,100180,100,99912,100,100260,100,99871,100,100393,100,99816,100
2019-06-28 09:44:30.000000000,100067,199,100044,599,100072,199,99954,199,100095,199,99940,199,100098,199,99936,199,100113,199,99928,199,100135,100,99925,100,100180,100,99920,100,100260,100,99912,100,100393,100,99871,100,100427,100,99816,100
2019-06-28 09:44:40.000000000,100067,348,100044,748,100072,348,99954,348,100095,100,99940,100,100098,100,99936,100,100113,100,99928,100,100135,100,99925,100,100180,100,99920,100,100260,100,99912,100,100393,100,99871,100,100427,100,99816,100
2019-06-28 09:44:50.000000000,100067,596,100044,996,100072,100,99954,100,100095,100,99940,100,100098,100,99936,100,100113,100,99928,100,100135,100,99925,100,100180,100,99920,100,100260,100,99912,100,100393,100,99871,100,100427,100,99816,100
2019-06-28 09:44:58.689573606,100067,596,100044,996,100072,100,99954,100,100095,100,99940,100,100098,100,99936,100,100113,100,99928,100,100135,100,99925,100,100180,100,99920,100,100260,100,99912,100,100379,100,99871,100,100393,100,99816,100
2019-06-28 09:45:00.000000000,100067,348,100044,748,100072,348,99954,348,100095,100,99940,100,100098,100,99936,100,100113,100,99928,100,100135,100,99925,100,100180,100,99920,100,100260,100,99912,100,100379,100,99871,100,100393,100,99816,100
2019-06-28 09:45:03.356949287,100067,248,100044,748,100072,348,99954,348,100095,100,99940,100,100098,100,99936,100,100113,100,99928,100,100135,100,99925,100,100180,100,99920,100,100260,100,99912,100,100379,100,99871,100,100393,100,99816,100
2019-06-28 09:45:04.732829021,100067,248,100046,100,100072,348,100044,748,100095,100,99954,348,100098,100,99940,100,100113,100,99936,100,100135,100,99928,100,100180,100,99925,100,100260,100,99920,100,100379,100,99912,100,100393,100,99871,100
2019-06-28 09:45:07.316028092,100067,248,100046,200,100072,348,100044,748,100095,100,99954,348,100098,100,99940,100,100113,100,99936,100,100135,100,99928,100,100180,100,99925,100,100260,100,99920,100,100379,100,99912,100,100393,100,99871,100
2019-06-28 09:45:10.000000000,100072,199,100046,299,100095,199,100044,599,100098,199,99954,199,100113,199,99940,199,100135,199,99936,199,100180,100,99928,100,100260,100,99925,100,100379,100,99920,100,100393,100,99912,100,100427,100,99871,100
2019-06-28 09:45:13.998650589,100072,199,100046,399,100095,199,100044,599,100098,199,99954,199,100113,199,99940,199,100135,199,99936,199,100180,100,99928,100,100260,100,99925,100,100379,100,99920,100,100393,100,99912,100,100427,100,99871,100
2019-06-28 09:45:20.000000000,100072,199,100046,399,100095,199,100044,599,100098,199,99954,199,100113,199,99940,199,100135,199,99936,199,100180,100,99928,100,100260,100,99925,100,100379,100,99920,100,100393,100,99912,100,100427,100,99871,100
2019-06-28 09:45:21.673091548,100072,99,100046,399,100095,199,100044,599,100098,199,99954,199,100113,199,99940,199,100135,199,99936,199,100180,100,99928,100,100260,100,99925,100,100379,100,99920,100,100393,100,99912,100,100427,100,99871,100
2019-06-28 09:45:30.000000000,100095,224,100046,424,100098,224,100044,624,100113,224,99954,224,100135,224,99940,224,100180,100,99936,100,100260,100,99928,100,100379,100,99925,100,100393,100,99920,100,100427,100,99912,100,100447,100,99871,100
2019-06-28 09:45:40.000000000,100095,224,100046,424,100098,224,100044,624,100113,224,99954,224,100135,224,99940,224,100180,100,99936,100,100260,100,99928,100,100379,100,99925,100,100393,100,99920,100,100427,100,99912,100,100447,100,99871,100
2019-06-28 09:45:47.213270427,100095,224,100046,424,100098,224,100044,624,100113,224,99954,224,100135,224,99940,224,100180,100,99928,100,100260,100,99925,100,100379,100,99920,100,100393,100,99912,100,100427,100,99871,100,100447,100,99816,100
2019-06-28 09:45:50.000000000,100095,348,100046,548,100098,348,100044,748,100113,100,99954,100,100135,100,99940,100,100180,100,99928,100,100260,100,99925,100,100379,100,99920,100,100393,100,99912,100,100427,100,99871,100,100447,100,99816,100
2019-06-28 09:45:55.050417607,100095,348,100046,548,100098,348,100044,748,100113,100,99954,100,100135,100,99940,100,100180,100,99928,100,100379,100,99925,100,100393,100,99920,100,100427,100,99912,100,100447,100,99871,100,100571,100,99816,100
2019-06-28 09:46:00.000000000,100095,199,100046,399,100098,199,100044,599,100113,199,99954,199,100135,199,99940,199,100180,199,99928,199,100379,100,99925,100,100393,100,99920,100,100427,100,99912,100,100447,100,99871,100,100571,100,99816,100
2019-06-28 09:46:06.462824515,100066,100,100046,399,100095,199,100044,499,100098,199,99954,199,100113,199,99940,199,100135,199,99928,199,100180,199,99925,100,100379,100,99920,100,100393,100,99912,100,100427,100,99871,100,100447,100,99816,100
2019-06-28 09:46:10.000000000,100066,596,100046,796,100095,100,100044,400,100098,100,99954,100,100113,100,99940,100,100135,100,99928,100,100180,100,99925,100,100379,100,99920,100,100393,100,99912,100,100427,100,99871,100,100447,100,99816,100
2019-06-28 09:46:13.332840143,100066,596,100046,696,100095,100,100044,400,100098,100,99954,100,100113,100,99940,100,100135,100,99928,100,100180,100,99925,100,100379,100,99920,100,100393,100,99912,100,100427,100,99871,100,100447,100,99816,100
2019-06-28 09:46:20.000000000,100066,199,100046,299,100095,199,100044,499,100098,199,99954,199,100113,199,99940,199,100135,199,99928,199,100180,100,99925,100,100379,100,99920,100,100393,100,99912,100,100427,100,99871,100,100447,100,99816,100
2019-06-28 09:46:30.000000000,100066,199,100046,299,100095,199,100044,499,100098,199,99954,199,100113,199,99940,199,100135,199,99928,199,100180,100,99925,100,100379,100,99920,100,100393,100,99912,100,100427,100,99871,100,100447,100,99816,100
2019-06-28 09:46:30.108873957,100066,199,100046,299,100095,199,100044,499,100098,199,99954,199,100113,199,99940,199,100135,199,99928,199,100180,100,99925,100,100379,100,99920,100,100393,100,99912,100,100427,100,99871,100,100447,100,99816,100
2019-06-28 09:46:40.000000000,100066,199,100046,299,100095,199,100044,499,100098,199,99954,199,100113,199,99940,199,100135,199,99928,199,100180,100,99925,100,100379,100,99920,100,100393,100,99912,100,100427,100,99871,100,100447,100,99816,100
2019-06-28 09:46:50.000000000,100066,199,100046,299,100095,199,100044,499,100098,199,99954,199,100113,199,99940,199,100135,199,99928,199,100180,100,99925,100,100379,100,99920,100,100393,100,99912,100,100427,100,99871,100,100447,100,99816,100
2019-06-28 09:46:57.850666926,100066,199,100046,299,100095,199,100044,499,100098,199,99954,199,100113,199,99940,199,100135,199,99928,199,100180,100,99925,100,100379,100,99920,100,100393,100,99912,100,100427,100,99871,100,100447,100,99816,100
2019-06-28 09:47:00.000000000,100066,596,100046,696,100095,100,100044,400,100098,100,99954,100,100113,100,99940,100,100135,100,99928,100,100180,100,99925,100,100379,100,99920,100,100393,100,99912,100,100427,100,99871,100,100447,100,99816,100
2019-06-28 09:47:02.238379180,100066,596,100046,696,100098,100,100044,400,100113,100,99954,100,100135,100,99940,100,100180,100,99928,100,100379,100,99925,100,100393,100,99920,100,100427,100,99912,100,100447,100,99871,100,100571,100,99816,100
2019-06-28 09:47:10.000000000,100066,348,100046,448,100098,348,100044,648,100113,100,99954,100,100135,100,99940,100,100180,100,99928,100,100379,100,99925,100,100393,100,99920,100,100427,100,99912,100,100447,100,99871,100,100571,100,99816,100
2019-06-28 09:47:20.000000000,100066,348,100046,448,100098,348,100044,648,100113,100,99954,100,100135,100,99940,100,100180,100,99928,100,100379,100,99925,100,100393,100,99920,100,100427,100,99912,100,100447,100,99871,100,100571,100,99816,100
2019-06-28 09:47:26.581085117,100066,348,100046,448,100098,348,100044,548,100113,100,99954,100,100135,100,99940,100,100180,100,99928,100,100379,100,99925,100,100393,100,99920,100,100427,100,99912,100,100447,100,99871,100,100571,100,99816,100
2019-06-28 09:47:30.000000000,100066,348,100046,448,100098,348,100044,548,100113,100,99954,100,100135,100,99940,100,100180,100,99928,100,100379,100,99925,100,100393,100,99920,100,100427,100,99912,100,100447,100,99871,100,100571,100,99816,100
2019-06-28 09:47:40.000000000,100066,348,100046,448,100098,348,100044,548,100113,100,99954,100,100135,100,99940,100,100180,100,99928,100,100379,100,99925,100,100393,100,99920,100,100427,100,99912,100,100447,100,99871,100,100571,100,99816,100
2019-06-28 09:47:40.839021576,100066,348,100046,448,100069,100,100044,548,100098,348,99954,100,100113,100,99940,100,100135,100,99928,100,100180,100,99925,100,100379,100,99920,100,100393,100,99912,100,100427,100,99871,100,100447,100,99816,100
2019-06-28 09:47:50.000000000,100066,348,100046,448,100069,348,100044,548,100098,100,99954,100,100113,100,99940,100,100135,100,99928,100,100180,100,99925,100,100379,100,99920,100,100393,100,99912,100,100427,100,99871,100,100447,100,99816,100
2019-06-28 09:48:00.000000000,100066,224,100046,324,100069,224,100044,424,100098,224,99954,224,100113,224,99940,224,100135,100,99928,100,100180,100,99925,100,100379,100,99920,100,100393,100,99912,100,100427,100,99871,100,100447,100,99816,100
2019-06-28 09:48:10.000000000,100066,199,100046,299,100069,199,100044,399,100098,199,99954,199,100113,199,99940,199,100135,199,99928,199,100180,100,99925,100,100379,100,99920,100,100393,100,99912,100,100427,100,99871,100,100447,100,99816,100
2019-06-28 09:48:15.641943897,100066,199,100046,299,100069,199,100044,399,100098,199,99954,199,100113,199,99940,199,100135,199,99928,199,100180,100,99925,100,100379,100,99920,100,100393,100,99912,100,100427,100,99871,100,100445,100,99816,100
2019-06-28 09:48:20.000000000,100066,224,100046,324,100069,224,100044,424,100098,224,99954,224,100113,224,99940,224,100135,100,99928,100,100180,100,99925,100,100379,100,99920,100,100393,100,99912,100,100427,100,99871,100,100445,100,99816,100
2019-06-28 09:48:22.393553308,100066,124,100046,324,100069,224,100044,424,100098,224,99954,224,100113,224,99940,224,100135,100,99928,100,100180,100,99925,100,100379,100,99920,100,100393,100,99912,100,100427,100,99871,100,100445,100,99816,100
2019-06-28 09:48:30.000000000,100069,269,100046,369,100098,264,100044,464,100113,264,99954,264,100135,100,99940,100,100180,100,99928,100,100379,100,99925,100,100393,100,99920,100,100427,100,99912,100,100445,100,99871,100,100447,100,99816,100
2019-06-28 09:48:38.876858668,100069,269,100046,369,100098,264,100044,464,100113,264,99954,264,100135,100,99940,100,100180,100,99928,100,100379,100,99925,100,100393,100,99920,100,100427,100,99912,100,100445,100,99871,100,100447,100,99816,100
2019-06-28 09:48:39.970290484,100069,169,100046,369,100098,264,100044,464,100113,264,99954,264,100135,100,99940,100,100180,100,99928,100,100379,100,99925,100,100393,100,99920,100,100427,100,99912,100,100445,100,99871,100,100447,100,99816,100
2019-06-28 09:48:40.000000000,100098,269,100046,369,100113,264,100044,464,100135,264,99954,264,100180,100,99940,100,100379,100,99928,100,100393,100,99925,100,100427,100,99920,100,100445,100,99912,100,100447,100,99871,100,100608,100,99816,100
2019-06-28 09:48:49.049955010,100098,269,100046,369,100113,264,100044,464,100135,264,99954,264,100180,100,99940,100,100379,100,99928,100,100393,100,99925,100,100427,100,99920,100,100445,100,99912,100,100447,100,99871,100,100608,100,99816,100
2019-06-28 09:48:50.000000000,100098,224,100046,324,100113,224,100044,424,100135,224,99954,224,100180,224,99940,224,100379,100,99928,100,100393,100,99925,100,100427,100,99920,100,100445,100,99912,100,100447,100,99871,100,100608,100,99816,100
2019-06-28 09:49:00.000000000,100098,596,100046,696,100113,100,100044,300,100135,100,99954,100,100180,100,99940,100,100379,100,99928,100,100393,100,99925,100,100427,100,99920,100,100445,100,99912,100,100447,100,99871,100,100608,100,99816,100
2019-06-28 09:49:10.000000000,100098,199,100046,299,100113,199,100044,399,100135,199,99954,199,100180,199,99940,199,100379,199,99928,199,100393,100,99925,100,100427,100,99920,100,100445,100,99912,100,100447,100,99871,100,100608,100,99816,100
2019-06-28 09:49:20.000000000,100098,224,100046,324,100113,224,100044,424,100135,224,99954,224,100180,224,99940,224,100379,100,99928,100,100393,100,99925,100,100427,100,99920,100,100445,100,99912,100,100447,100,99871,100,100608,100,99816,100
2019-06-28 09:49:23.730697035,100098,224,100046,324,100113,124,100044,424,100135,224,99954,224,100180,224,99940,224,100379,100,99928,100,100393,100,99925,100,100427,100,99920,100,100445,100,99912,100,100447,100,99871,100,100608,100,99816,100
2019-06-28 09:49:30.000000000,100098,596,100046,696,100135,100,100044,300,100180,100,99954,100,100379,100,99940,100,100393,100,99928,100,100427,100,99925,100,100445,100,99920,100,100447,100,99912,100,100608,100,99871,100,100626,100,99816,100
2019-06-28 09:49:40.000000000,100098,269,100046,369,100135,264,100044,464,100180,264,99954,264,100379,100,99940,100,100393,100,99928,100,100427,100,99925,100,100445,100,99920,100,100447,100,99912,100,100608,100,99871,100,100626,100,99816,100
2019-06-28 09:49:40.123274134,100098,169,100046,369,100135,264,100044,464,100180,264,99954,264,100379,100,99940,100,100393,100,99928,100,100427,100,99925,100,100445,100,99920,100,100447,100,99912,100,100608,100,99871,100,100626,100,99816,100
2019-06-28 09:49:50.000000000,100135,269,100046,369,100180,264,100044,464,100379,264,99954,264,100393,100,99940,100,100427,100,99928,100,100445,100,99925,100,100447,100,99920,100,100608,100,99912,100,100626,100,99871,100,100667,100,99816,100
2019-06-28 09:49:55.407012376,100135,269,100046,369,100180,264,100044,464,100379,264,99954,264,100393,100,99940,100,100427,100,99928,100,100445,100,99925,100,100447,100,99920,100,100608,100,99912,100,100626,100,99871,100,100667,100,99816,100
2019-06-28 09:49:56.272844604,100135,269,100069,100,100180,264,100046,369,100379,264,100044,464,100393,100,99954,264,100427,100,99940,100,100445,100,99928,100,100447,100,99925,100,100608,100,99920,100,100626,100,99912,100,100667,100,99871,100
2019-06-28 09:50:00.000000000,100135,596,100069,596,100180,100,100046,200,100379,100,100044,300,100393,100,99954,100,100427,100,99940,100,100445,100,99928,100,100447,100,99925,100,100608,100,99920,100,100626,100,99912,100,100667,100,99871,100
2019-06-28 09:50:10.000000000,100135,348,100069,348,100180,348,100046,448,100379,100,100044,300,100393,100,99954,100,100427,100,99940,100,100445,100,99928,100,100447,100,99925,100,100608,100,99920,100,100626,100,99912,100,100667,100,99871,100
2019-06-28 09:50:14.663799878,100135,248,100069,348,100180,348,100046,448,100379,100,100044,300,100393,100,99954,100,100427,100,99940,100,100445,100,99928,100,100447,100,99925,100,100608,100,99920,100,100626,100,99912,100,100667,100,99871,100
2019-06-28 09:50:15.611172142,100135,148,100069,348,100180,348,100046,448,100379,100,100044,300,100393,100,99954,100,100427,100,99940,100,100445,100,99928,100,100447,100,99925,100,100608,100,99920,100,100626,100,99912,100,100667,100,99871,100
2019-06-28 09:50:20.000000000,100180,348,100069,348,100379,348,100046,448,100393,100,100044,300,100427,100,99954,100,100445,100,99940,100,100447,100,99928,100,100608,100,99925,100,100626,100,99920,100,100667,100,99912,100,101069,100,99871,100
2019-06-28 09:50:20.072684267,100180,248,100069,348,100379,348,100046,448,100393,100,100044,300,100427,100,99954,100,100445,100,99940,100,100447,100,99925,100,100608,100,99920,100,100626,100,99912,100,100667,100,99871,100,101069,100,99816,100
2019-06-28 09:50:30.000000000,100379,224,100069,224,100393,224,100046,324,100427,224,100044,424,100445,224,99954,224,100447,100,99940,100,100608,100,99925,100,100626,100,99920,100,100667,100,99912,100,101069,100,99871,100,101317,100,99816,100
2019-06-28 09:50:37.711187093,100379,124,100069,224,100393,224,100046,324,100427,224,100044,424,100445,224,99954,224,100447,100,99940,100,100608,100,99925,100,100626,100,99920,100,100667,100,99912,100,101069,100,99871,100,101317,100,99816,100
2019-06-28 09:50:40.000000000,100393,596,100069,596,100427,100,100046,200,100445,100,100044,300,100447,100,99954,100,100608,100,99940,100,100626,100,99925,100,100667,100,99920,100,101069,100,99912,100,101317,100,99871,100,,,99816,100
2019-06-28 09:50:50.000000000,100393,348,100069,348,100427,348,100046,448,100445,100,100044,300,100447,100,99954,100,100608,100,99940,100,100626,100,99925,100,100667,100,99920,100,101069,100,99912,100,101317,100,99871,100,,,99816,100
2019-06-28 09:50:52.275021022,100393,348,100069,348,100427,348,100046,448,100445,100,100044,300,100447,100,99954,100,100608,100,99940,100,100626,100,99925,100,100667,100,99920,100,100813,100,99912,100,101069,100,99871,100,101317,100,99816,100
2019-06-28 09:50:53.654472179,100393,348,100180,100,100427,348,100069,348,100445,100,100046,448,100447,100,100044,300,100608,100,99954,100,100626,100,99940,100,100667,100,99925,100,100813,100,99920,100,101069,100,99912,100,101317,100,99871,100
2019-06-28 09:51:00.000000000,100393,269,100180,269,100427,264,100069,264,100445,264,100046,364,100447,100,100044,300,100608,100,99954,100,100626,100,99940,100,100667,100,99925,100,100813,100,99920,100,101069,100,99912,100,101317,100,99871,100
2019-06-28 09:51:10.000000000,100393,596,100180,596,100427,100,100069,100,100445,100,100046,200,100447,100,100044,300,100608,100,99954,100,100626,100,99940,100,100667,100,99925,100,100813,100,99920,100,101069,100,99912,100,101317,100,99871,100
2019-06-28 09:51:19.926710175,100393,596,100180,596,100427,100,100069,100,100445,100,100046,200,100447,100,100044,300,100608,100,99954,100,100626,100,99940,100,100667,100,99925,100,100813,100,99920,100,101069,100,99912,100,101262,100,99871,100
2019-06-28 09:51:20.000000000,100393,269,100180,269,100427,264,100069,264,100445,264,100046,364,100447,100,100044,300,100608,100,99954,100,100626,100,99940,100,100667,100,99925,100,100813,100,99920,100,101069,100,99912,100,101262,100,99871,100
2019-06-28 09:51:23.573633382,100393,269,100180,269,100427,264,100069,264,100445,264,100046,364,100447,100,100044,300,100608,100,99954,100,100626,100,99940,100,100667,100,99925,100,100813,100,99920,100,101069,100,99912,100,101087,100,99871,100
2019-06-28 09:51:30.000000000,100393,596,100180,596,100427,100,100069,100,100445,100,100046,200,100447,100,100044,300,100608,100,99954,100,100626,100,99940,100,100667,100,99925,100,100813,100,99920,100,101069,100,99912,100,101087,100,99871,100
2019-06-28 09:51:40.000000000,100393,199,100180,199,100427,199,100069,199,100445,199,100046,299,100447,199,100044,399,100608,199,99954,199,100626,100,99940,100,100667,100,99925,100,100813,100,99920,100,101069,100,99912,100,101087,100,99871,100
2019-06-28 09:51:40.778084905,100393,99,100180,199,100427,199,100069,199,100445,199,100046,299,100447,199,100044,399,100608,199,99954,199,100626,100,99940,100,100667,100,99925,100,100813,100,99920,100,101069,100,99912,100,101087,100,99871,100
2019-06-28 09:51:49.023844793,100393,99,100379,100,100427,199,100180,199,100445,199,100069,99,100447,199,100046,299,100608,199,100044,399,100626,100,99954,199,100667,100,99940,100,100813,100,99925,100,101069,100,99920,100,101087,100,99912,100
2019-06-28 09:51:50.000000000,100427,348,100379,348,100445,348,100180,348,100447,100,100046,200,100608,100,100044,300,100626,100,99954,100,100667,100,99940,100,100813,100,99925,100,101069,100,99920,100,101087,100,99912,100,101262,100,99871,100
2019-06-28 09:52:00.000000000,100427,348,100379,348,100445,348,100180,348,100447,100,100046,200,100608,100,100044,300,100626,100,99954,100,100667,100,99940,100,100813,100,99925,100,101069,100,99920,100,101087,100,99912,100,101262,100,99871,100
2019-06-28 09:52:10.000000000,100427,348,100379,348,100445,348,100180,348,100447,100,100046,200,100608,100,100044,300,100626,100,99954,100,100667,100,99940,100,100813,100,99925,100,101069,100,99920,100,101087,100,99912,100,101262,100,99871,100
2019-06-28 09:52:14.253762958,100427,348,100407,100,100445,348,100379,348,100447,100,100180,348,100626,100,100046,200,100667,100,100044,300,100813,100,99954,100,101069,100,99940,100,101087,100,99925,100,101262,100,99920,100,101317,100,99912,100
2019-06-28 09:52:20.000000000,100427,269,100407,269,100445,264,100379,264,100447,264,100180,264,100626,100,100046,200,100667,100,100044,300,100813,100,99954,100,101069,100,99940,100,101087,100,99925,100,101262,100,99920,100,101317,100,99912,100
2019-06-28 09:52:25.077995547,100427,269,100407,269,100445,264,100379,264,100447,264,100180,264,100626,100,100046,200,100667,100,100044,300,100788,100,99954,100,100813,100,99940,100,101069,100,99925,100,101087,100,99920,100,101262,100,99912,100
2019-06-28 09:52:28.933349810,100427,269,100407,269,100445,264,100379,264,100447,264,100180,264,100466,100,100046,200,100626,100,100044,300,100667,100,99954,100,100788,100,99940,100,100813,100,99925,100,101069,100,99920,100,101087,100,99912,100
2019-06-28 09:52:30.000000000,100427,596,100407,596,100445,100,100379,100,100447,100,100180,100,100466,100,100046,200,100626,100,100044,300,100667,100,99954,100,100788,100,99940,100,100813,100,99925,100,101069,100,99920,100,101087,100,99912,100
2019-06-28 09:52:40.000000000,100427,224,100407,224,100445,224,100379,224,100447,224,100180,224,100466,224,100046,324,100626,100,100044,300,100667,100,99954,100,100788,100,99940,100,100813,100,99925,100,101069,100,99920,100,101087,100,99912,100
2019-06-28 09:52:50.000000000,100427,199,100407,199,100445,199,100379,199,100447,199,100180,199,100466,199,100046,299,100626,199,100044,399,100667,100,99954,100,100788,100,99940,100,100813,100,99925,100,101069,100,99920,100,101087,100,99912,100
2019-06-28 09:52:56.288773033,100427,99,100407,199,100445,199,100379,199,100447,199,100180,199,100466,199,100046,299,100626,199,100044,399,100667,100,99954,100,100788,100,99940,100,100813,100,99925,100,101069,100,99912,100,101087,100,99871,100
2019-06-28 09:53:00.000000000,100445,269,100407,269,100447,264,100379,264,100466,264,100180,264,100626,100,100046,200,100667,100,100044,300,100788,100,99954,100,100813,100,99940,100,101069,100,99925,100,101087,100,99912,100,101262,100,99871,100
2019-06-28 09:53:03.075488748,100445,169,100407,269,100447,264,100379,264,100466,264,100180,264,100626,100,100046,200,100667,100,100044,300,100788,100,99954,100,100813,100,99940,100,101069,100,99925,100,101087,100,99912,100,101262,100,99871,100
2019-06-28 09:53:10.000000000,100447,348,100407,348,100466,348,100379,348,100626,100,100180,100,100667,100,100046,200,100788,100,100044,300,100813,100,99954,100,101069,100,99940,100,101087,100,99925,100,101262,100,99912,100,101317,100,99871,100
2019-06-28 09:53:20.000000000,100447,596,100407,596,100466,100,100379,100,100626,100,100180,100,100667,100,100046,200,100788,100,100044,300,100813,100,99954,100,101069,100,99940,100,101087,100,99925,100,101262,100,99912,100,101317,100,99871,100
2019-06-28 09:53:29.569915534,100447,596,100438,100,100466,100,100407,596,100626,100,100379,100,100667,100,100180,100,100788,100,100046,200,100813,100,100044,300,101069,100,99954,100,101087,100,99940,100,101262,100,99925,100,101317,100,99912,100
2019-06-28 09:53:30.000000000,100447,224,100438,224,100466,224,100407,224,100626,224,100379,224,100667,224,100180,224,100788,100,100046,200,100813,100,100044,300,101069,100,99954,100,101087,100,99940,100,101262,100,99925,100,101317,100,99912,100
2019-06-28 09:53:40.000000000,100447,596,100438,596,100466,100,100407,100,100626,100,100379,100,100667,100,100180,100,100788,100,100046,200,100813,100,100044,300,101069,100,99954,100,101087,100,99940,100,101262,100,99925,100,101317,100,99912,100
2019-06-28 09:53:41.754599058,100447,596,100438,596,100466,100,100407,100,100626,100,100379,100,100667,100,100328,100,100788,100,100180,100,100813,100,100046,200,101069,100,100044,300,101087,100,99954,100,101262,100,99940,100,101317,100,99925,100
2019-06-28 09:53:50.000000000,100447,199,100438,199,100466,199,100407,199,100626,199,100379,199,100667,199,100328,199,100788,199,100180,199,100813,100,100046,200,101069,100,100044,300,101087,100,99954,100,101262,100,99940,100,101317,100,99925,100
2019-06-28 09:54:00.000000000,100447,596,100438,596,100466,100,100407,100,100626,100,100379,100,100667,100,100328,100,100788,100,100180,100,100813,100,100046,200,101069,100,100044,300,101087,100,99954,100,101262,100,99940,100,101317,100,99925,100
2019-06-28 09:54:10.000000000,100447,596,100438,596,100466,100,100407,100,100626,100,100379,100,100667,100,100328,100,100788,100,100180,100,100813,100,100046,200,101069,100,100044,300,101087,100,99954,100,101262,100,99940,100,101317,100,99925,100
2019-06-28 09:54:20.000000000,100447,596,100438,596,100466,100,100407,100,100626,100,100379,100,100667,100,100328,100,100788,100,100180,100,100813,100,100046,200,101069,100,100044,300,101087,100,99954,100,101262,100,99940,100,101317,100,99925,100
2019-06-28 09:54:21.934944955,100447,596,100438,596,100466,100,100379,100,100485,100,100328,100,100626,100,100180,100,100667,100,100046,200,100788,100,100044,300,100813,100,99954,100,101069,100,99940,100,101087,100,99925,100,101262,100,99912,100
2019-06-28 09:54:22.024922963,100447,596,100438,596,100466,100,100379,100,100485,100,100328,100,100556,100,100180,100,100626,100,100046,200,100667,100,100044,300,100788,100,99954,100,100813,100,99940,100,101069,100,99925,100,101087,100,99912,100
2019-06-28 09:54:25.278795204,100447,596,100438,596,100466,100,100379,100,100485,100,100328,100,100556,100,100180,100,100626,100,100046,200,100656,100,100044,300,100667,100,99954,100,100788,100,99940,100,100813,100,99925,100,101069,100,99912,100
2019-06-28 09:54:30.000000000,100447,199,100438,199,100466,199,100379,199,100485,199,100328,199,100556,199,100180,199,100626,199,100046,299,100656,100,100044,300,100667,100,99954,100,100788,100,99940,100,100813,100,99925,100,101069,100,99912,100
2019-06-28 09:54:30.774568975,100447,199,100438,199,100466,199,100379,199,100485,199,100328,199,100556,199,100284,100,100626,199,100180,199,100656,100,100046,299,100667,100,100044,300,100788,100,99954,100,100813,100,99940,100,101069,100,99912,100
2019-06-28 09:54:40.000000000,100447,596,100438,596,100466,100,100379,100,100485,100,100328,100,100556,100,100284,100,100626,100,100180,100,100656,100,100046,200,100667,100,100044,300,100788,100,99954,100,100813,100,99940,100,101069,100,99912,100
2019-06-28 09:54:50.000000000,100447,596,100438,596,100466,100,100379,100,100485,100,100328,100,100556,100,100284,100,100626,100,100180,100,100656,100,100046,200,100667,100,100044,300,100788,100,99954,100,100813,100,99940,100,101069,100,99912,100
2019-06-28 09:54:54.745221887,100447,596,100438,596,100466,100,100427,100,100485,100,100379,100,100556,100,100328,100,100626,100,100284,100,100656,100,100180,100,100667,100,100046,200,100788,100,100044,300,100813,100,99954,100,101069,100,99940,100
2019-06-28 09:54:57.499256603,100447,496,100438,596,100466,100,100427,100,100485,100,100379,100,100556,100,100328,100,100626,100,100284,100,100656,100,100180,100,100667,100,100046,200,100788,100,100044,300,100813,100,99954,100,101069,100,99940,100
2019-06-28 09:55:00.000000000,100466,348,100438,348,100485,348,100427,348,100556,100,100379,100,100626,100,100328,100,100656,100,100284,100,100667,100,100180,100,100788,100,100046,200,100813,100,100044,300,101069,100,99954,100,101087,100,99940,100
2019-06-28 09:55:10.000000000,100466,596,100438,596,100485,100,100427,100,100556,100,100379,100,100626,100,100328,100,100656,100,100284,100,100667,100,100180,100,100788,100,100046,200,100813,100,100044,300,101069,100,99954,100,101087,100,99940,100
2019-06-28 09:55:13.366568586,100466,496,100438,596,100485,100,100427,100,100556,100,100379,100,100626,100,100328,100,100656,100,100284,100,100667,100,100180,100,100788,100,100046,200,100813,100,100044,300,101069,100,99954,100,101087,100,99940,100
2019-06-28 09:55:20.000000000,100485,199,100438,199,100556,199,100427,199,100626,199,100379,199,100656,199,100328,199,100667,199,100284,199,100788,100,100180,100,100813,100,100046,200,101069,100,100044,300,101087,100,99954,100,101262,100,99940,100
2019-06-28 09:55:24.621639272,100485,199,100447,100,100556,199,100438,199,100626,199,100427,99,100656,199,100379,199,100667,199,100328,199,100788,100,100284,199,100813,100,100180,100,101069,100,100046,200,101087,100,100044,300,101262,100,99954,100
2019-06-28 09:55:30.000000000,100485,199,100447,199,100556,199,100438,199,100626,199,100379,199,100656,199,100328,199,100667,199,100284,199,100788,100,100180,100,100813,100,100046,200,101069,100,100044,300,101087,100,99954,100,101262,100,99940,100
2019-06-28 09:55:40.000000000,100485,269,100447,269,100556,264,100438,264,100626,264,100379,264,100656,100,100328,100,100667,100,100284,100,100788,100,100180,100,100813,100,100046,200,101069,100,100044,300,101087,100,99954,100,101262,100,99940,100
2019-06-28 09:55:42.888907221,100485,269,100447,269,100556,264,100438,264,100626,264,100379,264,100656,100,100328,100,100667,100,100284,100,100788,100,100180,100,100813,100,100046,100,101069,100,100044,300,101087,100,99954,100,101262,100,99940,100
2019-06-28 09:55:50.000000000,100485,596,100447,596,100556,100,100438,100,100626,100,100379,100,100656,100,100328,100,100667,100,100284,100,100788,100,100180,100,100813,100,100046,100,101069,100,100044,300,101087,100,99954,100,101262,100,99940,100
2019-06-28 09:55:59.828167636,100485,596,100447,596,100556,100,100438,100,100626,100,100379,100,100656,100,100328,100,100667,100,100284,100,100788,100,100180,100,100813,100,100044,300,101069,100,99954,100,101087,100,99940,100,101262,100,99912,100
2019-06-28 09:56:00.000000000,100485,269,100447,269,100556,264,100438,264,100626,264,100379,264,100656,100,100328,100,100667,100,100284,100,100788,100,100180,100,100813,100,100044,300,101069,100,99954,100,101087,100,99940,100,101262,100,99912,100
2019-06-28 09:56:10.000000000,100485,199,100447,199,100556,199,100438,199,100626,199,100379,199,100656,199,100328,199,100667,199,100284,199,100788,100,100180,100,100813,100,100044,300,101069,100,99954,100,101087,100,99940,100,101262,100,99912,100
2019-06-28 09:56:16.987994177,100485,199,100447,299,100556,199,100438,199,100626,199,100379,199,100656,199,100328,199,100667,199,100284,199,100788,100,100180,100,100813,100,100044,300,101069,100,99954,100,101087,100,99940,100,101262,100,99912,100
2019-06-28 09:56:20.000000000,100485,596,100447,696,100556,100,100438,100,100626,100,100379,100,100656,100,100328,100,100667,100,100284,100,100788,100,100180,100,100813,100,100044,300,101069,100,99954,100,101087,100,99940,100,101262,100,99912,100
2019-06-28 09:56:22.897924383,100485,596,100447,696,100556,100,100438,100,100595,100,100379,100,100626,100,100328,100,100656,100,100284,100,100667,100,100180,100,100788,100,100044,300,100813,100,99954,100,101069,100,99940,100,101087,100,99912,100
2019-06-28 09:56:30.000000000,100485,269,100447,369,100556,264,100438,264,100595,264,100379,264,100626,100,100328,100,100656,100,100284,100,100667,100,100180,100,100788,100,100044,300,100813,100,99954,100,101069,100,99940,100,101087,100,99912,100
2019-06-28 09:56:34.405637679,100485,269,100447,369,100556,264,100438,264,100595,264,100379,264,100626,100,100328,100,100656,100,100284,100,100667,100,100180,100,100788,100,100044,300,100805,100,99954,100,100813,100,99940,100,101069,100,99912,100
2019-06-28 09:56:40.000000000,100485,224,100447,324,100556,224,100438,224,100595,224,100379,224,100626,224,100328,224,100656,100,100284,100,100667,100,100180,100,100788,100,100044,300,100805,100,99954,100,100813,100,99940,100,101069,100,99912,100
2019-06-28 09:56:50.000000000,100485,596,100447,696,100556,100,100438,100,100595,100,100379,100,100626,100,100328,100,100656,100,100284,100,100667,100,100180,100,100788,100,100044,300,100805,100,99954,100,100813,100,99940,100,101069,100,99912,100
2019-06-28 09:56:58.910160477,100485,596,100447,696,100556,100,100438,100,100595,100,100379,100,100626,100,100328,100,100656,100,100284,100,100667,100,100180,100,100788,100,100044,300,100805,100,99954,100,100813,100,99940,100,100830,100,99912,100
2019-06-28 09:57:00.000000000,100485,348,100447,448,100556,348,100438,348,100595,100,100379,100,100626,100,100328,100,100656,100,100284,100,100667,100,100180,100,100788,100,100044,300,100805,100,99954,100,100813,100,99940,100,100830,100,99912,100
2019-06-28 09:57:05.731275421,100485,348,100447,448,100556,348,100438,348,100595,100,100379,100,100626,100,100328,100,100656,100,100284,100,100667,100,100180,100,100788,100,100044,300,100813,100,99954,100,100830,100,99940,100,100890,100,99912,100
2019-06-28 09:57:10.000000000,100485,269,100447,369,100556,264,100438,264,100595,264,100379,264,100626,100,100328,100,100656,100,100284,100,100667,100,100180,100,100788,100,100044,300,100813,100,99954,100,100830,100,99940,100,100890,100,99912,100
2019-06-28 09:57:16.032607381,100485,269,100447,369,100556,264,100438,264,100595,264,100379,264,100626,100,100328,100,100656,100,100284,100,100667,100,100180,100,100788,100,100044,200,100813,100,99954,100,100830,100,99940,100,100890,100,99912,100
2019-06-28 09:57:20.000000000,100485,348,100447,448,100556,348,100438,348,100595,100,100379,100,100626,100,100328,100,100656,100,100284,100,100667,100,100180,100,100788,100,100044,200,100813,100,99954,100,100830,100,99940,100,100890,100,99912,100
2019-06-28 09:57:30.000000000,100485,199,100447,299,100556,199,100438,199,100595,199,100379,199,100626,199,100328,199,100656,199,100284,199,100667,100,100180,100,100788,100,100044,200,100813,100,99954,100,100830,100,99940,100,100890,100,99912,100
2019-06-28 09:57:40.000000000,100485,596,100447,696,100556,100,100438,100,100595,100,100379,100,100626,100,100328,100,100656,100,100284,100,100667,100,100180,100,100788,100,100044,200,100813,100,99954,100,100830,100,99940,100,100890,100,99912,100
2019-06-28 09:57:50.000000000,100485,596,100447,696,100556,100,100438,100,100595,100,100379,100,100626,100,100328,100,100656,100,100284,100,100667,100,100180,100,100788,100,100044,200,100813,100,99954,100,100830,100,99940,100,100890,100,99912,100
2019-06-28 09:58:00.000000000,100485,596,100447,696,100556,100,100438,100,100595,100,100379,100,100626,100,100328,100,100656,100,100284,100,100667,100,100180,100,100788,100,100044,200,100813,100,99954,100,100830,100,99940,100,100890,100,99912,100
2019-06-28 09:58:10.000000000,100485,348,100447,448,100556,348,100438,348,100595,100,100379,100,100626,100,100328,100,100656,100,100284,100,100667,100,100180,100,100788,100,100044,200,100813,100,99954,100,100830,100,99940,100,100890,100,99912,100
2019-06-28 09:58:12.674406094,100485,348,100447,448,100556,348,100438,348,100595,100,100379,100,100626,100,100328,100,100656,100,100284,100,100667,100,100180,100,100788,100,100044,200,100813,100,99954,100,100830,100,99940,100,100890,100,99920,100
2019-06-28 09:58:14.152645089,100485,348,100447,348,100556,348,100438,348,100595,100,100379,100,100626,100,100328,100,100656,100,100284,100,100667,100,100180,100,100788,100,100044,200,100813,100,99954,100,100830,100,99940,100,100890,100,99920,100
2019-06-28 09:58:20.000000000,100485,269,100447,269,100556,264,100438,264,100595,264,100379,264,100626,100,100328,100,100656,100,100284,100,100667,100,100180,100,100788,100,100044,200,100813,100,99954,100,100830,100,99940,100,100890,100,99920,100
2019-06-28 09:58:30.000000000,100485,348,100447,348,100556,348,100438,348,100595,100,100379,100,100626,100,100328,100,100656,100,100284,100,100667,100,100180,100,100788,100,100044,200,100813,100,99954,100,100830,100,99940,100,100890,100,99920,100
2019-06-28 09:58:40.000000000,100485,269,100447,269,100556,264,100438,264,100595,264,100379,264,100626,100,100328,100,100656,100,100284,100,100667,100,100180,100,100788,100,100044,200,100813,100,99954,100,100830,100,99940,100,100890,100,99920,100
2019-06-28 09:58:48.697586457,100485,269,100447,269,100556,264,100438,264,100595,264,100379,264,100626,100,100328,100,100656,100,100284,100,100667,100,100180,100,100788,100,100044,200,100813,100,99954,100,100830,100,99940,100,100890,100,99920,100
2019-06-28 09:58:50.000000000,100485,224,100447,224,100556,224,100438,224,100595,224,100379,224,100626,224,100328,224,100656,100,100284,100,100667,100,100180,100,100788,100,100044,200,100813,100,99954,100,100830,100,99940,100,100890,100,99920,100
2019-06-28 09:59:00.000000000,100485,224,100447,224,100556,224,100438,224,100595,224,100379,224,100626,224,100328,224,100656,100,100284,100,100667,100,100180,100,100788,100,100044,200,100813,100,99954,100,100830,100,99940,100,100890,100,99920,100
2019-06-28 09:59:01.209669343,100485,224,100447,224,100556,224,100438,224,100595,224,100379,224,100626,224,100328,224,100656,100,100284,100,100667,100,100180,100,100788,100,100044,100,100813,100,99954,100,100830,100,99940,100,100890,100,99920,100
2019-06-28 09:59:10.000000000,100485,269,100447,269,100556,264,100438,264,100595,264,100379,264,100626,100,100328,100,100656,100,100284,100,100667,100,100180,100,100788,100,100044,100,100813,100,99954,100,100830,100,99940,100,100890,100,99920,100
2019-06-28 09:59:20.000000000,100485,224,100447,224,100556,224,100438,224,100595,224,100379,224,100626,224,100328,224,100656,100,100284,100,100667,100,100180,100,100788,100,100044,100,100813,100,99954,100,100830,100,99940,100,100890,100,99920,100
2019-06-28 09:59:21.981823145,100485,224,100447,224,100556,224,100438,224,100595,224,100379,224,100626,224,100328,224,100656,100,100284,100,100667,100,100180,100,100788,100,100044,100,100813,100,99954,100,100830,100,99940,100,101069,100,99920,100
2019-06-28 09:59:30.000000000,100485,596,100447,596,100556,100,100438,100,100595,100,100379,100,100626,100,100328,100,100656,100,100284,100,100667,100,100180,100,100788,100,100044,100,100813,100,99954,100,100830,100,99940,100,101069,100,99920,100
2019-06-28 09:59:40.000000000,100485,269,100447,269,100556,264,100438,264,100595,264,100379,264,100626,100,100328,100,100656,100,100284,100,100667,100,100180,100,100788,100,100044,100,100813,100,99954,100,100830,100,99940,100,101069,100,99920,100
2019-06-28 09:59:42.578264520,100485,269,100447,169,100556,264,100438,264,100595,264,100379,264,100626,100,100328,100,100656,100,100284,100,100667,100,100180,100,100788,100,100044,100,100813,100,99954,100,100830,100,99940,100,101069,100,99920,100
2019-06-28 09:59:50.000000000,100485,199,100438,199,100556,199,100379,199,100595,199,100328,199,100626,199,100284,199,100656,199,100180,199,100667,100,100044,100,100788,100,99954,100,100813,100,99940,100,100830,100,99920,100,101069,100,99912,100
2019-06-28 09:59:55.761746591,100485,199,100438,199,100556,199,100379,199,100595,199,100328,199,100626,199,100284,199,100656,199,100180,199,100667,100,100044,100,100788,100,99954,100,100813,100,99940,100,100830,100,99920,100,101069,100,99912,100
2019-06-28 10:00:00.000000000,100485,269,100438,269,100556,264,100379,264,100595,264,100328,264,100626,100,100284,100,100656,100,100180,100,100667,100,100044,100,100788,100,99954,100,100813,100,99940,100,100830,100,99920,100,101069,100,99912,100
2019-06-28 10:00:10.000000000,100485,348,100438,348,100556,348,100379,348,100595,100,100328,100,100626,100,100284,100,100656,100,100180,100,100667,100,100044,100,100788,100,99954,100,100813,100,99940,100,100830,100,99920,100,101069,100,99912,100
2019-06-28 10:00:20.000000000,100485,224,100438,224,100556,224,100379,224,100595,224,100328,224,100626,224,100284,224,100656,100,100180,100,100667,100,100044,100,100788,100,99954,100,100813,100,99940,100,100830,100,99920,100,101069,100,99912,100
2019-06-28 10:00:20.220575697,100447,100,100438,224,100485,224,100379,224,100556,224,100328,224,100595,224,100284,224,100626,224,100180,100,100656,100,100044,100,100667,100,99954,100,100788,100,99940,100,100813,100,99920,100,100830,100,99912,100
2019-06-28 10:00:30.000000000,100447,596,100438,596,100485,100,100379,100,100556,100,100328,100,100595,100,100284,100,100626,100,100180,100,100656,100,100044,100,100667,100,99954,100,100788,100,99940,100,100813,100,99920,100,100830,100,99912,100
2019-06-28 10:00:40.000000000,100447,348,100438,348,100485,348,100379,348,100556,100,100328,100,100595,100,100284,100,100626,100,100180,100,100656,100,100044,100,100667,100,99954,100,100788,100,99940,100,100813,100,99920,100,100830,100,99912,100
2019-06-28 10:00:50.000000000,100447,269,100438,269,100485,264,100379,264,100556,264,100328,264,100595,100,100284,100,100626,100,100180,100,100656,100,100044,100,100667,100,99954,100,100788,100,99940,100,100813,100,99920,100,100830,100,99912,100
2019-06-28 10:00:56.134854895,100447,269,100438,269,100485,264,100379,264,100556,264,100328,264,100595,100,100284,100,100626,100,100207,100,100656,100,100180,100,100667,100,100044,100,100788,100,99954,100,100813,100,99940,100,100830,100,99920,100
2019-06-28 10:01:00.000000000,100447,224,100438,224,100485,224,100379,224,100556,224,100328,224,100595,224,100284,224,100626,100,100207,100,100656,100,100180,100,100667,100,100044,100,100788,100,99954,100,100813,100,99940,100,100830,100,99920,100
2019-06-28 10:01:02.529602884,100447,124,100438,224,100485,224,100379,224,100556,224,100328,224,100595,224,100284,224,100626,100,100207,100,100656,100,100180,100,100667,100,100044,100,100788,100,99954,100,100813,100,99940,100,100830,100,99912,100
2019-06-28 10:01:10.000000000,100485,199,100438,199,100556,199,100379,199,100595,199,100328,199,100626,199,100284,199,100656,199,100207,199,100667,100,100180,100,100788,100,100044,100,100813,100,99954,100,100830,100,99940,100,101069,100,99912,100
2019-06-28 10:01:20.000000000,100485,269,100438,269,100556,264,100379,264,100595,264,100328,264,100626,100,100284,100,100656,100,100207,100,100667,100,100180,100,100788,100,100044,100,100813,100,99954,100,100830,100,99940,100,101069,100,99912,100
2019-06-28 10:01:26.981546645,100446,100,100438,269,100485,269,100379,264,100556,264,100328,264,100595,264,100284,100,100626,100,100207,100,100656,100,100180,100,100667,100,100044,100,100788,100,99954,100,100813,100,99940,100,100830,100,99912,100
2019-06-28 10:01:30.000000000,100446,224,100438,224,100485,224,100379,224,100556,224,100328,224,100595,224,100284,224,100626,100,100207,100,100656,100,100180,100,100667,100,100044,100,100788,100,99954,100,100813,100,99940,100,100830,100,99912,100
2019-06-28 10:01:40.000000000,100446,224,100438,224,100485,224,100379,224,100556,224,100328,224,100595,224,100284,224,100626,100,100207,100,100656,100,100180,100,100667,100,100044,100,100788,100,99954,100,100813,100,99940,100,100830,100,99912,100
2019-06-28 10:01:41.362650365,100446,224,100438,124,100485,224,100379,224,100556,224,100328,224,100595,224,100284,224,100656,100,100207,100,100667,100,100180,100,100788,100,100044,100,100813,100,99954,100,100830,100,99940,100,101069,100,99912,100
2019-06-28 10:01:50.000000000,100446,348,100379,348,100485,348,100328,348,100556,100,100284,100,100595,100,100207,100,100656,100,100180,100,100667,100,100044,100,100788,100,99954,100,100813,100,99940,100,100830,100,99912,100,101069,100,99868,100
2019-06-28 10:01:55.416656306,100446,348,100379,348,100485,348,100328,348,100556,100,100284,100,100595,100,100207,100,100656,100,100180,100,100667,100,100099,100,100788,100,100044,100,100813,100,99954,100,100830,100,99940,100,101069,100,99912,100
2019-06-28 10:02:00.000000000,100446,348,100379,348,100485,348,100328,348,100556,100,100284,100,100595,100,100207,100,100656,100,100180,100,100667,100,100099,100,100788,100,100044,100,100813,100,99954,100,100830,100,99940,100,101069,100,99912,100
2019-06-28 10:02:07.947544607,100446,348,100379,348,100485,248,100328,348,100556,100,100313,100,100595,100,100284,100,100656,100,100207,100,100667,100,100180,100,100788,100,100099,100,100813,100,100044,100,100830,100,99954,100,101069,100,99940,100
2019-06-28 10:02:08.206435654,100445,100,100379,348,100446,348,100328,348,100485,248,100313,100,100556,100,100284,100,100595,100,100207,100,100656,100,100180,100,100667,100,100099,100,100788,100,100044,100,100813,100,99954,100,100830,100,99940,100
2019-06-28 10:02:10.000000000,100445,224,100379,224,100446,224,100328,224,100556,224,100313,224,100595,224,100284,224,100656,100,100207,100,100667,100,100180,100,100788,100,100099,100,100813,100,100044,100,100830,100,99954,100,101069,100,99940,100
2019-06-28 10:02:20.000000000,100445,596,100379,596,100446,100,100328,100,100556,100,100313,100,100595,100,100284,100,100656,100,100207,100,100667,100,100180,100,100788,100,100099,100,100813,100,100044,100,100830,100,99954,100,101069,100,99940,100
2019-06-28 10:02:24.637696826,100445,596,100439,100,100446,100,100379,596,100556,100,100328,100,100595,100,100313,100,100656,100,100284,100,100667,100,100207,100,100788,100,100180,100,100813,100,100099,100,100830,100,100044,100,101069,100,99954,100
2019-06-28 10:02:26.949900239,100445,596,100439,100,100446,100,100379,596,100556,100,100333,100,100595,100,100328,100,100656,100,100313,100,100667,100,100284,100,100788,100,100207,100,100813,100,100180,100,100830,100,100099,100,101069,100,100044,100
2019-06-28 10:02:30.000000000,100445,348,100439,348,100446,348,100379,348,100556,100,100333,100,100595,100,100328,100,100656,100,100313,100,100667,100,100284,100,100788,100,100207,100,100813,100,100180,100,100830,100,100099,100,101069,100,100044,100
2019-06-28 10:02:31.494980127,100445,348,100439,348,100446,448,100379,348,100556,100,100333,100,100595,100,100328,100,100656,100,100313,100,100667,100,100284,100,100788,100,100207,100,100813,100,100180,100,100830,100,100099,100,101069,100,100044,100
2019-06-28 10:02:32.426326153,100445,348,100439,348,100446,448,100379,348,100556,100,100333,100,100595,100,100328,100,100656,100,100315,100,100667,100,100313,100,100788,100,100284,100,100813,100,100207,100,101069,100,100180,100,101087,100,100099,100
2019-06-28 10:02:33.530026513,100445,348,100439,348,100446,448,100379,348,100556,100,100338,100,100595,100,100333,100,100656,100,100328,100,100667,100,100315,100,100788,100,100313,100,100813,100,100284,100,101069,100,100207,100,101087,100,100180,100
2019-06-28 10:02:38.753344920,100445,348,100439,448,100446,448,100379,348,100556,100,100338,100,100595,100,100333,100,100656,100,100328,100,100667,100,100315,100,100788,100,100313,100,100813,100,100284,100,101069,100,100207,100,101087,100,100180,100
2019-06-28 10:02:40.000000000,100445,199,100439,299,100446,299,100379,199,100556,199,100338,199,100595,199,100333,199,100656,199,100328,199,100667,100,100315,100,100788,100,100313,100,100813,100,100284,100,101069,100,100207,100,101087,100,100180,100
2019-06-28 10:02:50.000000000,100445,269,100439,369,100446,364,100379,264,100556,264,100338,264,100595,100,100333,100,100656,100,100328,100,100667,100,100315,100,100788,100,100313,100,100813,100,100284,100,101069,100,100207,100,101087,100,100180,100
2019-06-28 10:02:55.255425498,100445,169,100439,369,100446,264,100379,264,100556,264,100338,264,100595,100,100333,100,100656,100,100328,100,100667,100,100315,100,100788,100,100313,100,100813,100,100284,100,101069,100,100207,100,101087,100,100180,100
2019-06-28 10:03:00.000000000,100446,269,100439,369,100556,264,100379,264,100595,264,100338,264,100656,100,100333,100,100667,100,100328,100,100788,100,100315,100,100813,100,100313,100,101069,100,100284,100,101087,100,100207,100,101262,100,100180,100
2019-06-28 10:03:02.094196377,100446,169,100439,369,100556,264,100379,264,100595,264,100338,264,100656,100,100333,100,100667,100,100328,100,100788,100,100315,100,100813,100,100313,100,101069,100,100284,100,101087,100,100207,100,101262,100,100180,100
2019-06-28 10:03:10.000000000,100556,348,100439,448,100595,348,100379,348,100656,100,100338,100,100667,100,100333,100,100788,100,100328,100,100813,100,100315,100,101069,100,100313,100,101087,100,100284,100,101262,100,100207,100,101317,100,100180,100
2019-06-28 10:03:20.000000000,100556,269,100439,369,100595,264,100379,264,100656,264,100338,264,100667,100,100333,100,100788,100,100328,100,100813,100,100315,100,101069,100,100313,100,101087,100,100284,100,101262,100,100207,100,101317,100,100180,100
2019-06-28 10:03:25.843057060,100556,269,100439,369,100595,264,100379,264,100628,100,100338,264,100656,264,100333,100,100667,100,100328,100,100788,100,100315,100,100813,100,100313,100,101069,100,100284,100,101087,100,100207,100,101262,100,100180,100
2019-06-28 10:03:30.000000000,100556,224,100439,324,100595,224,100379,224,100628,224,100338,224,100656,224,100333,224,100667,100,100328,100,100788,100,100315,100,100813,100,100313,100,101069,100,100284,100,101087,100,100207,100,101262,100,100180,100
2019-06-28 10:03:30.417609105,100556,224,100445,100,100595,224,100439,324,100628,224,100379,224,100656,224,100338,224,100667,100,100333,224,100788,100,100328,100,100813,100,100315,100,101069,100,100313,100,101087,100,100284,100,101262,100,100207,100
2019-06-28 10:03:40.000000000,100556,348,100445,348,100595,348,100439,448,100628,100,100379,100,100656,100,100338,100,100667,100,100333,100,100788,100,100328,100,100813,100,100315,100,101069,100,100313,100,101087,100,100284,100,101262,100,100207,100
2019-06-28 10:03:50.000000000,100556,224,100445,224,100595,224,100439,324,100628,224,100379,224,100656,224,100338,224,100667,100,100333,100,100788,100,100328,100,100813,100,100315,100,101069,100,100313,100,101087,100,100284,100,101262,100,100207,100
2019-06-28 10:03:57.135728531,100556,124,100445,224,100595,224,100439,324,100628,224,100379,224,100656,224,100338,224,100667,100,100333,100,100788,100,100328,100,100813,100,100315,100,101069,100,100313,100,101087,100,100284,100,101262,100,100207,100
2019-06-28 10:04:00.000000000,100595,348,100445,348,100628,348,100439,448,100656,100,100379,100,100667,100,100338,100,100788,100,100333,100,100813,100,100328,100,101069,100,100315,100,101087,100,100313,100,101262,100,100284,100,101317,100,100207,100
2019-06-28 10:04:10.000000000,100595,596,100445,596,100628,100,100439,200,100656,100,100379,100,100667,100,100338,100,100788,100,100333,100,100813,100,100328,100,101069,100,100315,100,101087,100,100313,100,101262,100,100284,100,101317,100,100207,100
2019-06-28 10:04:20.000000000,100595,199,100445,199,100628,199,100439,299,100656,199,100379,199,100667,199,100338,199,100788,199,100333,199,100813,100,100328,100,101069,100,100315,100,101087,100,100313,100,101262,100,100284,100,101317,100,100207,100
2019-06-28 10:04:24.955548062,100595,199,100446,100,100628,199,100445,199,100656,199,100439,299,100667,199,100379,199,100788,199,100338,199,100813,100,100333,199,101069,100,100328,100,101087,100,100315,100,101262,100,100313,100,101317,100,100284,100
2019-06-28 10:04:30.000000000,100595,348,100446,348,100628,348,100445,348,100656,100,100439,200,100667,100,100379,100,100788,100,100338,100,100813,100,100333,100,101069,100,100328,100,101087,100,100315,100,101262,100,100313,100,101317,100,100284,100
2019-06-28 10:04:40.000000000,100595,199,100446,199,100628,199,100445,199,100656,199,100439,299,100667,199,100379,199,100788,199,100338,199,100813,100,100333,100,101069,100,100328,100,101087,100,100315,100,101262,100,100313,100,101317,100,100284,100
2019-06-28 10:04:50.000000000,100595,348,100446,348,100628,348,100445,348,100656,100,100439,200,100667,100,100379,100,100788,100,100338,100,100813,100,100333,100,101069,100,100328,100,101087,100,100315,100,101262,100,100313,100,101317,100,100284,100
2019-06-28 10:05:00.000000000,100595,596,100446,596,100628,100,100445,100,100656,100,100439,200,100667,100,100379,100,100788,100,100338,100,100813,100,100333,100,101069,100,100328,100,101087,100,100315,100,101262,100,100313,100,101317,100,100284,100
2019-06-28 10:05:08.286494352,100564,100,100446,596,100595,596,100445,100,100628,100,100439,200,100656,100,100379,100,100667,100,100333,100,100788,100,100328,100,100813,100,100315,100,101069,100,100313,100,101087,100,100284,100,101262,100,100207,100
2019-06-28 10:05:10.000000000,100564,596,100446,596,100595,100,100445,100,100628,100,100439,200,100656,100,100379,100,100667,100,100333,100,100788,100,100328,100,100813,100,100315,100,101069,100,100313,100,101087,100,100284,100,101262,100,100207,100
2019-06-28 10:05:20.000000000,100564,224,100446,224,100595,224,100445,224,100628,224,100439,324,100656,224,100379,224,100667,100,100333,100,100788,100,100328,100,100813,100,100315,100,101069,100,100313,100,101087,100,100284,100,101262,100,100207,100
2019-06-28 10:05:30.000000000,100564,348,100446,348,100595,348,100445,348,100628,100,100439,200,100656,100,100379,100,100667,100,100333,100,100788,100,100328,100,100813,100,100315,100,101069,100,100313,100,101087,100,100284,100,101262,100,100207,100
2019-06-28 10:05:40.000000000,100564,269,100446,269,100595,264,100445,264,100628,264,100439,364,100656,100,100379,100,100667,100,100333,100,100788,100,100328,100,100813,100,100315,100,101069,100,100313,100,101087,100,100284,100,101262,100,100207,100
2019-06-28 10:05:50.000000000,100564,269,100446,269,100595,264,100445,264,100628,264,100439,364,100656,100,100379,100,100667,100,100333,100,100788,100,100328,100,100813,100,100315,100,101069,100,100313,100,101087,100,100284,100,101262,100,100207,100
2019-06-28 10:06:00.000000000,100564,269,100446,269,100595,264,100445,264,100628,264,100439,364,100656,100,100379,100,100667,100,100333,100,100788,100,100328,100,100813,100,100315,100,101069,100,100313,100,101087,100,100284,100,101262,100,100207,100
2019-06-28 10:06:10.000000000,100564,596,100446,596,100595,100,100445,100,100628,100,100439,200,100656,100,100379,100,100667,100,100333,100,100788,100,100328,100,100813,100,100315,100,101069,100,100313,100,101087,100,100284,100,101262,100,100207,100
2019-06-28 10:06:11.893318623,100564,596,100446,596,100595,100,100445,100,100628,100,100439,200,100656,100,100379,100,100667,100,100333,100,100788,100,100328,100,100813,100,100315,100,101069,100,100313,100,101087,100,100284,100,101262,100,100230,100
2019-06-28 10:06:20.000000000,100564,269,100446,269,100595,264,100445,264,100628,264,100439,364,100656,100,100379,100,100667,100,100333,100,100788,100,100328,100,100813,100,100315,100,101069,100,100313,100,101087,100,100284,100,101262,100,100230,100
2019-06-28 10:06:23.464916994,100564,269,100446,269,100595,264,100445,264,100628,264,100439,364,100656,100,100379,100,100667,100,100333,100,100788,100,100328,100,100813,100,100315,100,101069,100,100313,100,101087,100,100307,100,101262,100,100284,100
2019-06-28 10:06:30.000000000,100564,224,100446,224,100595,224,100445,224,100628,224,100439,324,100656,224,100379,224,100667,100,100333,100,100788,100,100328,100,100813,100,100315,100,101069,100,100313,100,101087,100,100307,100,101262,100,100284,100
2019-06-28 10:06:36.317545098,100564,224,100446,124,100595,224,100445,224,100628,224,100439,324,100656,224,100379,224,100667,100,100333,100,100788,100,100328,100,100813,100,100315,100,101069,100,100313,100,101087,100,100307,100,101262,100,100284,100
2019-06-28 10:06:40.000000000,100564,596,100445,596,100595,100,100439,200,100628,100,100379,100,100656,100,100333,100,100667,100,100328,100,100788,100,100315,100,100813,100,100313,100,101069,100,100307,100,101087,100,100284,100,101262,100,100207,100
2019-06-28 10:06:41.777152175,100555,100,100445,596,100564,596,100439,100,100595,100,100379,100,100628,100,100333,100,100656,100,100328,100,100667,100,100315,100,100788,100,100313,100,100813,100,100307,100,101069,100,100284,100,101087,100,100207,100
2019-06-28 10:06:50.000000000,100555,269,100445,269,100564,264,100439,264,100595,264,100379,264,100628,100,100333,100,100656,100,100328,100,100667,100,100315,100,100788,100,100313,100,100813,100,100307,100,101069,100,100284,100,101087,100,100207,100
2019-06-28 10:06:56.553401137,100555,269,100445,269,100564,264,100439,264,100595,264,100379,264,100628,100,100333,100,100645,100,100328,100,100656,100,100315,100,100667,100,100313,100,100788,100,100307,100,100813,100,100284,100,101069,100,100207,100
2019-06-28 10:07:00.000000000,100555,224,100445,224,100564,224,100439,224,100595,224,100379,224,100628,224,100333,224,100645,100,100328,100,100656,100,100315,100,100667,100,100313,100,100788,100,100307,100,100813,100,100284,100,101069,100,100207,100
2019-06-28 10:07:10.000000000,100555,224,100445,224,100564,224,100439,224,100595,224,100379,224,100628,224,100333,224,100645,100,100328,100,100656,100,100315,100,100667,100,100313,100,100788,100,100307,100,100813,100,100284,100,101069,100,100207,100
2019-06-28 10:07:12.646547386,100555,224,100445,224,100564,124,100439,224,100595,224,100379,224,100628,224,100333,224,100645,100,100328,100,100656,100,100315,100,100667,100,100313,100,100788,100,100307,100,100813,100,100284,100,100832,100,100207,100
2019-06-28 10:07:20.000000000,100555,596,100445,596,100595,100,100439,100,100628,100,100379,100,100645,100,100333,100,100656,100,100328,100,100667,100,100315,100,100788,100,100313,100,100813,100,100307,100,100832,100,100284,100,101069,100,100207,100
2019-06-28 10:07:30.000000000,100555,596,100445,596,100595,100,100439,100,100628,100,100379,100,100645,100,100333,100,100656,100,100328,100,100667,100,100315,100,100788,100,100313,100,100813,100,100307,100,100832,100,100284,100,101069,100,100207,100
2019-06-28 10:07:38.980893231,100555,596,100445,496,100595,100,100439,100,100628,100,100379,100,100645,100,100333,100,100656,100,100328,100,100667,100,100315,100,100788,100,100313,100,100813,100,100307,100,100832,100,100284,100,101069,100,100207,100
2019-06-28 10:07:40.000000000,100555,224,100439,224,100595,224,100379,224,100628,224,100333,224,100645,224,100328,224,100656,100,100315,100,100667,100,100313,100,100788,100,100307,100,100813,100,100284,100,100832,100,100207,100,101069,100,100180,100
2019-06-28 10:07:49.061242621,100555,224,100447,100,100595,224,100439,224,100628,224,100379,224,100645,224,100333,224,100656,100,100328,224,100667,100,100315,100,100788,100,100313,100,100813,100,100307,100,100832,100,100284,100,101069,100,100207,100
