,ask_price_1,ask_size_1,bid_price_1,bid_size_1,ask_price_2,ask_size_2,bid_price_2,bid_size_2,ask_price_3,ask_size_3,bid_price_3,bid_size_3,ask_price_4,ask_size_4,bid_price_4,bid_size_4,ask_price_5,ask_size_5,bid_price_5,bid_size_5,ask_price_6,ask_size_6,bid_price_6,bid_size_6,ask_price_7,ask_size_7,bid_price_7,bid_size_7,ask_price_8,ask_size_8,bid_price_8,bid_size_8,ask_price_9,ask_size_9,bid_price_9,bid_size_9,ask_price_10,ask_size_10,bid_price_10,bid_size_10
2019-06-28 09:30:00.000000001,,,100034,100,,,,,,,,,,,,,,,,,,,,,,,,,,,,,,,,,,,,
2019-06-28 09:30:00.000000006,,,100055,100,,,100034,100,,,,,,,,,,,,,,,,,,,,,,,,,,,,,,,,
2019-06-28 09:30:00.000000007,100086,100,100055,100,100129,100,100034,100,,,,,,,,,,,,,,,,,,,,,,,,,,,,,,,,
2019-06-28 09:30:00.000000008,100086,100,100034,100,100129,100,100004,100,,,99956,100,,,,,,,,,,,,,,,,,,,,,,,,,,,,
2019-06-28 09:30:00.000000010,100086,100,100034,100,100129,100,100004,100,,,99956,100,,,99848,100,,,,,,,,,,,,,,,,,,,,,,,,
2019-06-28 09:30:00.000000011,100068,100,100034,100,100086,100,100004,100,100129,100,99956,100,,,99916,100,,,99848,100,,,,,,,,,,,,,,,,,,,,
2019-06-28 09:30:00.000000014,100068,100,100034,100,100086,100,100004,100,100129,100,99956,100,,,99916,100,,,99850,100,,,99848,100,,,,,,,,,,,,,,,,
2019-06-28 09:30:00.000000015,100068,100,100034,100,100086,100,100004,100,100129,100,99956,100,,,99916,100,,,99882,100,,,99850,100,,,99848,100,,,,,,,,,,,,
2019-06-28 09:30:00.000000017,100068,100,100034,100,100083,100,100009,100,100086,100,100004,100,100129,100,99956,100,,,99916,100,,,99882,100,,,99850,100,,,99848,100,,,,,,,,
2019-06-28 09:30:00.000000021,100068,100,100009,100,100083,100,100004,100,100086,100,99956,100,100100,100,99916,100,100129,100,99882,100,,,99850,100,,,99848,100,,,,,,,,,,,,
2019-06-28 09:30:00.000000023,100055,100,100009,100,100068,100,100004,100,100083,100,99956,100,100086,100,99916,100,100100,100,99882,100,100129,100,99850,100,,,99848,100,,,,,,,,,,,,
2019-06-28 09:30:00.000000024,100055,100,100004,100,100068,100,99956,100,100083,100,99916,100,100086,100,99882,100,100100,100,99850,100,100112,100,99848,100,100129,100,99789,100,,,,,,,,,,,,
2019-06-28 09:30:00.000000026,100055,100,100004,100,100068,100,99956,100,100083,100,99916,100,100086,100,99882,100,100100,100,99858,100,100112,100,99850,100,100129,100,99848,100,,,99789,100,,,,,,,,
2019-06-28 09:30:00.000000028,100034,100,100004,100,100055,100,99956,100,100068,100,99916,100,100077,100,99882,100,100083,100,99875,100,100086,100,99858,100,100100,100,99850,100,100112,100,99848,100,100129,100,99789,100,,,,
2019-06-28 09:30:00.000000030,100034,100,100004,100,100055,100,99956,100,100064,100,99916,100,100068,100,99882,100,100077,100,99875,100,100083,100,99858,100,100086,100,99850,100,100100,100,99848,100,100112,100,99789,100,100129,100,,
2019-06-28 09:30:00.000000031,100055,100,100004,100,100064,100,99956,100,100068,100,99916,100,100077,100,99882,100,100083,100,99875,100,100086,100,99858,100,100100,100,99850,100,100112,100,99848,100,100129,100,99789,100,,,,
2019-06-28 09:30:00.000000032,100055,100,100004,100,100064,100,99956,100,100068,100,99916,100,100077,100,99882,100,100083,200,99875,100,100086,100,99858,100,100100,100,99850,100,100112,100,99848,100,100129,100,99789,100,,,,
2019-06-28 09:30:00.000000035,100055,100,100004,100,100064,100,99978,100,100068,100,99956,100,100077,100,99916,100,100083,200,99882,100,100086,100,99875,100,100100,100,99858,100,100112,100,99850,100,100129,100,99848,100,,,99789,100
2019-06-28 09:30:00.000000038,100055,100,100004,100,100064,100,99978,100,100068,100,99956,100,100077,100,99916,100,100083,200,99882,100,100086,100,99875,100,100100,100,99858,100,100112,100,99850,100,100129,100,99848,100,100134,100,99789,100
2019-06-28 09:30:00.000000039,100018,100,100004,100,100055,100,99978,100,100064,100,99956,100,100068,100,99916,100,100077,100,99882,100,100083,200,99875,100,100086,100,99858,100,100100,100,99850,100,100112,100,99848,100,100129,100,99789,100
2019-06-28 09:30:00.000000040,100018,100,100004,100,100055,100,99978,100,100064,100,99956,100,100068,100,99923,100,100077,100,99916,100,100083,200,99882,100,100086,100,99875,100,100100,100,99858,100,100112,100,99850,100,100129,100,99848,100
2019-06-28 09:30:00.000000041,100018,100,100004,100,100034,100,99978,100,100055,100,99956,100,100064,100,99930,100,100068,100,99923,200,100077,100,99916,100,100083,200,99882,100,100086,100,99875,100,100100,100,99858,100,100112,100,99850,100
2019-06-28 09:30:00.000000044,100018,100,100004,100,100034,100,99978,100,100055,100,99956,100,100064,100,99930,100,100068,100,99923,200,100077,100,99916,100,100083,200,99882,100,100086,100,99875,100,100094,100,99858,100,100100,100,99850,100
2019-06-28 09:30:00.000000046,100018,100,99978,100,100034,100,99956,100,100055,100,99930,100,100064,100,99923,200,100068,100,99916,100,100077,100,99882,100,100083,200,99875,100,100086,100,99858,100,100094,100,99850,100,100100,100,99848,100
2019-06-28 09:30:00.000000048,100018,100,99956,100,100034,100,99930,100,100055,100,99923,200,100064,100,99916,100,100068,100,99882,100,100077,100,99875,100,100083,200,99858,100,100086,100,99850,100,100094,100,99848,100,100100,100,99789,100
2019-06-28 09:30:00.000000049,100004,100,99956,100,100018,100,99930,100,100034,100,99923,200,100055,100,99916,100,100056,100,99882,100,100064,100,99875,100,100068,100,99858,100,100077,100,99850,100,100083,200,99848,100,100086,100,99789,100
2019-06-28 09:30:00.000000052,100004,100,99956,100,100018,100,99930,100,100034,100,99923,200,100055,100,99916,100,100056,100,99910,100,100064,100,99887,100,100068,100,99882,100,100077,100,99875,100,100083,200,99858,100,100086,100,99850,100
2019-06-28 09:30:00.000000054,100004,100,99978,100,100018,100,99956,100,100034,100,99930,100,100051,100,99923,200,100055,100,99916,100,100056,100,99910,100,100064,100,99887,100,100068,100,99882,100,100077,100,99875,100,100083,200,99858,100
2019-06-28 09:30:00.000000056,100004,100,99978,100,100018,100,99956,100,100034,100,99930,100,100051,100,99923,200,100055,100,99916,100,100056,100,99910,100,100064,100,99887,100,100068,200,99882,100,100077,100,99875,100,100083,200,99858,100
2019-06-28 09:30:00.000000058,100004,100,99978,100,100007,100,99956,100,100018,100,99930,100,100034,100,99923,200,100051,100,99916,100,100055,100,99910,100,100056,100,99887,100,100064,100,99882,100,100068,200,99875,100,100077,100,99861,100
2019-06-28 09:30:00.000000062,100007,100,99978,100,100018,100,99956,100,100034,100,99930,100,100051,100,99923,200,100055,100,99916,100,100056,100,99910,100,100064,100,99887,100,100068,200,99882,100,100077,100,99875,100,100083,200,99861,100
2019-06-28 09:30:00.000000063,100007,100,99978,100,100018,100,99956,100,100034,100,99930,100,100051,100,99923,200,100055,100,99916,100,100056,100,99915,100,100064,100,99910,100,100068,200,99887,100,100077,100,99882,100,100083,200,99875,100
2019-06-28 09:30:00.000000065,100003,100,99978,100,100007,100,99956,100,100018,100,99930,100,100034,100,99923,200,100051,100,99916,100,100055,100,99915,100,100056,100,99910,100,100064,100,99887,100,100068,200,99882,100,100077,100,99875,100
2019-06-28 09:30:00.000000069,100003,100,99979,100,100007,100,99978,100,100018,100,99956,100,100034,100,99930,100,100051,100,99923,200,100055,100,99916,200,100056,100,99915,100,100064,100,99910,100,100068,200,99887,100,100077,100,99882,100
2019-06-28 09:30:00.000000074,100003,100,99979,200,100007,100,99978,100,100018,100,99956,100,100034,100,99930,100,100051,100,99923,200,100055,100,99916,200,100056,100,99915,100,100064,100,99910,100,100068,200,99887,100,100077,100,99882,100
2019-06-28 09:30:00.000000075,100003,100,99979,200,100007,100,99978,100,100018,100,99956,100,100034,100,99930,100,100051,100,99923,200,100055,100,99916,200,100056,100,99915,100,100064,100,99910,100,100068,200,99887,100,100077,100,99882,100
2019-06-28 09:30:00.000000076,100003,100,99979,200,100007,100,99978,100,100018,100,99956,100,100034,100,99930,100,100051,100,99923,200,100055,100,99916,200,100056,100,99915,100,100064,100,99910,100,100068,200,99887,100,100077,100,99882,100
2019-06-28 09:30:00.000000078,100003,100,99979,300,100007,100,99978,100,100018,100,99956,100,100034,100,99930,100,100051,100,99923,200,100055,100,99916,200,100056,100,99915,100,100064,100,99910,100,100068,200,99887,100,100077,100,99882,100
2019-06-28 09:30:00.000000079,100003,100,99979,300,100007,100,99978,100,100018,100,99956,100,100034,100,99930,100,100051,100,99923,200,100055,100,99916,200,100056,100,99915,100,100064,100,99910,100,100068,200,99887,100,100072,100,99882,100
2019-06-28 09:30:00.000000080,100003,100,99979,300,100007,100,99978,100,100018,100,99956,100,100034,100,99937,100,100051,100,99930,100,100055,100,99923,200,100056,100,99916,200,100064,100,99915,100,100068,200,99910,100,100072,100,99887,100
2019-06-28 09:30:00.000000081,100003,100,99979,300,100004,100,99978,100,100007,100,99956,100,100018,100,99937,100,100034,100,99930,100,100051,100,99923,200,100055,100,99916,200,100056,100,99915,100,100064,100,99910,100,100068,200,99887,100
2019-06-28 09:30:00.000000084,100003,100,99979,300,100004,100,99978,100,100007,100,99956,100,100018,100,99951,100,100034,100,99937,100,100051,100,99930,100,100055,100,99923,200,100056,100,99916,200,100064,100,99915,100,100068,200,99910,100
2019-06-28 09:30:00.000000086,100003,100,99979,300,100004,200,99978,100,100007,100,99956,100,100018,100,99951,100,100034,100,99937,100,100051,100,99930,100,100055,100,99923,200,100056,100,99916,200,100064,100,99915,100,100068,200,99910,100
2019-06-28 09:30:00.000000087,100003,100,99979,300,100004,200,99978,100,100007,100,99956,100,100018,100,99951,100,100034,100,99937,100,100051,200,99930,100,100055,100,99923,200,100056,100,99916,200,100064,100,99915,100,100068,200,99910,100
2019-06-28 09:30:00.000000089,100003,100,99979,300,100004,300,99978,100,100007,100,99956,100,100018,100,99951,100,100034,100,99937,100,100051,200,99930,100,100055,100,99923,200,100056,100,99916,200,100064,100,99915,100,100068,200,99910,100
2019-06-28 09:30:00.000000090,100003,100,99979,300,100004,400,99978,100,100007,100,99956,100,100018,100,99951,100,100034,100,99937,100,100051,200,99930,100,100055,100,99923,200,100056,100,99916,200,100064,100,99915,100,100068,200,99910,100
2019-06-28 09:30:00.000000091,100003,100,99979,300,100004,400,99978,100,100007,100,99956,100,100018,100,99951,100,100034,100,99943,100,100051,200,99937,100,100055,100,99930,100,100056,100,99923,200,100064,100,99916,200,100068,200,99915,100
2019-06-28 09:30:00.000000094,100003,100,99979,300,100004,400,99978,100,100007,100,99956,100,100018,100,99951,100,100034,100,99943,100,100051,200,99939,100,100055,100,99937,100,100056,100,99930,100,100064,100,99923,200,100068,200,99916,200
2019-06-28 09:30:10.000000000,100003,204,99979,404,100004,504,99978,204,100007,204,99956,204,100018,204,99951,204,100034,100,99943,100,100051,200,99939,100,100055,100,99937,100,100056,100,99930,100,100064,100,99923,200,100068,200,99916,200
2019-06-28 09:30:20.000000000,100003,518,99979,718,100004,400,99978,100,100007,100,99956,100,100018,100,99951,100,100034,100,99943,100,100051,200,99939,100,100055,100,99937,100,100056,100,99930,100,100064,100,99923,200,100068,200,99916,200
2019-06-28 09:30:26.001994979,100003,518,99979,718,100004,300,99978,100,100007,100,99956,100,100018,100,99951,100,100034,100,99943,100,100051,200,99939,100,100055,100,99937,100,100056,100,99930,100,100064,100,99923,200,100068,200,99916,200
2019-06-28 09:30:30.000000000,100003,184,99979,384,100004,384,99978,184,100007,184,99956,184,100018,184,99951,184,100034,184,99943,184,100051,200,99939,100,100055,100,99937,100,100056,100,99930,100,100064,100,99923,200,100068,200,99916,200
2019-06-28 09:30:40.000000000,100003,518,99979,718,100004,300,99978,100,100007,100,99956,100,100018,100,99951,100,100034,100,99943,100,100051,200,99939,100,100055,100,99937,100,100056,100,99930,100,100064,100,99923,200,100068,200,99916,200
2019-06-28 09:30:49.437774633,100003,418,99979,718,100004,300,99978,100,100007,100,99956,100,100018,100,99951,100,100034,100,99943,100,100051,200,99939,100,100055,100,99937,100,100056,100,99930,100,100064,100,99923,200,100068,200,99916,200
2019-06-28 09:30:50.000000000,100004,384,99979,384,100007,184,99978,184,100018,184,99956,184,100034,184,99951,184,100051,284,99943,184,100055,100,99939,100,100056,100,99937,100,100064,100,99930,100,100068,200,99923,200,100072,100,99916,200
2019-06-28 09:30:50.728261813,100004,384,99979,384,100007,184,99978,184,100018,184,99956,184,100034,184,99951,184,100051,284,99943,84,100055,100,99939,100,100056,100,99937,100,100064,100,99930,100,100068,200,99923,200,100072,100,99916,200
2019-06-28 09:31:00.000000000,100004,509,99979,509,100007,309,99978,309,100018,100,99956,100,100034,100,99951,100,100051,200,99939,100,100055,100,99937,100,100056,100,99930,100,100064,100,99923,200,100068,200,99916,200,100072,100,99915,100
2019-06-28 09:31:10.000000000,100004,384,99979,384,100007,184,99978,184,100018,184,99956,184,100034,184,99951,184,100051,284,99939,184,100055,100,99937,100,100056,100,99930,100,100064,100,99923,200,100068,200,99916,200,100072,100,99915,100
2019-06-28 09:31:20.000000000,100004,509,99979,509,100007,309,99978,309,100018,100,99956,100,100034,100,99951,100,100051,200,99939,100,100055,100,99937,100,100056,100,99930,100,100064,100,99923,200,100068,200,99916,200,100072,100,99915,100
2019-06-28 09:31:22.751505793,100004,509,99979,409,100007,309,99978,309,100018,100,99956,100,100034,100,99951,100,100051,200,99939,100,100055,100,99937,100,100064,100,99930,100,100068,200,99923,200,100072,100,99916,200,100077,100,99915,100
2019-06-28 09:31:26.699362941,100004,509,99979,409,100007,309,99978,309,100018,100,99956,100,100034,100,99951,100,100051,200,99939,100,100055,100,99937,100,100064,100,99930,100,100068,200,99923,200,100072,100,99916,200,100077,100,99915,100
2019-06-28 09:31:30.000000000,100004,718,99979,618,100007,100,99978,100,100018,100,99956,100,100034,100,99951,100,100051,200,99939,100,100055,100,99937,100,100064,100,99930,100,100068,200,99923,200,100072,100,99916,200,100077,100,99915,100
2019-06-28 09:31:40.000000000,100004,718,99979,618,100007,100,99978,100,100018,100,99956,100,100034,100,99951,100,100051,200,99939,100,100055,100,99937,100,100064,100,99930,100,100068,200,99923,200,100072,100,99916,200,100077,100,99915,100
2019-06-28 09:31:49.960670689,100004,718,99979,618,100007,100,99978,100,100018,100,99956,100,100034,100,99951,100,100051,200,99939,100,100055,100,99937,100,100064,100,99930,100,100068,200,99923,200,100072,100,99916,200,100077,100,99915,100
2019-06-28 09:31:50.000000000,100004,404,99979,304,100007,204,99978,204,100018,204,99956,204,100034,204,99951,204,100051,200,99939,100,100055,100,99937,100,100064,100,99930,100,100068,200,99923,200,100072,100,99916,200,100077,100,99915,100
2019-06-28 09:32:00.000000000,100004,404,99979,304,100007,204,99978,204,100018,204,99956,204,100034,204,99951,204,100051,200,99939,100,100055,100,99937,100,100064,100,99930,100,100068,200,99923,200,100072,100,99916,200,100077,100,99915,100
2019-06-28 09:32:10.000000000,100004,442,99979,342,100007,238,99978,238,100018,238,99956,238,100034,100,99951,100,100051,200,99939,100,100055,100,99937,100,100064,100,99930,100,100068,200,99923,200,100072,100,99916,200,100077,100,99915,100
2019-06-28 09:32:20.000000000,100004,509,99979,409,100007,309,99978,309,100018,100,99956,100,100034,100,99951,100,100051,200,99939,100,100055,100,99937,100,100064,100,99930,100,100068,200,99923,200,100072,100,99916,200,100077,100,99915,100
2019-06-28 09:32:30.000000000,100004,718,99979,618,100007,100,99978,100,100018,100,99956,100,100034,100,99951,100,100051,200,99939,100,100055,100,99937,100,100064,100,99930,100,100068,200,99923,200,100072,100,99916,200,100077,100,99915,100
2019-06-28 09:32:40.000000000,100004,404,99979,304,100007,204,99978,204,100018,204,99956,204,100034,204,99951,204,100051,200,99939,100,100055,100,99937,100,100064,100,99930,100,100068,200,99923,200,100072,100,99916,200,100077,100,99915,100
2019-06-28 09:32:47.585199098,100004,304,99979,304,100007,204,99978,204,100018,204,99956,204,100034,204,99951,204,100051,200,99939,100,100055,100,99937,100,100064,100,99930,100,100068,100,99923,200,100072,100,99916,200,100077,100,99915,100
2019-06-28 09:32:50.000000000,100004,618,99979,618,100007,100,99978,100,100018,100,99956,100,100034,100,99951,100,100051,200,99939,100,100055,100,99937,100,100064,100,99930,100,100068,100,99923,200,100072,100,99916,200,100077,100,99915,100
2019-06-28 09:33:00.000000000,100004,409,99979,409,100007,309,99978,309,100018,100,99956,100,100034,100,99951,100,100051,200,99939,100,100055,100,99937,100,100064,100,99930,100,100068,100,99923,200,100072,100,99916,200,100077,100,99915,100
2019-06-28 09:33:06.942739085,100004,409,99979,409,100007,309,99978,309,100018,100,99956,100,100034,100,99951,100,100051,200,99939,100,100055,100,99937,100,100064,100,99930,100,100068,100,99923,200,100072,100,99916,200,100077,100,99915,100
2019-06-28 09:33:08.510381695,100004,409,99979,409,100007,309,99978,309,100018,100,99956,100,100034,100,99951,100,100051,200,99948,100,100055,100,99939,100,100064,100,99937,100,100068,100,99930,100,100072,100,99923,100,100077,100,99916,200
2019-06-28 09:33:10.000000000,100004,618,99979,618,100007,100,99978,100,100018,100,99956,100,100034,100,99951,100,100051,200,99948,100,100055,100,99939,100,100064,100,99937,100,100068,100,99930,100,100072,100,99923,100,100077,100,99916,200
2019-06-28 09:33:20.000000000,100004,342,99979,342,100007,238,99978,238,100018,238,99956,238,100034,100,99951,100,100051,200,99948,100,100055,100,99939,100,100064,100,99937,100,100068,100,99930,100,100072,100,99923,100,100077,100,99916,200
2019-06-28 09:33:22.640415118,100004,342,99979,342,100007,238,99978,238,100018,238,99956,238,100034,100,99951,100,100051,200,99948,100,100055,100,99939,100,100064,100,99930,100,100068,100,99923,100,100072,100,99916,200,100077,100,99915,100
2019-06-28 09:33:30.000000000,100004,409,99979,409,100007,309,99978,309,100018,100,99956,100,100034,100,99951,100,100051,200,99948,100,100055,100,99939,100,100064,100,99930,100,100068,100,99923,100,100072,100,99916,200,100077,100,99915,100
2019-06-28 09:33:40.000000000,100004,409,99979,409,100007,309,99978,309,100018,100,99956,100,100034,100,99951,100,100051,200,99948,100,100055,100,99939,100,100064,100,99930,100,100068,100,99923,100,100072,100,99916,200,100077,100,99915,100
2019-06-28 09:33:45.559698696,100004,409,99979,309,100007,309,99978,309,100018,100,99956,100,100034,100,99951,100,100051,200,99948,100,100055,100,99939,100,100064,100,99930,100,100068,100,99923,100,100072,100,99916,200,100077,100,99915,100
2019-06-28 09:33:50.000000000,100004,284,99979,184,100007,184,99978,184,100018,184,99956,184,100034,184,99951,184,100051,284,99948,184,100055,100,99939,100,100064,100,99930,100,100068,100,99923,100,100072,100,99916,200,100077,100,99915,100
2019-06-28 09:34:00.000000000,100004,409,99979,309,100007,309,99978,309,100018,100,99956,100,100034,100,99951,100,100051,200,99948,100,100055,100,99939,100,100064,100,99930,100,100068,100,99923,100,100072,100,99916,200,100077,100,99915,100
2019-06-28 09:34:07.534268031,100004,409,99979,209,100007,309,99978,309,100018,100,99956,100,100034,100,99951,100,100051,200,99948,100,100055,100,99939,100,100064,100,99930,100,100068,100,99916,200,100072,100,99915,100,100077,100,99910,100
2019-06-28 09:34:10.000000000,100004,409,99978,309,100007,309,99956,309,100018,100,99951,100,100034,100,99948,100,100051,200,99939,100,100055,100,99930,100,100064,100,99916,200,100068,100,99915,100,100072,100,99910,100,100077,100,99887,100
2019-06-28 09:34:20.000000000,100004,284,99978,184,100007,184,99956,184,100018,184,99951,184,100034,184,99948,184,100051,284,99939,184,100055,100,99930,100,100064,100,99916,200,100068,100,99915,100,100072,100,99910,100,100077,100,99887,100
2019-06-28 09:34:30.000000000,100004,284,99978,184,100007,184,99956,184,100018,184,99951,184,100034,184,99948,184,100051,284,99939,184,100055,100,99930,100,100064,100,99916,200,100068,100,99915,100,100072,100,99910,100,100077,100,99887,100
2019-06-28 09:34:32.514457857,100004,284,99978,84,100007,184,99956,184,100018,184,99951,184,100034,184,99948,184,100051,284,99939,184,100055,100,99930,100,100064,100,99916,200,100068,100,99915,100,100072,100,99910,100,100077,100,99887,100
2019-06-28 09:34:35.224542549,100004,184,99978,84,100007,184,99956,184,100018,184,99951,184,100034,184,99948,184,100051,284,99939,184,100055,100,99930,100,100064,100,99916,200,100068,100,99915,100,100072,100,99910,100,100077,100,99887,100
2019-06-28 09:34:40.000000000,100004,309,99956,309,100007,309,99951,309,100018,100,99948,100,100034,100,99939,100,100051,200,99930,100,100055,100,99916,200,100064,100,99915,100,100068,100,99910,100,100072,100,99887,100,100077,100,99882,100
2019-06-28 09:34:47.377072748,100004,309,99956,209,100007,309,99951,309,100018,100,99948,100,100034,100,99939,100,100051,200,99930,100,100055,100,99916,100,100064,100,99915,100,100068,100,99910,100,100072,100,99887,100,100077,100,99882,100
2019-06-28 09:34:50.000000000,100004,518,99951,518,100007,100,99948,100,100018,100,99939,100,100034,100,99930,100,100051,200,99916,100,100055,100,99915,100,100064,100,99910,100,100068,100,99887,100,100072,100,99882,100,100077,100,99875,100
2019-06-28 09:35:00.000000000,100004,204,99951,204,100007,204,99948,204,100018,204,99939,204,100034,204,99930,204,100051,200,99916,100,100055,100,99915,100,100064,100,99910,100,100068,100,99887,100,100072,100,99882,100,100077,100,99875,100
2019-06-28 09:35:05.825978502,100004,204,99951,104,100007,204,99948,204,100018,204,99939,204,100034,204,99930,204,100051,200,99916,100,100055,100,99915,100,100064,100,99910,100,100068,100,99887,100,100072,100,99882,100,100077,100,99875,100
2019-06-28 09:35:06.042502744,99956,100,99951,104,100004,204,99948,204,100007,204,99939,204,100018,204,99930,204,100034,204,99916,100,100051,200,99915,100,100055,100,99910,100,100064,100,99887,100,100068,100,99882,100,100072,100,99875,100
2019-06-28 09:35:10.000000000,99956,204,99948,204,100004,204,99939,204,100007,204,99930,204,100018,204,99916,204,100034,100,99915,100,100051,200,99910,100,100055,100,99887,100,100064,100,99882,100,100068,100,99875,100,100072,100,99861,100
2019-06-28 09:35:20.000000000,99956,242,99948,242,100004,238,99939,238,100007,238,99930,238,100018,100,99916,100,100034,100,99915,100,100051,200,99910,100,100055,100,99887,100,100064,100,99882,100,100068,100,99875,100,100072,100,99861,100
2019-06-28 09:35:20.162155849,99956,242,99948,242,100004,238,99939,238,100007,238,99930,238,100018,100,99916,100,100034,100,99915,200,100051,200,99910,100,100055,100,99887,100,100064,100,99882,100,100068,100,99875,100,100072,100,99861,100
2019-06-28 09:35:30.000000000,99956,309,99948,309,100004,309,99939,309,100007,100,99930,100,100018,100,99916,100,100034,100,99915,200,100051,200,99910,100,100055,100,99887,100,100064,100,99882,100,100068,100,99875,100,100072,100,99861,100
2019-06-28 09:35:37.287392517,99956,309,99948,309,100004,309,99939,309,100007,100,99930,100,100018,100,99916,100,100034,100,99915,200,100051,200,99910,100,100055,100,99887,100,100064,100,99875,100,100068,100,99861,100,100072,100,99858,100
2019-06-28 09:35:40.000000000,99956,204,99948,204,100004,204,99939,204,100007,204,99930,204,100018,204,99916,204,100034,100,99915,200,100051,200,99910,100,100055,100,99887,100,100064,100,99875,100,100068,100,99861,100,100072,100,99858,100
2019-06-28 09:35:50.000000000,99956,309,99948,309,100004,309,99939,309,100007,100,99930,100,100018,100,99916,100,100034,100,99915,200,100051,200,99910,100,100055,100,99887,100,100064,100,99875,100,100068,100,99861,100,100072,100,99858,100
2019-06-28 09:35:55.663974721,99956,309,99948,309,100004,309,99939,309,100007,100,99930,100,100018,100,99916,100,100034,100,99915,200,100051,200,99910,100,100055,100,99887,100,100064,100,99875,100,100068,100,99861,100,100072,100,99858,100
2019-06-28 09:36:00.000000000,99956,242,99948,242,100004,238,99939,238,100007,238,99930,238,100018,100,99916,100,100034,100,99915,200,100051,200,99910,100,100055,100,99887,100,100064,100,99875,100,100068,100,99861,100,100072,100,99858,100
2019-06-28 09:36:03.157481466,99956,242,99948,142,100004,238,99939,238,100007,238,99930,238,100018,100,99916,100,100034,100,99915,200,100051,200,99910,100,100055,100,99887,100,100064,100,99875,100,100068,100,99861,100,100072,100,99858,100
2019-06-28 09:36:10.000000000,99956,204,99939,204,100004,204,99930,204,100007,204,99916,204,100018,204,99915,304,100034,100,99910,100,100051,200,99887,100,100055,100,99875,100,100064,100,99861,100,100068,100,99858,100,100072,100,99855,100
2019-06-28 09:36:20.000000000,99956,518,99939,518,100004,100,99930,100,100007,100,99916,100,100018,100,99915,200,100034,100,99910,100,100051,200,99887,100,100055,100,99875,100,100064,100,99861,100,100068,100,99858,100,100072,100,99855,100
2019-06-28 09:36:26.927110258,99956,518,99939,418,100004,100,99930,100,100007,100,99916,100,100018,100,99915,200,100034,100,99910,100,100051,200,99887,100,100055,100,99875,100,100064,100,99861,100,100068,100,99858,100,100072,100,99855,100
2019-06-28 09:36:29.474785862,99956,518,99939,418,100004,100,99930,100,100007,100,99916,100,100018,100,99915,200,100034,100,99910,100,100051,200,99887,100,100055,100,99875,100,100064,100,99861,100,100068,100,99858,100,100072,100,99855,100
2019-06-28 09:36:30.000000000,99956,204,99930,204,100004,204,99916,204,100007,204,99915,304,100018,204,99910,204,100034,100,99887,100,100051,200,99875,100,100055,100,99861,100,100064,100,99858,100,100068,100,99855,100,100072,100,99849,100
2019-06-28 09:36:40.000000000,99956,204,99930,204,100004,204,99916,204,100007,204,99915,304,100018,204,99910,204,100034,100,99887,100,100051,200,99875,100,100055,100,99861,100,100064,100,99858,100,100068,100,99855,100,100072,100,99849,100
2019-06-28 09:36:50.000000000,99956,309,99930,309,100004,309,99916,309,100007,100,99915,200,100018,100,99910,100,100034,100,99887,100,100051,200,99875,100,100055,100,99861,100,100064,100,99858,100,100068,100,99855,100,100072,100,99849,100
2019-06-28 09:37:00.000000000,99956,242,99930,242,100004,238,99916,238,100007,238,99915,338,100018,100,99910,100,100034,100,99887,100,100051,200,99875,100,100055,100,99861,100,100064,100,99858,100,100068,100,99855,100,100072,100,99849,100
2019-06-28 09:37:00.909629869,99948,100,99930,242,99956,242,99916,238,100004,238,99915,338,100007,238,99910,100,100018,100,99887,100,100034,100,99875,100,100051,200,99861,100,100055,100,99858,100,100064,100,99855,100,100068,100,99849,100
2019-06-28 09:37:10.000000000,99948,518,99930,518,99956,100,99916,100,100004,100,99915,200,100007,100,99910,100,100018,100,99887,100,100034,100,99875,100,100051,200,99861,100,100055,100,99858,100,100064,100,99855,100,100068,100,99849,100
2019-06-28 09:37:20.000000000,99948,242,99930,242,99956,238,99916,238,100004,238,99915,338,100007,100,99910,100,100018,100,99887,100,100034,100,99875,100,100051,200,99861,100,100055,100,99858,100,100064,100,99855,100,100068,100,99849,100
2019-06-28 09:37:23.539320412,99948,242,99930,142,99956,238,99916,238,100004,238,99915,338,100007,100,99910,100,100018,100,99887,100,100034,100,99875,100,100051,200,99861,100,100055,100,99858,100,100064,100,99855,100,100068,100,99849,100
2019-06-28 09:37:23.655686978,99948,242,99930,42,99956,238,99916,238,100004,238,99915,338,100007,100,99910,100,100018,100,99887,100,100034,100,99875,100,100051,200,99861,100,100055,100,99858,100,100064,100,99855,100,100068,100,99849,100
2019-06-28 09:37:30.000000000,99948,518,99916,518,99956,100,99915,200,100004,100,99910,100,100007,100,99887,100,100018,100,99875,100,100034,100,99861,100,100051,200,99858,100,100055,100,99855,100,100064,100,99849,100,100068,100,99848,100
2019-06-28 09:37:31.435879341,99930,100,99916,518,99948,518,99915,200,99956,100,99910,100,100004,100,99887,100,100007,100,99875,100,100018,100,99861,100,100034,100,99858,100,100051,200,99855,100,100055,100,99849,100,100064,100,99848,100
2019-06-28 09:37:33.650356114,99930,100,99916,418,99948,518,99915,200,99956,100,99910,100,100004,100,99887,100,100007,100,99875,100,100018,100,99861,100,100034,100,99858,100,100051,200,99855,100,100055,100,99849,100,100064,100,99848,100
2019-06-28 09:37:36.315030114,99930,100,99916,318,99948,518,99915,200,99956,100,99910,100,100004,100,99887,100,100007,100,99875,100,100018,100,99861,100,100034,100,99858,100,100051,200,99855,100,100055,100,99849,100,100064,100,99848,100
2019-06-28 09:37:40.000000000,99930,309,99915,409,99948,309,99910,309,99956,100,99887,100,100004,100,99875,100,100007,100,99861,100,100018,100,99858,100,100034,100,99855,100,100051,200,99849,100,100055,100,99848,100,100064,100,99775,100
2019-06-28 09:37:43.638558407,99930,309,99915,409,99948,309,99910,309,99956,100,99887,100,100004,100,99875,100,100007,100,99861,100,100018,100,99858,100,100034,100,99855,100,100051,200,99849,100,100055,100,99848,100,100064,100,99775,100
2019-06-28 09:37:47.214171433,99930,309,99915,309,99948,309,99910,309,99956,100,99887,100,100004,100,99875,100,100007,100,99861,100,100018,100,99858,100,100034,100,99855,100,100051,200,99849,100,100055,100,99848,100,100064,100,99775,100
2019-06-28 09:37:47.828135561,99930,309,99915,209,99948,309,99910,309,99956,100,99887,100,100004,100,99875,100,100007,100,99861,100,100018,100,99858,100,100034,100,99855,100,100051,200,99849,100,100055,100,99848,100,100064,100,99775,100
2019-06-28 09:37:50.000000000,99930,204,99910,204,99948,204,99887,204,99956,204,99875,204,100004,204,99861,204,100007,100,99858,100,100018,100,99855,100,100034,100,99849,100,100051,200,99848,100,100055,100,99775,100,100064,100,99537,100
2019-06-28 09:38:00.000000000,99930,309,99910,309,99948,309,99887,309,99956,100,99875,100,100004,100,99861,100,100007,100,99858,100,100018,100,99855,100,100034,100,99849,100,100051,200,99848,100,100055,100,99775,100,100064,100,99537,100
2019-06-28 09:38:10.000000000,99930,309,99910,309,99948,309,99887,309,99956,100,99875,100,100004,100,99861,100,100007,100,99858,100,100018,100,99855,100,100034,100,99849,100,100051,200,99848,100,100055,100,99775,100,100064,100,99537,100
2019-06-28 09:38:18.862825586,99930,309,99910,309,99948,309,99887,309,99956,100,99875,100,100004,100,99861,100,100007,100,99858,100,100018,100,99855,100,100034,100,99849,100,100051,200,99848,100,100055,100,99775,100,100064,100,99569,100
2019-06-28 09:38:20.000000000,99930,242,99910,242,99948,238,99887,238,99956,238,99875,238,100004,100,99861,100,100007,100,99858,100,100018,100,99855,100,100034,100,99849,100,100051,200,99848,100,100055,100,99775,100,100064,100,99569,100
2019-06-28 09:38:21.894995287,99930,242,99910,142,99948,238,99887,238,99956,238,99875,238,100004,100,99861,100,100007,100,99858,100,100018,100,99855,100,100034,100,99849,100,100051,200,99848,100,100055,100,99775,100,100064,100,99569,100
2019-06-28 09:38:30.000000000,99930,184,99887,184,99948,184,99875,184,99956,184,99861,184,100004,184,99858,184,100007,184,99855,184,100018,100,99849,100,100034,100,99848,100,100051,200,99775,100,100055,100,99569,100,100064,100,99537,100
2019-06-28 09:38:40.000000000,99930,184,99887,184,99948,184,99875,184,99956,184,99861,184,100004,184,99858,184,100007,184,99855,184,100018,100,99849,100,100034,100,99848,100,100051,200,99775,100,100055,100,99569,100,100064,100,99537,100
2019-06-28 09:38:46.386968665,99915,100,99887,184,99930,184,99875,184,99948,184,99861,184,99956,184,99858,184,100004,184,99855,184,100007,184,99849,100,100018,100,99848,100,100034,100,99775,100,100051,200,99569,100,100055,100,99537,100
2019-06-28 09:38:48.637485831,99915,100,99887,184,99930,184,99875,184,99948,184,99861,184,99956,184,99858,184,100004,184,99855,184,100007,184,99848,100,100018,100,99775,100,100034,100,99569,100,100051,200,99537,100,100055,100,99422,100
2019-06-28 09:38:50.000000000,99915,184,99887,184,99930,184,99875,184,99948,184,99861,184,99956,184,99858,184,100004,184,99855,184,100007,100,99848,100,100018,100,99775,100,100034,100,99569,100,100051,200,99537,100,100055,100,99422,100
2019-06-28 09:39:00.000000000,99915,242,99887,242,99930,238,99875,238,99948,238,99861,238,99956,100,99858,100,100004,100,99855,100,100007,100,99848,100,100018,100,99775,100,100034,100,99569,100,100051,200,99537,100,100055,100,99422,100
2019-06-28 09:39:03.408129701,99915,242,99887,242,99930,238,99875,238,99948,238,99861,238,99956,100,99858,100,100004,100,99855,100,100007,100,99848,100,100018,100,99775,100,100034,100,99569,100,100051,200,99537,100,100055,100,99422,100
2019-06-28 09:39:10.000000000,99915,204,99887,204,99930,204,99875,204,99948,204,99861,204,99956,204,99858,204,100004,100,99855,100,100007,100,99848,100,100018,100,99775,100,100034,100,99569,100,100051,200,99537,100,100055,100,99422,100
2019-06-28 09:39:20.000000000,99915,204,99887,204,99930,204,99875,204,99948,204,99861,204,99956,204,99858,204,100004,100,99855,100,100007,100,99848,100,100018,100,99775,100,100034,100,99569,100,100051,200,99537,100,100055,100,99422,100
2019-06-28 09:39:20.493973362,99915,204,99887,104,99930,204,99875,204,99948,204,99861,204,99956,204,99858,204,100004,100,99855,100,100007,100,99848,100,100018,100,99775,100,100034,100,99569,100,100051,200,99537,100,100055,100,99422,100
2019-06-28 09:39:30.000000000,99915,242,99875,242,99930,238,99861,238,99948,238,99858,238,99956,100,99855,100,100004,100,99848,100,100007,100,99775,100,100018,100,99569,100,100034,100,99537,100,100051,200,99422,100,100055,100,99414,100
2019-06-28 09:39:40.000000000,99915,204,99875,204,99930,204,99861,204,99948,204,99858,204,99956,204,99855,204,100004,100,99848,100,100007,100,99775,100,100018,100,99569,100,100034,100,99537,100,100051,200,99422,100,100055,100,99414,100
2019-06-28 09:39:48.505443777,99910,100,99875,204,99915,204,99861,204,99930,204,99858,204,99948,204,99855,204,99956,204,99848,100,100004,100,99775,100,100007,100,99569,100,100018,100,99537,100,100034,100,99422,100,100051,200,99414,100
2019-06-28 09:39:50.000000000,99910,204,99875,204,99915,204,99861,204,99930,204,99858,204,99948,204,99855,204,99956,100,99848,100,100004,100,99775,100,100007,100,99569,100,100018,100,99537,100,100034,100,99422,100,100051,200,99414,100
2019-06-28 09:40:00.000000000,99910,309,99875,309,99915,309,99861,309,99930,100,99858,100,99948,100,99855,100,99956,100,99848,100,100004,100,99775,100,100007,100,99569,100,100018,100,99537,100,100034,100,99422,100,100051,200,99414,100
2019-06-28 09:40:10.000000000,99910,518,99875,518,99915,100,99861,100,99930,100,99858,100,99948,100,99855,100,99956,100,99848,100,100004,100,99775,100,100007,100,99569,100,100018,100,99537,100,100034,100,99422,100,100051,200,99414,100
2019-06-28 09:40:12.788620169,99910,518,99875,418,99915,100,99861,100,99930,100,99858,100,99948,100,99855,100,99956,100,99848,100,100004,100,99775,100,100007,100,99569,100,100018,100,99537,100,100034,100,99422,100,100051,200,99414,100
2019-06-28 09:40:19.792085140,99887,100,99875,418,99910,518,99861,100,99915,100,99858,100,99930,100,99855,100,99948,100,99848,100,99956,100,99775,100,100007,100,99569,100,100018,100,99537,100,100034,100,99422,100,100051,200,99414,100
2019-06-28 09:40:20.000000000,99887,518,99861,518,99910,100,99858,100,99915,100,99855,100,99930,100,99848,100,99948,100,99775,100,99956,100,99569,100,100007,100,99537,100,100018,100,99422,100,100034,100,99414,100,100051,200,99373,100
2019-06-28 09:40:30.000000000,99887,309,99861,309,99910,309,99858,309,99915,100,99855,100,99930,100,99848,100,99948,100,99775,100,99956,100,99569,100,100007,100,99537,100,100018,100,99422,100,100034,100,99414,100,100051,200,99373,100
2019-06-28 09:40:37.351716873,99887,309,99861,209,99910,309,99858,309,99915,100,99855,100,99930,100,99848,100,99948,100,99775,100,99956,100,99569,100,100007,100,99537,100,100018,100,99422,100,100034,100,99414,100,100051,200,99373,100
2019-06-28 09:40:40.000000000,99887,518,99858,518,99910,100,99855,100,99915,100,99848,100,99930,100,99775,100,99948,100,99569,100,99956,100,99537,100,100007,100,99422,100,100018,100,99414,100,100034,100,99373,100,100051,200,99318,100
2019-06-28 09:40:50.000000000,99887,184,99858,184,99910,184,99855,184,99915,184,99848,184,99930,184,99775,184,99948,184,99569,184,99956,100,99537,100,100007,100,99422,100,100018,100,99414,100,100034,100,99373,100,100051,200,99318,100
2019-06-28 09:41:00.000000000,99887,242,99858,242,99910,238,99855,238,99915,238,99848,238,99930,100,99775,100,99948,100,99569,100,99956,100,99537,100,100007,100,99422,100,100018,100,99414,100,100034,100,99373,100,100051,200,99318,100
2019-06-28 09:41:04.643828797,99887,242,99858,242,99910,238,99855,238,99915,238,99848,238,99930,100,99775,100,99948,100,99569,100,99956,100,99537,100,100007,100,99422,100,100018,100,99414,100,100034,100,99404,100,100051,100,99373,100
2019-06-28 09:41:10.000000000,99887,242,99858,242,99910,238,99855,238,99915,238,99848,238,99930,100,99775,100,99948,100,99569,100,99956,100,99537,100,100007,100,99422,100,100018,100,99414,100,100034,100,99404,100,100051,100,99373,100
2019-06-28 09:41:20.000000000,99887,518,99858,518,99910,100,99855,100,99915,100,99848,100,99930,100,99775,100,99948,100,99569,100,99956,100,99537,100,100007,100,99422,100,100018,100,99414,100,100034,100,99404,100,100051,100,99373,100
2019-06-28 09:41:21.316086677,99887,518,99858,518,99910,100,99855,100,99915,100,99848,100,99930,100,99775,100,99948,100,99569,100,99956,100,99537,100,100007,100,99422,100,100018,100,99414,100,100034,100,99404,100,100051,100,99373,100
2019-06-28 09:41:30.000000000,99887,184,99858,184,99910,184,99855,184,99915,184,99848,184,99930,184,99775,184,99948,184,99569,184,99956,100,99537,100,100007,100,99422,100,100018,100,99414,100,100034,100,99404,100,100051,100,99373,100
2019-06-28 09:41:33.702395850,99887,184,99858,84,99910,184,99855,184,99915,184,99848,184,99930,184,99775,184,99948,184,99569,184,99956,100,99537,100,100007,100,99422,100,100018,100,99414,100,100034,100,99404,100,100051,100,99373,100
2019-06-28 09:41:39.835720104,99887,184,99858,84,99910,184,99855,184,99915,184,99848,184,99930,184,99775,184,99948,184,99569,184,100007,100,99537,100,100018,100,99452,100,100034,100,99422,100,100051,100,99414,100,100055,100,99404,100
2019-06-28 09:41:40.000000000,99887,518,99855,518,99910,100,99848,100,99915,100,99775,100,99930,100,99569,100,99948,100,99537,100,100007,100,99452,100,100018,100,99422,100,100034,100,99414,100,100051,100,99404,100,100055,100,99373,100
2019-06-28 09:41:44.269162433,99887,518,99855,418,99910,100,99848,100,99915,100,99775,100,99930,100,99569,100,99948,100,99537,100,100007,100,99452,100,100018,100,99422,100,100034,100,99414,100,100051,100,99404,100,100055,100,99373,100
2019-06-28 09:41:48.191943772,99887,518,99855,318,99910,100,99848,100,99915,100,99775,100,99930,100,99569,100,99948,100,99537,100,100007,100,99452,100,100018,100,99422,100,100034,100,99414,100,100051,100,99404,100,100055,100,99373,100
2019-06-28 09:41:50.000000000,99887,204,99848,204,99910,204,99775,204,99915,204,99569,204,99930,204,99537,204,99948,100,99452,100,100007,100,99422,100,100018,100,99414,100,100034,100,99404,100,100051,100,99373,100,100055,100,99328,100
2019-06-28 09:41:57.258453815,99887,204,99848,204,99910,204,99775,204,99915,204,99569,204,99930,204,99537,204,99948,100,99452,100,100007,100,99422,100,100018,100,99414,100,100034,100,99404,100,100051,100,99373,100,100055,100,99328,100
2019-06-28 09:42:00.000000000,99887,309,99848,309,99910,309,99775,309,99915,100,99569,100,99930,100,99537,100,99948,100,99452,100,100007,100,99422,100,100018,100,99414,100,100034,100,99404,100,100051,100,99373,100,100055,100,99328,100
2019-06-28 09:42:06.920443946,99887,309,99848,209,99910,309,99775,309,99915,100,99569,100,99930,100,99537,100,99948,100,99452,100,100007,100,99422,100,100018,100,99404,100,100034,100,99373,100,100051,100,99328,100,100055,100,99318,100
2019-06-28 09:42:10.000000000,99887,184,99775,184,99910,184,99569,184,99915,184,99537,184,99930,184,99452,184,99948,184,99422,184,100007,100,99404,100,100018,100,99373,100,100034,100,99328,100,100051,100,99318,100,100055,100,99295,100
2019-06-28 09:42:20.000000000,99887,184,99775,184,99910,184,99569,184,99915,184,99537,184,99930,184,99452,184,99948,184,99422,184,100007,100,99404,100,100018,100,99373,100,100034,100,99328,100,100051,100,99318,100,100055,100,99295,100
2019-06-28 09:42:20.736844958,99855,100,99775,184,99887,184,99569,184,99910,184,99537,184,99915,184,99452,184,99930,184,99422,184,99948,184,99404,100,100007,100,99373,100,100018,100,99328,100,100034,100,99318,100,100051,100,99295,100
2019-06-28 09:42:28.563304338,99855,100,99775,84,99887,184,99569,184,99910,184,99537,184,99915,184,99452,184,99930,184,99422,184,99948,184,99404,100,100007,100,99373,100,100018,100,99328,100,100034,100,99318,100,100051,100,99295,100
2019-06-28 09:42:30.000000000,99855,204,99569,204,99887,204,99537,204,99910,204,99452,204,99915,204,99422,204,99930,100,99404,100,99948,100,99373,100,100007,100,99328,100,100018,100,99318,100,100034,100,99295,100,100051,100,99258,100
2019-06-28 09:42:40.000000000,99855,518,99569,518,99887,100,99537,100,99910,100,99452,100,99915,100,99422,100,99930,100,99404,100,99948,100,99373,100,100007,100,99328,100,100018,100,99318,100,100034,100,99295,100,100051,100,99258,100
2019-06-28 09:42:50.000000000,99855,309,99569,309,99887,309,99537,309,99910,100,99452,100,99915,100,99422,100,99930,100,99404,100,99948,100,99373,100,100007,100,99328,100,100018,100,99318,100,100034,100,99295,100,100051,100,99258,100
2019-06-28 09:42:59.803678191,99855,309,99569,309,99887,309,99537,309,99910,100,99452,100,99915,100,99422,100,99930,100,99404,100,99948,100,99373,100,100007,100,99328,100,100018,100,99318,100,100034,100,99295,100,100051,100,99258,100
2019-06-28 09:43:00.000000000,99855,184,99569,184,99887,184,99537,184,99910,184,99452,184,99915,184,99422,184,99930,184,99404,184,99948,100,99373,100,100007,100,99328,100,100018,100,99318,100,100034,100,99295,100,100051,100,99258,100
2019-06-28 09:43:06.855991241,99848,100,99569,184,99855,184,99537,184,99887,184,99452,184,99910,184,99422,184,99915,184,99404,184,99930,184,99373,100,99948,100,99328,100,100007,100,99318,100,100018,100,99295,100,100034,100,99258,100
2019-06-28 09:43:10.000000000,99848,184,99569,184,99855,184,99537,184,99887,184,99452,184,99910,184,99422,184,99915,184,99404,184,99930,100,99373,100,99948,100,99328,100,100007,100,99318,100,100018,100,99295,100,100034,100,99258,100
2019-06-28 09:43:20.000000000,99848,204,99569,204,99855,204,99537,204,99887,204,99452,204,99910,204,99422,204,99915,100,99404,100,99930,100,99373,100,99948,100,99328,100,100007,100,99318,100,100018,100,99295,100,100034,100,99258,100
2019-06-28 09:43:20.584538271,99848,204,99569,204,99855,204,99537,204,99887,204,99452,204,99910,204,99422,204,99915,100,99404,100,99930,100,99373,100,99948,100,99318,100,100007,100,99295,100,100018,100,99258,100,100034,100,99193,100
2019-06-28 09:43:21.482018040,99848,204,99569,204,99855,204,99537,204,99887,204,99452,204,99910,204,99422,204,99915,100,99404,100,99930,100,99373,100,99948,100,99318,100,100007,100,99295,100,100018,100,99262,100,100034,100,99258,100
2019-06-28 09:43:30.000000000,99848,204,99569,204,99855,204,99537,204,99887,204,99452,204,99910,204,99422,204,99915,100,99404,100,99930,100,99373,100,99948,100,99318,100,100007,100,99295,100,100018,100,99262,100,100034,100,99258,100
2019-06-28 09:43:40.000000000,99848,184,99569,184,99855,184,99537,184,99887,184,99452,184,99910,184,99422,184,99915,184,99404,184,99930,100,99373,100,99948,100,99318,100,100007,100,99295,100,100018,100,99262,100,100034,100,99258,100
2019-06-28 09:43:50.000000000,99848,518,99569,518,99855,100,99537,100,99887,100,99452,100,99910,100,99422,100,99915,100,99404,100,99930,100,99373,100,99948,100,99318,100,100007,100,99295,100,100018,100,99262,100,100034,100,99258,100
2019-06-28 09:43:51.854917348,99848,518,99569,518,99855,100,99537,100,99887,100,99452,100,99910,100,99422,100,99915,100,99404,100,99930,100,99373,100,99948,100,99318,100,100007,100,99295,100,100018,100,99262,100,100034,100,99258,100
2019-06-28 09:44:00.000000000,99848,242,99569,242,99855,238,99537,238,99887,238,99452,238,99910,100,99422,100,99915,100,99404,100,99930,100,99373,100,99948,100,99318,100,100007,100,99295,100,100018,100,99262,100,100034,100,99258,100
2019-06-28 09:44:10.000000000,99848,184,99569,184,99855,184,99537,184,99887,184,99452,184,99910,184,99422,184,99915,184,99404,184,99930,100,99373,100,99948,100,99318,100,100007,100,99295,100,100018,100,99262,100,100034,100,99258,100
2019-06-28 09:44:17.343268122,99848,184,99569,184,99855,184,99537,184,99887,184,99452,184,99910,184,99422,184,99915,184,99404,184,99930,100,99373,100,99948,100,99318,100,100007,100,99295,100,100018,100,99262,100,100034,100,99258,100
2019-06-28 09:44:20.000000000,99848,242,99569,242,99855,238,99537,238,99887,238,99452,238,99910,100,99422,100,99915,100,99404,100,99930,100,99373,100,99948,100,99318,100,100007,100,99295,100,100018,100,99262,100,100034,100,99258,100
2019-06-28 09:44:30.000000000,99848,204,99569,204,99855,204,99537,204,99887,204,99452,204,99910,204,99422,204,99915,100,99404,100,99930,100,99373,100,99948,100,99318,100,100007,100,99295,100,100018,100,99262,100,100034,100,99258,100
2019-06-28 09:44:31.917638419,99848,204,99569,104,99855,204,99537,204,99887,204,99452,204,99910,204,99422,204,99915,100,99404,100,99930,100,99373,100,99948,100,99318,100,100007,100,99295,100,100018,100,99262,100,100034,100,99258,100
2019-06-28 09:44:40.000000000,99848,242,99537,242,99855,238,99452,238,99887,238,99422,238,99910,100,99404,100,99915,100,99373,100,99930,100,99318,100,99948,100,99295,100,100007,100,99262,100,100018,100,99258,100,100034,100,99193,100
2019-06-28 09:44:40.362870106,99848,242,99537,242,99855,238,99452,238,99887,238,99422,238,99910,100,99404,100,99915,100,99373,100,99930,100,99318,100,99948,100,99295,100,100007,100,99262,100,100018,100,99258,100,100034,100,99193,100
2019-06-28 09:44:47.898847450,99848,242,99537,242,99855,238,99452,238,99887,238,99422,238,99910,100,99404,100,99915,100,99373,100,99930,100,99318,100,99948,100,99295,100,100007,100,99262,100,100018,100,99258,100,100034,100,99193,100
2019-06-28 09:44:50.000000000,99848,204,99537,204,99855,204,99452,204,99887,204,99422,204,99910,204,99404,204,99915,100,99373,100,99930,100,99318,100,99948,100,99295,100,100007,100,99262,100,100018,100,99258,100,100034,100,99193,100
2019-06-28 09:44:55.077761515,99848,204,99537,104,99855,204,99452,204,99887,204,99422,204,99910,204,99404,204,99915,100,99373,100,99930,100,99318,100,99948,100,99295,100,100007,100,99262,100,100018,100,99258,100,100034,100,99193,100
2019-06-28 09:44:58.694231920,99569,100,99537,104,99848,204,99452,204,99855,204,99422,204,99887,104,99404,204,99910,204,99373,100,99915,100,99318,100,99930,100,99295,100,99948,100,99262,100,100007,100,99258,100,100018,100,99193,100
2019-06-28 09:45:00.000000000,99569,204,99452,204,99848,204,99422,204,99855,204,99404,204,99910,204,99373,204,99915,100,99318,100,99930,100,99295,100,99948,100,99262,100,100007,100,99258,100,100018,100,99193,100,100034,100,99102,100
2019-06-28 09:45:10.000000000,99569,184,99452,184,99848,184,99422,184,99855,184,99404,184,99910,184,99373,184,99915,184,99318,184,99930,100,99295,100,99948,100,99262,100,100007,100,99258,100,100018,100,99193,100,100034,100,99102,100
2019-06-28 09:45:15.486243784,99569,284,99452,184,99848,184,99422,184,99855,184,99404,184,99910,184,99373,184,99915,184,99318,184,99930,100,99295,100,100007,100,99262,100,100018,100,99258,100,100034,100,99193,100,100051,100,99102,100
2019-06-28 09:45:20.000000000,99569,284,99452,184,99848,184,99422,184,99855,184,99404,184,99910,184,99373,184,99915,184,99318,184,99930,100,99295,100,100007,100,99262,100,100018,100,99258,100,100034,100,99193,100,100051,100,99102,100
2019-06-28 09:45:30.000000000,99569,618,99452,518,99848,100,99422,100,99855,100,99404,100,99910,100,99373,100,99915,100,99318,100,99930,100,99295,100,100007,100,99262,100,100018,100,99258,100,100034,100,99193,100,100051,100,99102,100
2019-06-28 09:45:38.604991895,99569,618,99452,418,99848,100,99422,100,99855,100,99404,100,99910,100,99373,100,99915,100,99318,100,99930,100,99295,100,100007,100,99262,100,100018,100,99258,100,100034,100,99193,100,100051,100,99102,100
2019-06-28 09:45:40.000000000,99569,342,99422,242,99848,238,99404,238,99855,238,99373,238,99910,100,99318,100,99915,100,99295,100,99930,100,99262,100,100007,100,99258,100,100018,100,99193,100,100034,100,99102,100,100051,100,98831,100
2019-06-28 09:45:50.000000000,99569,618,99422,518,99848,100,99404,100,99855,100,99373,100,99910,100,99318,100,99915,100,99295,100,99930,100,99262,100,100007,100,99258,100,100018,100,99193,100,100034,100,99102,100,100051,100,98831,100
2019-06-28 09:46:00.000000000,99569,409,99422,309,99848,309,99404,309,99855,100,99373,100,99910,100,99318,100,99915,100,99295,100,99930,100,99262,100,100007,100,99258,100,100018,100,99193,100,100034,100,99102,100,100051,100,98831,100
2019-06-28 09:46:10.000000000,99569,284,99422,184,99848,184,99404,184,99855,184,99373,184,99910,184,99318,184,99915,184,99295,184,99930,100,99262,100,100007,100,99258,100,100018,100,99193,100,100034,100,99102,100,100051,100,98831,100
2019-06-28 09:46:20.000000000,99569,304,99422,204,99848,204,99404,204,99855,204,99373,204,99910,204,99318,204,99915,100,99295,100,99930,100,99262,100,100007,100,99258,100,100018,100,99193,100,100034,100,99102,100,100051,100,98831,100
2019-06-28 09:46:30.000000000,99569,284,99422,184,99848,184,99404,184,99855,184,99373,184,99910,184,99318,184,99915,184,99295,184,99930,100,99262,100,100007,100,99258,100,100018,100,99193,100,100034,100,99102,100,100051,100,98831,100
2019-06-28 09:46:36.998464889,99569,284,99422,184,99848,184,99404,184,99855,184,99373,184,99910,184,99318,184,99915,184,99295,184,99930,100,99262,100,100007,100,99258,100,100034,100,99193,100,100051,100,99102,100,100055,100,98893,100
2019-06-28 09:46:40.000000000,99569,284,99422,184,99848,184,99404,184,99855,184,99373,184,99910,184,99318,184,99915,184,99295,184,99930,100,99262,100,100007,100,99258,100,100034,100,99193,100,100051,100,99102,100,100055,100,98893,100
2019-06-28 09:46:50.000000000,99569,284,99422,184,99848,184,99404,184,99855,184,99373,184,99910,184,99318,184,99915,184,99295,184,99930,100,99262,100,100007,100,99258,100,100034,100,99193,100,100051,100,99102,100,100055,100,98893,100
2019-06-28 09:46:59.732042085,99569,284,99422,84,99848,184,99404,184,99855,184,99373,184,99910,184,99318,184,99915,184,99295,184,99930,100,99262,100,100007,100,99258,100,100034,100,99193,100,100051,100,99102,100,100055,100,98893,100
2019-06-28 09:47:00.000000000,99569,304,99404,204,99848,204,99373,204,99855,204,99318,204,99910,204,99295,204,99915,100,99262,100,99930,100,99258,100,100007,100,99193,100,100034,100,99102,100,100051,100,98893,100,100055,100,98831,100
2019-06-28 09:47:10.000000000,99569,304,99404,204,99848,204,99373,204,99855,204,99318,204,99910,204,99295,204,99915,100,99262,100,99930,100,99258,100,100007,100,99193,100,100034,100,99102,100,100051,100,98893,100,100055,100,98831,100
2019-06-28 09:47:20.000000000,99569,342,99404,242,99848,238,99373,238,99855,238,99318,238,99910,100,99295,100,99915,100,99262,100,99930,100,99258,100,100007,100,99193,100,100034,100,99102,100,100051,100,98893,100,100055,100,98831,100
2019-06-28 09:47:30.000000000,99569,618,99404,518,99848,100,99373,100,99855,100,99318,100,99910,100,99295,100,99915,100,99262,100,99930,100,99258,100,100007,100,99193,100,100034,100,99102,100,100051,100,98893,100,100055,100,98831,100
2019-06-28 09:47:39.137981057,99569,618,99404,418,99848,100,99373,100,99855,100,99318,100,99910,100,99295,100,99915,100,99262,100,99930,100,99258,100,100007,100,99193,100,100034,100,99102,100,100051,100,98831,100,100055,100,98619,100
2019-06-28 09:47:40.000000000,99569,342,99373,242,99848,238,99318,238,99855,238,99295,238,99910,100,99262,100,99915,100,99258,100,99930,100,99193,100,100007,100,99102,100,100034,100,98831,100,100051,100,98619,100,100055,100,,
2019-06-28 09:47:49.703541619,99422,100,99373,242,99569,342,99318,238,99848,238,99295,238,99855,238,99262,100,99915,100,99258,100,99930,100,99193,100,100007,100,99102,100,100034,100,98831,100,100051,100,98619,100,100055,100,,
2019-06-28 09:47:50.000000000,99422,242,99373,242,99569,338,99318,238,99848,238,99295,238,99855,100,99262,100,99915,100,99258,100,99930,100,99193,100,100007,100,99102,100,100034,100,98831,100,100051,100,98619,100,100055,100,,
2019-06-28 09:47:52.500509007,99422,242,99373,242,99569,338,99318,238,99848,238,99295,238,99855,100,99262,100,99915,100,99258,100,99930,100,99193,100,100007,100,99102,100,100034,100,98831,100,100051,100,98826,100,100055,100,98619,100
2019-06-28 09:47:59.292863663,99422,342,99373,242,99569,338,99318,238,99848,238,99295,238,99855,100,99262,100,99915,100,99258,100,99930,100,99193,100,100007,100,99102,100,100034,100,98831,100,100051,100,98826,100,100055,100,98619,100
2019-06-28 09:48:00.000000000,99422,342,99373,242,99569,338,99318,238,99848,238,99295,238,99855,100,99262,100,99915,100,99258,100,99930,100,99193,100,100007,100,99102,100,100034,100,98831,100,100051,100,98826,100,100055,100,98619,100
2019-06-28 09:48:10.000000000,99422,284,99373,184,99569,284,99318,184,99848,184,99295,184,99855,184,99262,184,99915,184,99258,184,99930,100,99193,100,100007,100,99102,100,100034,100,98831,100,100051,100,98826,100,100055,100,98619,100
2019-06-28 09:48:17.350415949,99422,284,99373,184,99569,284,99318,184,99848,184,99295,184,99855,184,99262,184,99915,184,99258,184,99930,100,99193,100,100007,100,99102,100,100034,100,98868,100,100051,100,98831,100,100055,100,98826,100
2019-06-28 09:48:18.239076288,99422,284,99373,84,99569,284,99318,184,99848,184,99295,184,99855,184,99262,184,99915,184,99258,184,99930,100,99193,100,100007,100,99102,100,100034,100,98868,100,100051,100,98831,100,100055,100,98826,100
2019-06-28 09:48:20.000000000,99422,409,99318,309,99569,409,99295,309,99848,100,99262,100,99855,100,99258,100,99915,100,99193,100,99930,100,99102,100,100007,100,98868,100,100034,100,98831,100,100051,100,98826,100,100055,100,98619,100
2019-06-28 09:48:30.000000000,99422,304,99318,204,99569,304,99295,204,99848,204,99262,204,99855,204,99258,204,99915,100,99193,100,99930,100,99102,100,100007,100,98868,100,100034,100,98831,100,100051,100,98826,100,100055,100,98619,100
2019-06-28 09:48:40.000000000,99422,618,99318,518,99569,200,99295,100,99848,100,99262,100,99855,100,99258,100,99915,100,99193,100,99930,100,99102,100,100007,100,98868,100,100034,100,98831,100,100051,100,98826,100,100055,100,98619,100
2019-06-28 09:48:50.000000000,99422,304,99318,204,99569,304,99295,204,99848,204,99262,204,99855,204,99258,204,99915,100,99193,100,99930,100,99102,100,100007,100,98868,100,100034,100,98831,100,100051,100,98826,100,100055,100,98619,100
2019-06-28 09:49:00.000000000,99422,409,99318,309,99569,409,99295,309,99848,100,99262,100,99855,100,99258,100,99915,100,99193,100,99930,100,99102,100,100007,100,98868,100,100034,100,98831,100,100051,100,98826,100,100055,100,98619,100
2019-06-28 09:49:10.000000000,99422,618,99318,518,99569,200,99295,100,99848,100,99262,100,99855,100,99258,100,99915,100,99193,100,99930,100,99102,100,100007,100,98868,100,100034,100,98831,100,100051,100,98826,100,100055,100,98619,100
2019-06-28 09:49:15.280286694,99422,618,99318,418,99569,200,99295,100,99848,100,99262,100,99855,100,99258,100,99915,100,99193,100,99930,100,99102,100,100007,100,98868,100,100034,100,98831,100,100051,100,98826,100,100055,100,98619,100
2019-06-28 09:49:17.698634889,99422,618,99318,418,99569,100,99295,100,99848,100,99262,100,99855,100,99258,100,99915,100,99193,100,99930,100,99102,100,100007,100,98868,100,100034,100,98831,100,100051,100,98826,100,100055,100,98619,100
2019-06-28 09:49:20.000000000,99422,304,99295,204,99569,204,99262,204,99848,204,99258,204,99855,204,99193,204,99915,100,99102,100,99930,100,98868,100,100007,100,98831,100,100034,100,98826,100,100051,100,98619,100,100055,100,,
2019-06-28 09:49:22.991398895,99422,304,99295,204,99543,100,99262,204,99569,204,99258,204,99848,204,99193,204,99855,204,99102,100,99915,100,98868,100,99930,100,98831,100,100007,100,98826,100,100034,100,98619,100,100051,100,,
2019-06-28 09:49:30.000000000,99422,284,99295,184,99543,184,99262,184,99569,184,99258,184,99848,184,99193,184,99855,184,99102,184,99915,100,98868,100,99930,100,98831,100,100007,100,98826,100,100034,100,98619,100,100051,100,,
2019-06-28 09:49:34.875582392,99422,284,99295,184,99543,184,99262,184,99569,184,99258,184,99848,184,99202,100,99855,184,99193,184,99915,100,99102,184,99930,100,98868,100,100007,100,98831,100,100034,100,98826,100,100051,100,98619,100
2019-06-28 09:49:40.000000000,99422,409,99295,309,99543,309,99262,309,99569,100,99258,100,99848,100,99202,100,99855,100,99193,100,99915,100,99102,100,99930,100,98868,100,100007,100,98831,100,100034,100,98826,100,100051,100,98619,100
2019-06-28 09:49:48.727965436,99422,409,99326,100,99543,309,99295,309,99569,100,99262,309,99848,100,99258,100,99855,100,99202,100,99915,100,99193,100,99930,100,99102,100,100007,100,98868,100,100034,100,98831,100,100051,100,98826,100
2019-06-28 09:49:50.000000000,99422,304,99326,204,99543,204,99295,204,99569,204,99262,204,99848,204,99258,204,99855,100,99202,100,99915,100,99193,100,99930,100,99102,100,100007,100,98868,100,100034,100,98831,100,100051,100,98826,100
2019-06-28 09:49:50.572614549,99422,304,99374,100,99543,204,99326,204,99569,204,99295,204,99848,204,99262,204,99855,100,99258,204,99915,100,99202,100,99930,100,99193,100,100007,100,99102,100,100034,100,98868,100,100051,100,98831,100
2019-06-28 09:50:00.000000000,99422,618,99374,518,99543,100,99326,100,99569,100,99295,100,99848,100,99262,100,99855,100,99258,100,99915,100,99202,100,99930,100,99193,100,100007,100,99102,100,100034,100,98868,100,100051,100,98831,100
2019-06-28 09:50:10.000000000,99422,342,99374,242,99543,238,99326,238,99569,238,99295,238,99848,100,99262,100,99855,100,99258,100,99915,100,99202,100,99930,100,99193,100,100007,100,99102,100,100034,100,98868,100,100051,100,98831,100
2019-06-28 09:50:20.000000000,99422,409,99374,309,99543,309,99326,309,99569,100,99295,100,99848,100,99262,100,99855,100,99258,100,99915,100,99202,100,99930,100,99193,100,100007,100,99102,100,100034,100,98868,100,100051,100,98831,100
2019-06-28 09:50:24.334950368,99422,409,99374,409,99543,309,99326,309,99569,100,99295,100,99848,100,99262,100,99855,100,99258,100,99915,100,99202,100,99930,100,99193,100,100007,100,99102,100,100034,100,98868,100,100051,100,98831,100
2019-06-28 09:50:30.000000000,99422,409,99374,409,99543,309,99326,309,99569,100,99295,100,99848,100,99262,100,99855,100,99258,100,99915,100,99202,100,99930,100,99193,100,100007,100,99102,100,100034,100,98868,100,100051,100,98831,100
2019-06-28 09:50:36.220464408,99422,409,99374,409,99543,309,99326,309,99569,100,99295,100,99585,100,99262,100,99848,100,99258,100,99855,100,99202,100,99915,100,99193,100,99930,100,99102,100,100007,100,98868,100,100034,100,98831,100
2019-06-28 09:50:38.837011497,99422,409,99374,409,99543,309,99326,309,99569,100,99295,100,99585,100,99262,100,99848,100,99258,100,99915,100,99202,100,99930,100,99193,100,100007,100,99102,100,100034,100,98868,100,100051,100,98831,100
2019-06-28 09:50:39.278665236,99422,309,99374,409,99543,309,99326,309,99569,100,99295,100,99585,100,99262,100,99848,100,99258,100,99915,100,99202,100,99930,100,99193,100,100007,100,99102,100,100034,100,98868,100,100051,100,98831,100
2019-06-28 09:50:40.000000000,99422,242,99374,342,99543,238,99326,238,99569,238,99295,238,99585,100,99262,100,99848,100,99258,100,99915,100,99202,100,99930,100,99193,100,100007,100,99102,100,100034,100,98868,100,100051,100,98831,100
2019-06-28 09:50:50.000000000,99422,242,99374,342,99543,238,99326,238,99569,238,99295,238,99585,100,99262,100,99848,100,99258,100,99915,100,99202,100,99930,100,99193,100,100007,100,99102,100,100034,100,98868,100,100051,100,98831,100
2019-06-28 09:50:56.518845491,99422,142,99374,342,99543,238,99326,238,99569,238,99295,238,99585,100,99262,100,99848,100,99258,100,99915,100,99202,100,99930,100,99193,100,100007,100,99102,100,100034,100,98868,100,100051,100,98831,100
2019-06-28 09:51:00.000000000,99543,518,99374,618,99569,100,99326,100,99585,100,99295,100,99848,100,99262,100,99915,100,99258,100,99930,100,99202,100,100007,100,99193,100,100034,100,99102,100,100051,100,98868,100,100055,100,98831,100
2019-06-28 09:51:00.836390728,99543,418,99374,618,99569,100,99326,100,99585,100,99295,100,99848,100,99258,100,99915,100,99202,100,99930,100,99193,100,100007,100,99102,100,100034,100,98868,100,100051,100,98831,100,100055,100,98826,100
2019-06-28 09:51:06.882429040,99543,318,99374,618,99569,100,99326,100,99585,100,99295,100,99848,100,99258,100,99915,100,99202,100,99930,100,99193,100,100007,100,99102,100,100034,100,98868,100,100051,100,98831,100,100055,100,98826,100
2019-06-28 09:51:10.000000000,99569,184,99374,284,99585,184,99326,184,99848,184,99295,184,99915,184,99258,184,99930,184,99202,184,100007,100,99193,100,100034,100,99102,100,100051,100,98868,100,100055,100,98831,100,100072,100,98826,100
2019-06-28 09:51:20.000000000,99569,242,99374,342,99585,238,99326,238,99848,238,99295,238,99915,100,99258,100,99930,100,99202,100,100007,100,99193,100,100034,100,99102,100,100051,100,98868,100,100055,100,98831,100,100072,100,98826,100
2019-06-28 09:51:30.000000000,99569,309,99374,409,99585,309,99326,309,99848,100,99295,100,99915,100,99258,100,99930,100,99202,100,100007,100,99193,100,100034,100,99102,100,100051,100,98868,100,100055,100,98831,100,100072,100,98826,100
2019-06-28 09:51:40.000000000,99569,184,99374,284,99585,184,99326,184,99848,184,99295,184,99915,184,99258,184,99930,184,99202,184,100007,100,99193,100,100034,100,99102,100,100051,100,98868,100,100055,100,98831,100,100072,100,98826,100
2019-06-28 09:51:50.000000000,99569,204,99374,304,99585,204,99326,204,99848,204,99295,204,99915,204,99258,204,99930,100,99202,100,100007,100,99193,100,100034,100,99102,100,100051,100,98868,100,100055,100,98831,100,100072,100,98826,100
2019-06-28 09:51:50.252745455,99569,104,99374,304,99585,204,99326,204,99848,204,99295,204,99915,204,99258,204,99930,100,99202,100,100007,100,99193,100,100034,100,99102,100,100051,100,98868,100,100055,100,98831,100,100072,100,98826,100
2019-06-28 09:51:50.337211211,99569,4,99374,304,99585,204,99326,204,99848,204,99295,204,99915,204,99258,204,99930,100,99202,100,100007,100,99193,100,100034,100,99102,100,100051,100,98868,100,100055,100,98831,100,100072,100,98826,100
2019-06-28 09:52:00.000000000,99585,518,99374,618,99848,100,99326,100,99915,100,99295,100,99930,100,99258,100,100007,100,99202,100,100034,100,99193,100,100051,100,99102,100,100055,100,98868,100,100072,100,98831,100,100083,100,98826,100
2019-06-28 09:52:10.000000000,99585,204,99374,304,99848,204,99326,204,99915,204,99295,204,99930,204,99258,204,100007,100,99202,100,100034,100,99193,100,100051,100,99102,100,100055,100,98868,100,100072,100,98831,100,100083,100,98826,100
2019-06-28 09:52:20.000000000,99585,204,99374,304,99848,204,99326,204,99915,204,99295,204,99930,204,99258,204,100007,100,99202,100,100034,100,99193,100,100051,100,99102,100,100055,100,98868,100,100072,100,98831,100,100083,100,98826,100
2019-06-28 09:52:30.000000000,99585,518,99374,618,99848,100,99326,100,99915,100,99295,100,99930,100,99258,100,100007,100,99202,100,100034,100,99193,100,100051,100,99102,100,100055,100,98868,100,100072,100,98831,100,100083,100,98826,100
2019-06-28 09:52:35.038122816,99585,518,99374,618,99848,100,99326,100,99915,100,99295,100,99930,100,99258,100,100007,100,99202,100,100034,100,99193,100,100051,100,99102,100,100055,100,98868,100,100072,100,98831,100,100083,100,98826,100
2019-06-28 09:52:40.000000000,99585,518,99374,618,99848,100,99326,100,99915,100,99295,100,99930,100,99258,100,100007,100,99202,100,100034,100,99193,100,100051,100,99102,100,100055,100,98868,100,100072,100,98831,100,100083,100,98826,100
2019-06-28 09:52:43.061353474,99585,518,99569,100,99848,100,99374,618,99930,100,99326,100,100007,100,99295,100,100034,100,99258,100,100051,100,99202,100,100055,100,99193,100,100072,100,99102,100,100083,100,98868,100,100096,100,98831,100
2019-06-28 09:52:50.000000000,99585,204,99569,204,99848,204,99374,304,99930,204,99326,204,100007,204,99295,204,100034,100,99258,100,100051,100,99202,100,100055,100,99193,100,100072,100,99102,100,100083,100,98868,100,100096,100,98831,100
2019-06-28 09:52:54.000352360,99585,204,99569,204,99848,204,99374,204,99930,204,99326,204,100007,204,99295,204,100034,100,99258,100,100051,100,99202,100,100055,100,99193,100,100072,100,99102,100,100083,100,98868,100,100096,100,98831,100
2019-06-28 09:53:00.000000000,99585,518,99569,518,99848,100,99374,100,99930,100,99326,100,100007,100,99295,100,100034,100,99258,100,100051,100,99202,100,100055,100,99193,100,100072,100,99102,100,100083,100,98868,100,100096,100,98831,100
2019-06-28 09:53:10.000000000,99585,518,99569,518,99848,100,99374,100,99930,100,99326,100,100007,100,99295,100,100034,100,99258,100,100051,100,99202,100,100055,100,99193,100,100072,100,99102,100,100083,100,98868,100,100096,100,98831,100
2019-06-28 09:53:19.627341968,99585,518,99569,518,99848,100,99374,100,99930,100,99326,100,100007,100,99295,100,100034,100,99258,100,100051,100,99202,100,100072,100,99193,100,100083,100,99102,100,100096,100,98868,100,100209,100,98831,100
2019-06-28 09:53:20.000000000,99585,242,99569,242,99848,238,99374,238,99930,238,99326,238,100007,100,99295,100,100034,100,99258,100,100051,100,99202,100,100072,100,99193,100,100083,100,99102,100,100096,100,98868,100,100209,100,98831,100
2019-06-28 09:53:30.000000000,99585,309,99569,309,99848,309,99374,309,99930,100,99326,100,100007,100,99295,100,100034,100,99258,100,100051,100,99202,100,100072,100,99193,100,100083,100,99102,100,100096,100,98868,100,100209,100,98831,100
2019-06-28 09:53:30.938688481,99585,309,99569,309,99848,309,99374,309,99856,100,99326,100,99930,100,99295,100,100007,100,99258,100,100034,100,99202,100,100051,100,99193,100,100072,100,99102,100,100083,100,98868,100,100096,100,98831,100
2019-06-28 09:53:40.000000000,99585,309,99569,309,99848,309,99374,309,99856,100,99326,100,99930,100,99295,100,100007,100,99258,100,100034,100,99202,100,100051,100,99193,100,100072,100,99102,100,100083,100,98868,100,100096,100,98831,100
2019-06-28 09:53:43.396986887,99585,309,99569,409,99848,309,99374,309,99856,100,99326,100,99930,100,99295,100,100007,100,99258,100,100034,100,99202,100,100051,100,99193,100,100072,100,99102,100,100083,100,98868,100,100096,100,98831,100
2019-06-28 09:53:49.030925028,99585,309,99569,409,99848,309,99374,309,99856,100,99326,100,99930,100,99295,100,99940,100,99258,100,100007,100,99202,100,100034,100,99193,100,100051,100,99102,100,100072,100,98868,100,100083,100,98831,100
2019-06-28 09:53:50.000000000,99585,204,99569,304,99848,204,99374,204,99856,204,99326,204,99930,204,99295,204,99940,100,99258,100,100007,100,99202,100,100034,100,99193,100,100051,100,99102,100,100072,100,98868,100,100083,100,98831,100
2019-06-28 09:54:00.000000000,99585,518,99569,618,99848,100,99374,100,99856,100,99326,100,99930,100,99295,100,99940,100,99258,100,100007,100,99202,100,100034,100,99193,100,100051,100,99102,100,100072,100,98868,100,100083,100,98831,100
2019-06-28 09:54:00.074858832,99585,518,99569,618,99848,100,99374,100,99856,100,99326,100,99930,100,99295,100,99940,100,99258,100,100007,100,99202,100,100034,200,99193,100,100051,100,99102,100,100072,100,98868,100,100083,100,98831,100
2019-06-28 09:54:06.446468902,99585,518,99569,718,99848,100,99374,100,99856,100,99326,100,99930,100,99295,100,99940,100,99258,100,100007,100,99202,100,100034,200,99193,100,100051,100,99102,100,100072,100,98868,100,100083,100,98831,100
2019-06-28 09:54:10.000000000,99585,309,99569,509,99848,309,99374,309,99856,100,99326,100,99930,100,99295,100,99940,100,99258,100,100007,100,99202,100,100034,200,99193,100,100051,100,99102,100,100072,100,98868,100,100083,100,98831,100
2019-06-28 09:54:20.000000000,99585,184,99569,384,99848,184,99374,184,99856,184,99326,184,99930,184,99295,184,99940,184,99258,184,100007,100,99202,100,100034,200,99193,100,100051,100,99102,100,100072,100,98868,100,100083,100,98831,100
2019-06-28 09:54:20.606713191,99585,84,99569,384,99848,184,99374,184,99856,184,99326,184,99930,184,99295,184,99940,184,99258,184,100007,100,99202,100,100034,200,99193,100,100051,100,99102,100,100072,100,98868,100,100096,100,98831,100
2019-06-28 09:54:27.694084361,99585,84,99570,100,99848,84,99569,384,99856,184,99374,184,99930,184,99326,184,99940,184,99295,184,100007,100,99258,184,100034,200,99202,100,100051,100,99193,100,100072,100,99102,100,100096,100,98868,100
2019-06-28 09:54:30.000000000,99856,184,99570,184,99930,184,99569,384,99940,184,99374,184,100007,184,99326,184,100034,284,99295,184,100051,100,99258,100,100072,100,99202,100,100096,100,99193,100,100209,100,99102,100,,,98868,100
2019-06-28 09:54:40.000000000,99856,518,99570,518,99930,100,99569,300,99940,100,99374,100,100007,100,99326,100,100034,200,99295,100,100051,100,99258,100,100072,100,99202,100,100096,100,99193,100,100209,100,99102,100,,,98868,100
2019-06-28 09:54:50.000000000,99856,518,99570,518,99930,100,99569,300,99940,100,99374,100,100007,100,99326,100,100034,200,99295,100,100051,100,99258,100,100072,100,99202,100,100096,100,99193,100,100209,100,99102,100,,,98868,100
2019-06-28 09:55:00.000000000,99856,242,99570,242,99930,238,99569,438,99940,238,99374,238,100007,100,99326,100,100034,200,99295,100,100051,100,99258,100,100072,100,99202,100,100096,100,99193,100,100209,100,99102,100,,,98868,100
2019-06-28 09:55:10.000000000,99856,309,99570,309,99930,309,99569,509,99940,100,99374,100,100007,100,99326,100,100034,200,99295,100,100051,100,99258,100,100072,100,99202,100,100096,100,99193,100,100209,100,99102,100,,,98868,100
2019-06-28 09:55:11.445824170,99856,209,99570,309,99930,309,99569,509,99940,100,99374,100,100007,100,99326,100,100034,200,99295,100,100051,100,99258,100,100072,100,99193,100,100096,100,99102,100,100209,100,98868,100,,,98831,100
2019-06-28 09:55:20.000000000,99930,309,99570,309,99940,309,99569,509,100007,100,99374,100,100034,200,99326,100,100051,100,99295,100,100072,100,99258,100,100096,100,99193,100,100209,100,99102,100,,,98868,100,,,98831,100
2019-06-28 09:55:30.000000000,99930,309,99570,309,99940,309,99569,509,100007,100,99374,100,100034,200,99326,100,100051,100,99295,100,100072,100,99258,100,100096,100,99193,100,100209,100,99102,100,,,98868,100,,,98831,100
2019-06-28 09:55:40.000000000,99930,518,99570,518,99940,100,99569,300,100007,100,99374,100,100034,200,99326,100,100051,100,99295,100,100072,100,99258,100,100096,100,99193,100,100209,100,99102,100,,,98868,100,,,98831,100
2019-06-28 09:55:45.481181420,99930,518,99570,518,99940,100,99569,200,100007,100,99374,100,100034,200,99326,100,100051,100,99295,100,100072,100,99258,100,100096,100,99193,100,100209,100,99102,100,,,98868,100,,,98831,100
2019-06-28 09:55:50.000000000,99930,518,99570,518,99940,100,99569,200,100007,100,99374,100,100034,200,99326,100,100051,100,99295,100,100072,100,99258,100,100096,100,99193,100,100209,100,99102,100,,,98868,100,,,98831,100
2019-06-28 09:56:00.000000000,99930,309,99570,309,99940,309,99569,409,100007,100,99374,100,100034,200,99326,100,100051,100,99295,100,100072,100,99258,100,100096,100,99193,100,100209,100,99102,100,,,98868,100,,,98831,100
2019-06-28 09:56:04.886875191,99930,209,99585,100,99940,309,99570,309,100007,100,99569,409,100034,200,99374,100,100051,100,99326,100,100072,100,99295,100,100096,100,99258,100,100209,100,99193,100,,,99102,100,,,98868,100
2019-06-28 09:56:10.000000000,99940,184,99585,184,100007,184,99570,184,100034,284,99569,284,100051,184,99374,184,100072,184,99326,184,100096,100,99295,100,100209,100,99258,100,,,99193,100,,,99102,100,,,98868,100
2019-06-28 09:56:20.000000000,99940,242,99585,242,100007,238,99570,238,100034,338,99569,338,100051,100,99374,100,100072,100,99326,100,100096,100,99295,100,100209,100,99258,100,,,99193,100,,,99102,100,,,98868,100
2019-06-28 09:56:22.997659331,99926,100,99585,242,99940,242,99570,238,100007,238,99569,338,100034,338,99374,100,100051,100,99326,100,100072,100,99295,100,100096,100,99258,100,100209,100,99193,100,,,99102,100,,,98868,100
2019-06-28 09:56:30.000000000,99926,184,99585,184,99940,184,99570,184,100007,184,99569,284,100034,284,99374,184,100051,184,99326,184,100072,100,99295,100,100096,100,99258,100,100209,100,99193,100,,,99102,100,,,98868,100
2019-06-28 09:56:35.576658285,99926,184,99585,284,99940,184,99570,184,100007,184,99569,284,100034,284,99374,184,100051,184,99326,184,100072,100,99295,100,100096,100,99258,100,100209,100,99193,100,,,99102,100,,,98868,100
2019-06-28 09:56:40.000000000,99926,204,99585,304,99940,204,99570,204,100007,204,99569,304,100034,304,99374,204,100051,100,99326,100,100072,100,99295,100,100096,100,99258,100,100209,100,99193,100,,,99102,100,,,98868,100
2019-06-28 09:56:50.000000000,99926,204,99585,304,99940,204,99570,204,100007,204,99569,304,100034,304,99374,204,100051,100,99326,100,100072,100,99295,100,100096,100,99258,100,100209,100,99193,100,,,99102,100,,,98868,100
2019-06-28 09:57:00.000000000,99926,242,99585,342,99940,238,99570,238,100007,238,99569,338,100034,200,99374,100,100051,100,99326,100,100072,100,99295,100,100096,100,99258,100,100209,100,99193,100,,,99102,100,,,98868,100
2019-06-28 09:57:10.000000000,99926,184,99585,284,99940,184,99570,184,100007,184,99569,284,100034,284,99374,184,100051,184,99326,184,100072,100,99295,100,100096,100,99258,100,100209,100,99193,100,,,99102,100,,,98868,100
2019-06-28 09:57:20.000000000,99926,204,99585,304,99940,204,99570,204,100007,204,99569,304,100034,304,99374,204,100051,100,99326,100,100072,100,99295,100,100096,100,99258,100,100209,100,99193,100,,,99102,100,,,98868,100
2019-06-28 09:57:30.000000000,99926,184,99585,284,99940,184,99570,184,100007,184,99569,284,100034,284,99374,184,100051,184,99326,184,100072,100,99295,100,100096,100,99258,100,100209,100,99193,100,,,99102,100,,,98868,100
2019-06-28 09:57:31.893709196,99926,184,99881,100,99940,184,99585,284,100007,184,99570,184,100034,284,99569,284,100051,184,99374,184,100072,100,99326,184,100209,100,99295,100,,,99258,100,,,99193,100,,,99102,100
2019-06-28 09:57:35.530699612,99926,184,99881,100,99940,184,99585,284,100007,184,99570,184,100034,284,99569,284,100051,184,99374,184,100072,100,99326,184,100175,100,99295,100,100209,100,99258,100,,,99193,100,,,99102,100
2019-06-28 09:57:40.000000000,99926,242,99881,242,99940,238,99585,338,100007,238,99570,238,100034,200,99569,200,100051,100,99374,100,100072,100,99326,100,100175,100,99295,100,100209,100,99258,100,,,99193,100,,,99102,100
2019-06-28 09:57:50.000000000,99926,184,99881,184,99940,184,99585,284,100007,184,99570,184,100034,284,99569,284,100051,184,99374,184,100072,100,99326,100,100175,100,99295,100,100209,100,99258,100,,,99193,100,,,99102,100
2019-06-28 09:58:00.000000000,99926,309,99881,309,99940,309,99585,409,100007,100,99570,100,100034,200,99569,200,100051,100,99374,100,100072,100,99326,100,100175,100,99295,100,100209,100,99258,100,,,99193,100,,,99102,100
2019-06-28 09:58:02.116613690,99926,209,99881,309,99940,309,99585,409,100007,100,99570,100,100034,200,99569,200,100051,100,99374,100,100072,100,99326,100,100175,100,99295,100,100209,100,99258,100,,,99193,100,,,99102,100
2019-06-28 09:58:06.559364126,99926,109,99881,309,99940,309,99585,409,100007,100,99570,100,100034,200,99569,200,100051,100,99374,100,100072,100,99326,100,100175,100,99295,100,100209,100,99258,100,,,99193,100,,,99102,100
2019-06-28 09:58:10.000000000,99940,204,99881,204,100007,204,99585,304,100034,304,99570,204,100051,204,99569,304,100072,100,99374,100,100175,100,99326,100,100209,100,99295,100,,,99258,100,,,99193,100,,,99102,100
2019-06-28 09:58:20.000000000,99940,518,99881,518,100007,100,99585,200,100034,200,99570,100,100051,100,99569,200,100072,100,99374,100,100175,100,99326,100,100209,100,99295,100,,,99258,100,,,99193,100,,,99102,100
2019-06-28 09:58:28.628557086,99940,518,99881,518,100007,100,99879,100,100034,200,99585,200,100051,100,99570,100,100072,100,99569,200,100175,100,99374,100,100209,100,99326,100,,,99295,100,,,99258,100,,,99193,100
2019-06-28 09:58:30.000000000,99940,204,99881,204,100007,204,99879,204,100034,304,99585,304,100051,204,99570,204,100072,100,99569,200,100175,100,99374,100,100209,100,99326,100,,,99295,100,,,99258,100,,,99193,100
2019-06-28 09:58:40.000000000,99940,242,99881,242,100007,238,99879,238,100034,338,99585,338,100051,100,99570,100,100072,100,99569,200,100175,100,99374,100,100209,100,99326,100,,,99295,100,,,99258,100,,,99193,100
2019-06-28 09:58:50.000000000,99940,242,99881,242,100007,238,99879,238,100034,338,99585,338,100051,100,99570,100,100072,100,99569,200,100175,100,99374,100,100209,100,99326,100,,,99295,100,,,99258,100,,,99193,100
2019-06-28 09:59:00.000000000,99940,184,99881,184,100007,184,99879,184,100034,284,99585,284,100051,184,99570,184,100072,184,99569,284,100175,100,99374,100,100209,100,99326,100,,,99295,100,,,99258,100,,,99193,100
2019-06-28 09:59:04.592674907,99940,184,99881,84,100007,184,99879,184,100034,284,99585,284,100051,184,99570,184,100072,184,99569,284,100175,100,99374,100,100209,100,99326,100,,,99295,100,,,99258,100,,,99193,100
2019-06-28 09:59:10.000000000,99940,184,99879,184,100007,184,99585,284,100034,284,99570,184,100051,184,99569,284,100072,184,99374,184,100175,100,99326,100,100209,100,99295,100,,,99258,100,,,99193,100,,,99102,100
2019-06-28 09:59:16.233511880,99940,184,99879,184,100007,184,99585,184,100034,284,99570,184,100051,184,99569,284,100072,184,99374,184,100175,100,99326,100,100209,100,99295,100,,,99258,100,,,99193,100,,,99102,100
2019-06-28 09:59:20.000000000,99940,309,99879,309,100007,309,99585,309,100034,200,99570,100,100051,100,99569,200,100072,100,99374,100,100175,100,99326,100,100209,100,99295,100,,,99258,100,,,99193,100,,,99102,100
2019-06-28 09:59:30.000000000,99940,309,99879,309,100007,309,99585,309,100034,200,99570,100,100051,100,99569,200,100072,100,99374,100,100175,100,99326,100,100209,100,99295,100,,,99258,100,,,99193,100,,,99102,100
2019-06-28 09:59:34.305030034,99899,100,99879,309,99940,309,99585,309,100007,309,99570,100,100034,200,99569,200,100051,100,99374,100,100072,100,99326,100,100175,100,99295,100,100209,100,99258,100,,,99193,100,,,99102,100
2019-06-28 09:59:40.000000000,99899,309,99879,309,99940,309,99585,309,100007,100,99570,100,100034,200,99569,200,100051,100,99374,100,100072,100,99326,100,100175,100,99295,100,100209,100,99258,100,,,99193,100,,,99102,100
2019-06-28 09:59:42.963207031,99899,309,99879,309,99940,309,99734,100,100007,100,99585,309,100034,200,99570,100,100072,100,99569,200,100175,100,99374,100,100209,100,99326,100,,,99295,100,,,99258,100,,,99193,100
2019-06-28 09:59:49.697430578,99899,309,99879,309,99901,100,99734,100,99940,309,99585,309,100007,100,99570,100,100034,200,99569,200,100072,100,99374,100,100175,100,99326,100,100209,100,99295,100,,,99258,100,,,99193,100
2019-06-28 09:59:50.000000000,99899,309,99879,309,99901,309,99734,309,99940,100,99585,100,100007,100,99570,100,100034,200,99569,200,100072,100,99374,100,100175,100,99326,100,100209,100,99295,100,,,99258,100,,,99193,100
2019-06-28 09:59:51.111206936,99899,309,99879,309,99901,309,99734,309,99926,100,99585,100,99940,100,99570,100,100007,100,99569,200,100034,200,99374,100,100072,100,99326,100,100175,100,99295,100,100209,100,99258,100,,,99193,100
2019-06-28 09:59:59.918365958,99899,309,99879,209,99901,309,99734,309,99926,100,99585,100,99940,100,99570,100,100007,100,99569,200,100034,200,99374,100,100072,100,99326,100,100175,100,99295,100,100209,100,99258,100,,,99193,100
2019-06-28 10:00:00.000000000,99899,204,99734,204,99901,204,99585,204,99926,204,99570,204,99940,204,99569,304,100007,100,99374,100,100034,200,99326,100,100072,100,99295,100,100175,100,99258,100,100209,100,99193,100,,,99102,100
2019-06-28 10:00:00.243712223,99899,204,99734,204,99901,204,99667,100,99926,204,99585,204,99940,204,99570,204,100034,200,99569,304,100072,100,99374,100,100175,100,99326,100,100209,100,99295,100,,,99258,100,,,99193,100
2019-06-28 10:00:10.000000000,99899,518,99734,518,99901,100,99667,100,99926,100,99585,100,99940,100,99570,100,100034,200,99569,200,100072,100,99374,100,100175,100,99326,100,100209,100,99295,100,,,99258,100,,,99193,100
2019-06-28 10:00:20.000000000,99899,518,99734,518,99901,100,99667,100,99926,100,99585,100,99940,100,99570,100,100034,200,99569,200,100072,100,99374,100,100175,100,99326,100,100209,100,99295,100,,,99258,100,,,99193,100
2019-06-28 10:00:29.870284832,99877,100,99734,518,99899,518,99667,100,99901,100,99585,100,99926,100,99570,100,99940,100,99569,200,100034,200,99374,100,100072,100,99326,100,100175,100,99295,100,100209,100,99258,100,,,99193,100
2019-06-28 10:00:30.000000000,99877,242,99734,242,99899,238,99667,238,99901,238,99585,238,99926,100,99570,100,99940,100,99569,200,100034,200,99374,100,100072,100,99326,100,100175,100,99295,100,100209,100,99258,100,,,99193,100
2019-06-28 10:00:40.000000000,99877,242,99734,242,99899,238,99667,238,99901,238,99585,238,99926,100,99570,100,99940,100,99569,200,100034,200,99374,100,100072,100,99326,100,100175,100,99295,100,100209,100,99258,100,,,99193,100
2019-06-28 10:00:50.000000000,99877,242,99734,242,99899,238,99667,238,99901,238,99585,238,99926,100,99570,100,99940,100,99569,200,100034,200,99374,100,100072,100,99326,100,100175,100,99295,100,100209,100,99258,100,,,99193,100
2019-06-28 10:00:52.508886709,99755,100,99734,242,99877,242,99667,238,99899,238,99585,238,99901,238,99570,100,99926,100,99569,200,99940,100,99374,100,100034,200,99326,100,100072,100,99295,100,100175,100,99258,100,100209,100,99193,100
2019-06-28 10:01:00.000000000,99755,518,99734,518,99877,100,99667,100,99899,100,99585,100,99901,100,99570,100,99926,100,99569,200,99940,100,99374,100,100034,200,99326,100,100072,100,99295,100,100175,100,99258,100,100209,100,99193,100
2019-06-28 10:01:10.000000000,99755,518,99734,518,99877,100,99667,100,99899,100,99585,100,99901,100,99570,100,99926,100,99569,200,99940,100,99374,100,100034,200,99326,100,100072,100,99295,100,100175,100,99258,100,100209,100,99193,100
2019-06-28 10:01:16.281506731,99755,318,99734,518,99877,100,99667,100,99899,100,99585,100,99901,100,99570,100,99926,100,99569,200,99940,100,99374,100,100034,200,99326,100,100072,100,99295,100,100175,100,99258,100,100209,100,99193,100
2019-06-28 10:01:20.000000000,99877,309,99734,309,99899,309,99667,309,99901,100,99585,100,99926,100,99570,100,99940,100,99569,200,100034,200,99374,100,100072,100,99326,100,100175,100,99295,100,100209,100,99258,100,,,99193,100
2019-06-28 10:01:23.600505808,99877,309,99755,100,99899,309,99734,309,99901,100,99667,309,99926,100,99585,100,99940,100,99570,100,100034,200,99569,200,100072,100,99374,100,100175,100,99326,100,100209,100,99295,100,,,99258,100
2019-06-28 10:01:30.000000000,99877,309,99755,309,99899,309,99734,309,99901,100,99667,100,99926,100,99585,100,99940,100,99570,100,100034,200,99569,200,100072,100,99374,100,100175,100,99326,100,100209,100,99295,100,,,99258,100
2019-06-28 10:01:33.988948950,99873,100,99755,309,99877,309,99734,309,99899,309,99667,100,99901,100,99585,100,99926,100,99570,100,99940,100,99569,200,100034,200,99374,100,100072,100,99326,100,100175,100,99258,100,100209,100,99193,100
2019-06-28 10:01:39.150248217,99873,100,99755,309,99877,309,99734,309,99899,309,99667,100,99901,100,99585,100,99926,100,99570,100,99940,100,99569,200,99961,100,99374,100,100034,200,99326,100,100072,100,99258,100,100175,100,99193,100
2019-06-28 10:01:40.000000000,99873,184,99755,184,99877,184,99734,184,99899,184,99667,184,99901,184,99585,184,99926,184,99570,184,99940,100,99569,200,99961,100,99374,100,100034,200,99326,100,100072,100,99258,100,100175,100,99193,100
2019-06-28 10:01:50.000000000,99873,184,99755,184,99877,184,99734,184,99899,184,99667,184,99901,184,99585,184,99926,184,99570,184,99940,100,99569,200,99961,100,99374,100,100034,200,99326,100,100072,100,99258,100,100175,100,99193,100
2019-06-28 10:01:51.608738609,99873,84,99755,184,99877,184,99734,184,99899,184,99667,184,99901,184,99585,184,99926,184,99570,184,99940,100,99569,200,99961,100,99374,100,100034,200,99326,100,100072,100,99258,100,100175,100,99193,100
2019-06-28 10:02:00.000000000,99877,184,99755,184,99899,184,99734,184,99901,184,99667,184,99926,184,99585,184,99940,184,99570,184,99961,100,99569,200,100034,200,99374,100,100072,100,99326,100,100175,100,99258,100,100209,100,99193,100
2019-06-28 10:02:10.000000000,99877,518,99755,518,99899,100,99734,100,99901,100,99667,100,99926,100,99585,100,99940,100,99570,100,99961,100,99569,200,100034,200,99374,100,100072,100,99326,100,100175,100,99258,100,100209,100,99193,100
2019-06-28 10:02:20.000000000,99877,309,99755,309,99899,309,99734,309,99901,100,99667,100,99926,100,99585,100,99940,100,99570,100,99961,100,99569,200,100034,200,99374,100,100072,100,99326,100,100175,100,99258,100,100209,100,99193,100
2019-06-28 10:02:22.845939439,99877,309,99756,100,99899,309,99755,309,99901,100,99734,309,99926,100,99667,100,99940,100,99585,100,99961,100,99570,100,100034,200,99569,200,100072,100,99374,100,100175,100,99326,100,100209,100,99258,100
2019-06-28 10:02:30.000000000,99877,518,99756,518,99899,100,99755,100,99901,100,99734,100,99926,100,99667,100,99940,100,99585,100,99961,100,99570,100,100034,200,99569,200,100072,100,99374,100,100175,100,99326,100,100209,100,99258,100
2019-06-28 10:02:30.597943528,99877,418,99756,518,99899,100,99755,100,99901,100,99734,100,99926,100,99585,100,99940,100,99570,100,99961,100,99569,200,100034,200,99374,100,100072,100,99326,100,100175,100,99258,100,100209,100,99193,100
2019-06-28 10:02:40.000000000,99899,184,99756,184,99901,184,99755,184,99926,184,99734,184,99940,184,99585,184,99961,184,99570,184,100034,200,99569,200,100072,100,99374,100,100175,100,99326,100,100209,100,99258,100,,,99193,100
2019-06-28 10:02:50.000000000,99899,204,99756,204,99901,204,99755,204,99926,204,99734,204,99940,204,99585,204,99961,100,99570,100,100034,200,99569,200,100072,100,99374,100,100175,100,99326,100,100209,100,99258,100,,,99193,100
2019-06-28 10:02:56.080442899,99899,204,99756,204,99901,204,99755,204,99926,204,99734,204,99940,204,99585,204,99961,100,99570,100,100034,200,99569,200,100072,100,99374,100,100175,100,99326,100,100209,100,99258,100,100641,100,99193,100
2019-06-28 10:03:00.000000000,99899,204,99756,204,99901,204,99755,204,99926,204,99734,204,99940,204,99585,204,99961,100,99570,100,100034,200,99569,200,100072,100,99374,100,100175,100,99326,100,100209,100,99258,100,100641,100,99193,100
2019-06-28 10:03:10.000000000,99899,204,99756,204,99901,204,99755,204,99926,204,99734,204,99940,204,99585,204,99961,100,99570,100,100034,200,99569,200,100072,100,99374,100,100175,100,99326,100,100209,100,99258,100,100641,100,99193,100
2019-06-28 10:03:10.437972606,99899,204,99756,204,99901,204,99755,204,99926,204,99734,204,99940,204,99585,204,99961,100,99570,100,100034,200,99569,200,100072,100,99374,100,100175,100,99326,100,100209,100,99258,100,100641,100,99193,100
2019-06-28 10:03:20.000000000,99899,309,99756,309,99901,309,99755,309,99926,100,99734,100,99940,100,99585,100,99961,100,99570,100,100034,200,99569,200,100072,100,99374,100,100175,100,99326,100,100209,100,99258,100,100641,100,99193,100
2019-06-28 10:03:30.000000000,99899,309,99756,309,99901,309,99755,309,99926,100,99734,100,99940,100,99585,100,99961,100,99570,100,100034,200,99569,200,100072,100,99374,100,100175,100,99326,100,100209,100,99258,100,100641,100,99193,100
2019-06-28 10:03:40.000000000,99899,518,99756,518,99901,100,99755,100,99926,100,99734,100,99940,100,99585,100,99961,100,99570,100,100034,200,99569,200,100072,100,99374,100,100175,100,99326,100,100209,100,99258,100,100641,100,99193,100
2019-06-28 10:03:42.576479365,99899,518,99756,518,99901,100,99755,100,99926,100,99734,100,99940,100,99585,100,99961,100,99570,100,100034,200,99569,200,100072,100,99374,100,100175,100,99326,100,100209,100,99258,100,100641,100,99193,100
2019-06-28 10:03:50.000000000,99899,242,99756,242,99901,238,99755,238,99926,238,99734,238,99940,100,99585,100,99961,100,99570,100,100034,200,99569,200,100072,100,99374,100,100175,100,99326,100,100209,100,99258,100,100641,100,99193,100
2019-06-28 10:03:57.148989122,99899,242,99756,242,99901,238,99755,238,99926,238,99734,238,99940,100,99585,100,99961,100,99570,100,100034,200,99569,200,100072,100,99374,100,100175,100,99326,100,100209,100,99258,100,100641,100,99193,100
2019-06-28 10:04:00.000000000,99899,184,99756,184,99901,184,99755,184,99926,184,99734,184,99940,184,99585,184,99961,184,99570,184,100034,200,99569,200,100072,100,99374,100,100175,100,99326,100,100209,100,99258,100,100641,100,99193,100
2019-06-28 10:04:05.173612652,99899,184,99756,184,99901,184,99755,184,99926,184,99734,184,99940,184,99585,184,99961,184,99570,184,100034,200,99569,200,100072,100,99374,100,100175,100,99326,100,100209,100,99258,100,100641,100,99193,100
2019-06-28 10:04:10.000000000,99899,518,99756,518,99901,100,99755,100,99926,100,99734,100,99940,100,99585,100,99961,100,99570,100,100034,200,99569,200,100072,100,99374,100,100175,100,99326,100,100209,100,99258,100,100641,100,99193,100
2019-06-28 10:04:12.565679768,99899,418,99756,518,99901,100,99755,100,99926,100,99734,100,99940,100,99585,100,99961,100,99570,100,100034,200,99569,200,100072,100,99374,100,100175,100,99326,100,100209,100,99258,100,100641,100,99193,100
2019-06-28 10:04:14.867942821,99899,418,99756,518,99901,100,99755,100,99926,100,99734,100,99940,100,99585,100,99961,100,99570,100,100034,100,99569,200,100072,100,99374,100,100175,100,99326,100,100209,100,99258,100,100641,100,99193,100
2019-06-28 10:04:20.000000000,99901,309,99756,309,99926,309,99755,309,99940,100,99734,100,99961,100,99585,100,100034,100,99570,100,100072,100,99569,200,100175,100,99374,100,100209,100,99326,100,100641,100,99258,100,100883,100,99193,100
2019-06-28 10:04:30.000000000,99901,242,99756,242,99926,238,99755,238,99940,238,99734,238,99961,100,99585,100,100034,100,99570,100,100072,100,99569,200,100175,100,99374,100,100209,100,99326,100,100641,100,99258,100,100883,100,99193,100
2019-06-28 10:04:40.000000000,99901,184,99756,184,99926,184,99755,184,99940,184,99734,184,99961,184,99585,184,100034,184,99570,184,100072,100,99569,200,100175,100,99374,100,100209,100,99326,100,100641,100,99258,100,100883,100,99193,100
2019-06-28 10:04:42.378727523,99901,184,99877,100,99926,184,99756,184,99940,184,99755,184,99961,184,99734,184,100034,184,99585,184,100072,100,99570,184,100175,100,99569,200,100209,100,99374,100,100641,100,99326,100,100883,100,99258,100
2019-06-28 10:04:50.000000000,99901,204,99877,204,99926,204,99756,204,99940,204,99755,204,99961,204,99734,204,100034,100,99585,100,100072,100,99570,100,100175,100,99569,200,100209,100,99374,100,100641,100,99326,100,100883,100,99258,100
2019-06-28 10:04:57.007260067,99901,204,99877,304,99926,204,99756,204,99940,204,99755,204,99961,204,99734,204,100034,100,99585,100,100072,100,99570,100,100175,100,99569,200,100209,100,99374,100,100641,100,99326,100,100883,100,99258,100
2019-06-28 10:05:00.000000000,99901,518,99877,618,99926,100,99756,100,99940,100,99755,100,99961,100,99734,100,100034,100,99585,100,100072,100,99570,100,100175,100,99569,200,100209,100,99374,100,100641,100,99326,100,100883,100,99258,100
2019-06-28 10:05:10.000000000,99901,184,99877,284,99926,184,99756,184,99940,184,99755,184,99961,184,99734,184,100034,184,99585,184,100072,100,99570,100,100175,100,99569,200,100209,100,99374,100,100641,100,99326,100,100883,100,99258,100
2019-06-28 10:05:16.026330947,99901,184,99877,284,99926,184,99756,184,99940,184,99755,184,99961,184,99734,184,100034,184,99585,184,100072,100,99570,100,100175,100,99569,200,100209,100,99374,100,100641,100,99326,100,100883,100,99258,100
2019-06-28 10:05:20.000000000,99901,518,99877,618,99926,100,99756,100,99940,100,99755,100,99961,100,99734,100,100034,100,99585,100,100072,100,99570,100,100175,100,99569,200,100209,100,99374,100,100641,100,99326,100,100883,100,99258,100
2019-06-28 10:05:30.000000000,99901,204,99877,304,99926,204,99756,204,99940,204,99755,204,99961,204,99734,204,100034,100,99585,100,100072,100,99570,100,100175,100,99569,200,100209,100,99374,100,100641,100,99326,100,100883,100,99258,100
2019-06-28 10:05:40.000000000,99901,204,99877,304,99926,204,99756,204,99940,204,99755,204,99961,204,99734,204,100034,100,99585,100,100072,100,99570,100,100175,100,99569,200,100209,100,99374,100,100641,100,99326,100,100883,100,99258,100
2019-06-28 10:05:50.000000000,99901,309,99877,409,99926,309,99756,309,99940,100,99755,100,99961,100,99734,100,100034,100,99585,100,100072,100,99570,100,100175,100,99569,200,100209,100,99374,100,100641,100,99326,100,100883,100,99258,100
2019-06-28 10:06:00.000000000,99901,184,99877,284,99926,184,99756,184,99940,184,99755,184,99961,184,99734,184,100034,184,99585,184,100072,100,99570,100,100175,100,99569,200,100209,100,99374,100,100641,100,99326,100,100883,100,99258,100
2019-06-28 10:06:09.157298299,99901,184,99877,284,99926,184,99756,184,99940,184,99755,184,99961,184,99734,184,100034,184,99585,184,100175,100,99570,100,100209,100,99569,200,100641,100,99374,100,100883,100,99326,100,101085,100,99258,100
2019-06-28 10:06:10.000000000,99901,242,99877,342,99926,238,99756,238,99940,238,99755,238,99961,100,99734,100,100034,100,99585,100,100175,100,99570,100,100209,100,99569,200,100641,100,99374,100,100883,100,99326,100,101085,100,99258,100
2019-06-28 10:06:16.159058847,99901,242,99877,342,99926,238,99756,238,99940,238,99755,238,100034,100,99734,100,100175,100,99585,100,100209,100,99570,100,100641,100,99569,200,100883,100,99374,100,101085,100,99326,100,101257,100,99258,100
2019-06-28 10:06:20.000000000,99901,204,99877,304,99926,204,99756,204,99940,204,99755,204,100034,204,99734,204,100175,100,99585,100,100209,100,99570,100,100641,100,99569,200,100883,100,99374,100,101085,100,99326,100,101257,100,99258,100
2019-06-28 10:06:30.000000000,99901,242,99877,342,99926,238,99756,238,99940,238,99755,238,100034,100,99734,100,100175,100,99585,100,100209,100,99570,100,100641,100,99569,200,100883,100,99374,100,101085,100,99326,100,101257,100,99258,100
2019-06-28 10:06:32.644332341,99901,242,99877,342,99926,238,99756,238,99940,238,99755,238,100034,100,99734,100,100175,100,99585,100,100209,100,99570,100,100641,100,99569,200,100883,100,99374,100,101085,100,99326,100,101257,100,99193,100
2019-06-28 10:06:40.000000000,99901,242,99877,342,99926,238,99756,238,99940,238,99755,238,100034,100,99734,100,100175,100,99585,100,100209,100,99570,100,100641,100,99569,200,100883,100,99374,100,101085,100,99326,100,101257,100,99193,100
2019-06-28 10:06:50.000000000,99901,184,99877,284,99926,184,99756,184,99940,184,99755,184,100034,184,99734,184,100175,184,99585,184,100209,100,99570,100,100641,100,99569,200,100883,100,99374,100,101085,100,99326,100,101257,100,99193,100
2019-06-28 10:07:00.000000000,99901,309,99877,409,99926,309,99756,309,99940,100,99755,100,100034,100,99734,100,100175,100,99585,100,100209,100,99570,100,100641,100,99569,200,100883,100,99374,100,101085,100,99326,100,101257,100,99193,100
2019-06-28 10:07:05.585290960,99901,209,99877,409,99926,309,99756,309,99940,100,99755,100,100034,100,99734,100,100175,100,99585,100,100209,100,99570,100,100641,100,99569,200,100883,100,99374,100,101085,100,99326,100,101257,100,99193,100
2019-06-28 10:07:09.470647943,99901,209,99877,409,99926,309,99756,309,99940,100,99755,100,100034,100,99734,100,100175,100,99585,100,100209,100,99570,100,100641,100,99569,200,100883,100,99374,100,101085,100,99326,100,101257,100,99193,100
2019-06-28 10:07:10.000000000,99926,204,99877,304,99940,204,99756,204,100034,204,99755,204,100175,204,99734,204,100209,100,99585,100,100641,100,99570,100,100883,100,99569,200,101085,100,99374,100,101257,100,99326,100,101292,100,99193,100
2019-06-28 10:07:20.000000000,99926,309,99877,409,99940,309,99756,309,100034,100,99755,100,100175,100,99734,100,100209,100,99585,100,100641,100,99570,100,100883,100,99569,200,101085,100,99374,100,101257,100,99326,100,101292,100,99193,100
2019-06-28 10:07:30.000000000,99926,184,99877,284,99940,184,99756,184,100034,184,99755,184,100175,184,99734,184,100209,184,99585,184,100641,100,99570,100,100883,100,99569,200,101085,100,99374,100,101257,100,99326,100,101292,100,99193,100
2019-06-28 10:07:35.101941062,99926,184,99877,284,99940,184,99756,184,100034,184,99755,184,100175,184,99734,184,100209,184,99585,184,100641,100,99569,200,100883,100,99374,100,101085,100,99326,100,101257,100,99193,100,101292,100,99102,100
2019-06-28 10:07:38.813564479,99926,84,99877,284,99940,184,99756,184,100034,184,99755,184,100175,184,99734,184,100209,184,99585,184,100641,100,99569,200,100883,100,99374,100,101085,100,99326,100,101257,100,99193,100,101292,100,99102,100
2019-06-28 10:07:40.000000000,99940,518,99877,618,100034,100,99756,100,100175,100,99755,100,100209,100,99734,100,100641,100,99585,100,100883,100,99569,200,101085,100,99374,100,101257,100,99326,100,101292,100,99193,100,101397,100,99102,100
2019-06-28 10:07:50.000000000,99940,204,99877,304,100034,204,99756,204,100175,204,99755,204,100209,204,99734,204,100641,100,99585,100,100883,100,99569,200,101085,100,99374,100,101257,100,99326,100,101292,100,99193,100,101397,100,99102,100
2019-06-28 10:07:52.663460508,99940,204,99877,304,100034,204,99756,204,100175,204,99755,204,100209,204,99734,204,100641,100,99585,100,100883,100,99569,200,101085,100,99374,100,101257,100,99326,100,101292,100,99193,100,101397,100,99102,100
2019-06-28 10:08:00.000000000,99940,309,99877,409,100034,309,99756,309,100175,100,99755,100,100209,100,99734,100,100641,100,99585,100,100883,100,99569,200,101085,100,99374,100,101257,100,99326,100,101292,100,99193,100,101397,100,99102,100
2019-06-28 10:08:10.000000000,99940,309,99877,409,100034,309,99756,309,100175,100,99755,100,100209,100,99734,100,100641,100,99585,100,100883,100,99569,200,101085,100,99374,100,101257,100,99326,100,101292,100,99193,100,101397,100,99102,100
2019-06-28 10:08:13.928934731,99940,309,99877,409,100034,309,99756,309,100175,100,99755,100,100209,100,99585,100,100641,100,99569,200,100883,100,99374,100,101085,100,99326,100,101257,100,99193,100,101292,100,99102,100,101397,100,,
2019-06-28 10:08:20.000000000,99940,204,99877,304,100034,204,99756,204,100175,204,99755,204,100209,204,99585,204,100641,100,99569,200,100883,100,99374,100,101085,100,99326,100,101257,100,99193,100,101292,100,99102,100,101397,100,,
2019-06-28 10:08:27.482669638,99940,204,99877,304,100034,204,99756,204,100175,204,99755,204,100209,204,99585,204,100641,100,99569,200,100883,100,99374,100,101085,100,99326,100,101292,100,99193,100,101397,100,99102,100,101406,100,,
2019-06-28 10:08:30.000000000,99940,184,99877,284,100034,184,99756,184,100175,184,99755,184,100209,184,99585,184,100641,184,99569,284,100883,100,99374,100,101085,100,99326,100,101292,100,99193,100,101397,100,99102,100,101406,100,,
2019-06-28 10:08:40.000000000,99940,184,99877,284,100034,184,99756,184,100175,184,99755,184,100209,184,99585,184,100641,184,99569,284,100883,100,99374,100,101085,100,99326,100,101292,100,99193,100,101397,100,99102,100,101406,100,,
2019-06-28 10:08:50.000000000,99940,309,99877,409,100034,309,99756,309,100175,100,99755,100,100209,100,99585,100,100641,100,99569,200,100883,100,99374,100,101085,100,99326,100,101292,100,99193,100,101397,100,99102,100,101406,100,,
2019-06-28 10:09:00.000000000,99940,184,99877,284,100034,184,99756,184,100175,184,99755,184,100209,184,99585,184,100641,184,99569,284,100883,100,99374,100,101085,100,99326,100,101292,100,99193,100,101397,100,99102,100,101406,100,,
2019-06-28 10:09:08.702825326,99940,184,99901,100,100034,84,99877,284,100175,184,99756,184,100209,184,99755,184,100641,184,99585,184,100883,100,99569,284,101085,100,99374,100,101292,100,99326,100,101397,100,99193,100,101406,100,99102,100
2019-06-28 10:09:10.000000000,99940,242,99901,242,100175,238,99877,338,100209,238,99756,238,100641,100,99755,100,100883,100,99585,100,101085,100,99569,200,101292,100,99374,100,101397,100,99326,100,101406,100,99193,100,101474,100,99102,100
2019-06-28 10:09:20.000000000,99940,309,99901,309,100175,309,99877,409,100209,100,99756,100,100641,100,99755,100,100883,100,99585,100,101085,100,99569,200,101292,100,99374,100,101397,100,99326,100,101406,100,99193,100,101474,100,99102,100
