,ask_price_1,ask_size_1,bid_price_1,bid_size_1,ask_price_2,ask_size_2,bid_price_2,bid_size_2,ask_price_3,ask_size_3,bid_price_3,bid_size_3,ask_price_4,ask_size_4,bid_price_4,bid_size_4,ask_price_5,ask_size_5,bid_price_5,bid_size_5,ask_price_6,ask_size_6,bid_price_6,bid_size_6,ask_price_7,ask_size_7,bid_price_7,bid_size_7,ask_price_8,ask_size_8,bid_price_8,bid_size_8,ask_price_9,ask_size_9,bid_price_9,bid_size_9,ask_price_10,ask_size_10,bid_price_10,bid_size_10
2019-06-28 09:30:00.000000009,,,99837,100,,,,,,,,,,,,,,,,,,,,,,,,,,,,,,,,,,,,
2019-06-28 09:30:00.000000011,,,99947,100,,,99938,100,,,99837,100,,,,,,,,,,,,,,,,,,,,,,,,,,,,
2019-06-28 09:30:00.000000013,,,99947,100,,,99938,100,,,99888,100,,,99837,100,,,,,,,,,,,,,,,,,,,,,,,,
2019-06-28 09:30:00.000000019,,,99995,100,,,99947,100,,,99938,100,,,99888,100,,,99837,100,,,,,,,,,,,,,,,,,,,,
2019-06-28 09:30:00.000000023,100106,100,99995,100,,,99961,100,,,99947,100,,,99938,100,,,99888,100,,,99837,100,,,,,,,,,,,,,,,,
2019-06-28 09:30:00.000000024,100026,100,99995,100,100106,100,99961,100,,,99947,100,,,99938,100,,,99888,100,,,99837,100,,,,,,,,,,,,,,,,
2019-06-28 09:30:00.000000025,100026,100,99961,100,100106,100,99947,100,,,99938,100,,,99888,100,,,99837,100,,,,,,,,,,,,,,,,,,,,
2019-06-28 09:30:00.000000026,100026,100,99961,100,100106,100,99947,100,,,99938,100,,,99921,100,,,99916,100,,,99888,100,,,99861,100,,,99837,100,,,,,,,,
2019-06-28 09:30:00.000000028,100026,100,99961,100,100106,100,99954,100,,,99947,100,,,99938,100,,,99934,100,,,99921,100,,,99916,100,,,99888,100,,,99861,100,,,99837,100
2019-06-28 09:30:00.000000029,99980,100,99961,100,100026,100,99954,100,100102,100,99947,200,100106,100,99938,100,,,99934,100,,,99921,100,,,99916,100,,,99888,100,,,99861,100,,,99837,100
2019-06-28 09:30:00.000000030,99980,100,99961,100,100026,100,99954,100,100102,100,99947,200,100106,100,99938,100,,,99934,100,,,99930,100,,,99921,100,,,99916,100,,,99888,100,,,99861,100
2019-06-28 09:30:00.000000031,99980,100,99961,100,100019,100,99954,100,100026,100,99947,200,100102,100,99938,100,100106,100,99934,100,,,99930,100,,,99921,100,,,99916,100,,,99888,100,,,99861,100
2019-06-28 09:30:00.000000032,99995,100,99980,100,100019,100,99961,100,100026,100,99954,100,100102,100,99947,200,100106,100,99938,100,,,99934,100,,,99930,100,,,99921,100,,,99916,100,,,99888,100
2019-06-28 09:30:00.000000034,99995,100,99980,100,100019,100,99961,100,100026,200,99954,100,100102,100,99947,200,100106,100,99938,100,,,99934,100,,,99930,100,,,99921,100,,,99916,100,,,99888,100
2019-06-28 09:30:00.000000036,99995,100,99980,100,100019,100,99961,100,100026,200,99954,100,100041,100,99947,200,100102,100,99938,100,100106,100,99934,100,,,99930,100,,,99921,100,,,99916,100,,,99888,100
2019-06-28 09:30:00.000000039,99995,100,99980,100,100019,100,99961,100,100026,200,99954,100,100038,100,99947,200,100041,100,99938,100,100102,100,99934,100,100106,100,99930,100,,,99921,100,,,99916,100,,,99888,100
2019-06-28 09:30:00.000000040,99995,100,99980,100,100019,100,99961,100,100026,200,99954,100,100035,100,99947,200,100038,100,99938,100,100041,100,99934,100,100102,100,99930,100,100106,100,99921,100,,,99916,100,,,99888,100
2019-06-28 09:30:00.000000044,99995,100,99980,100,100019,100,99961,100,100026,200,99954,100,100035,100,99947,200,100038,100,99938,100,100041,100,99934,100,100093,100,99930,100,100102,100,99921,100,100106,100,99916,100,,,99888,100
2019-06-28 09:30:00.000000045,99995,100,99980,200,100019,100,99961,100,100026,200,99954,100,100035,100,99947,200,100038,100,99938,100,100041,100,99934,100,100093,100,99930,100,100102,100,99921,100,100106,100,99916,100,,,99888,100
2019-06-28 09:30:00.000000049,100019,100,99980,200,100026,200,99961,100,100035,100,99954,100,100038,100,99947,200,100041,100,99938,100,100093,100,99934,100,100102,100,99930,100,100106,100,99921,100,,,99916,100,,,99888,100
2019-06-28 09:30:00.000000051,99995,100,99980,200,100019,100,99961,100,100026,200,99954,100,100035,100,99947,200,100038,100,99938,100,100041,100,99934,100,100093,100,99930,100,100102,100,99921,100,100106,100,99916,100,,,99888,100
2019-06-28 09:30:00.000000053,99995,100,99980,200,100019,100,99961,100,100026,200,99954,100,100035,100,99947,200,100038,100,99938,100,100041,100,99934,100,100093,100,99930,100,100102,100,99921,100,100106,100,99916,100,100299,100,99888,100
2019-06-28 09:30:00.000000056,99995,100,99981,100,100019,100,99980,200,100026,200,99961,100,100035,100,99954,100,100038,100,99947,200,100041,100,99938,100,100093,100,99934,100,100102,100,99930,100,100106,100,99921,100,100299,100,99916,100
2019-06-28 09:30:00.000000058,99995,100,99981,100,100019,100,99980,200,100026,200,99961,100,100035,100,99954,100,100038,100,99947,200,100041,100,99938,100,100093,100,99934,100,100102,100,99930,100,100106,100,99921,100,100124,100,99916,100
2019-06-28 09:30:00.000000060,99995,100,99981,100,100019,100,99980,200,100026,200,99971,100,100035,100,99961,100,100038,100,99954,100,100041,100,99947,200,100093,100,99938,100,100102,100,99934,100,100106,100,99930,100,100124,100,99921,100
2019-06-28 09:30:00.000000062,99995,100,99981,100,100019,100,99980,200,100026,200,99971,100,100035,100,99961,100,100038,100,99954,100,100041,100,99947,200,100093,100,99938,100,100102,100,99934,100,100103,100,99930,100,100106,100,99921,100
2019-06-28 09:30:00.000000063,99995,100,99981,100,100019,100,99980,200,100026,200,99971,100,100035,100,99961,100,100038,100,99954,100,100041,100,99947,200,100078,100,99938,100,100093,100,99934,100,100102,100,99930,100,100103,100,99921,100
2019-06-28 09:30:00.000000065,99995,100,99981,100,100019,100,99980,200,100026,200,99971,100,100035,100,99961,100,100038,100,99954,100,100041,100,99947,200,100078,100,99938,100,100093,100,99934,100,100102,100,99930,100,100103,100,99921,100
2019-06-28 09:30:00.000000066,99995,100,99981,100,100019,100,99980,200,100026,200,99971,100,100035,100,99961,100,100038,100,99954,100,100041,100,99947,200,100078,100,99938,100,100093,100,99934,100,100102,100,99930,100,100103,100,99921,100
2019-06-28 09:30:00.000000069,99995,200,99981,100,100019,100,99980,200,100026,200,99971,100,100030,100,99961,100,100035,100,99954,100,100038,100,99947,200,100041,100,99938,200,100078,100,99934,100,100093,100,99930,100,100102,100,99921,100
2019-06-28 09:30:00.000000070,99995,200,99981,100,100019,100,99980,200,100026,200,99971,100,100030,100,99961,100,100035,100,99954,100,100038,100,99947,200,100041,100,99938,200,100078,100,99934,100,100093,100,99930,100,100102,100,99921,100
2019-06-28 09:30:00.000000071,99995,100,99981,100,100019,100,99980,200,100026,200,99971,100,100030,100,99961,100,100035,100,99954,100,100038,100,99947,200,100041,100,99938,200,100078,100,99934,100,100093,100,99930,100,100102,100,99921,100
2019-06-28 09:30:00.000000072,99995,100,99981,100,100019,100,99980,200,100026,200,99971,100,100030,100,99961,100,100035,100,99954,100,100038,100,99947,200,100041,100,99938,200,100078,100,99934,100,100093,100,99930,100,100102,100,99921,100
2019-06-28 09:30:00.000000074,99995,100,99981,100,100019,100,99980,200,100026,200,99971,100,100030,100,99961,100,100035,100,99954,100,100038,100,99947,200,100041,100,99938,200,100078,100,99934,100,100087,100,99930,100,100093,100,99921,100
2019-06-28 09:30:00.000000075,100019,100,99981,100,100026,200,99980,200,100030,100,99971,100,100035,100,99961,100,100038,100,99954,100,100041,100,99947,200,100078,100,99938,200,100087,100,99934,100,100093,100,99930,100,100102,100,99921,100
2019-06-28 09:30:00.000000076,100019,100,99995,100,100026,200,99983,100,100030,100,99981,100,100035,100,99980,200,100038,100,99971,100,100041,100,99961,100,100078,100,99954,100,100087,100,99947,200,100093,100,99938,200,100102,100,99934,100
2019-06-28 09:30:00.000000077,100019,100,99995,100,100026,200,99983,100,100030,100,99981,100,100035,100,99980,200,100038,100,99971,100,100041,100,99961,100,100078,100,99954,100,100087,100,99947,200,100093,100,99938,200,100102,100,99934,100
2019-06-28 09:30:00.000000079,100019,100,99995,100,100026,200,99983,100,100030,100,99981,100,100035,100,99980,200,100038,100,99971,100,100041,100,99961,100,100078,100,99954,100,100087,100,99947,200,100093,100,99938,200,100102,100,99934,100
2019-06-28 09:30:00.000000081,100019,100,99995,100,100026,200,99983,100,100030,100,99981,100,100035,100,99980,200,100038,100,99971,100,100041,100,99961,100,100078,100,99954,100,100087,100,99947,200,100092,100,99938,200,100093,100,99934,100
2019-06-28 09:30:00.000000082,100019,100,99995,100,100026,200,99983,100,100030,100,99981,100,100035,100,99980,200,100038,100,99971,100,100041,100,99961,100,100078,100,99954,100,100087,100,99947,200,100092,100,99938,200,100093,100,99934,100
2019-06-28 09:30:00.000000084,100019,100,99995,100,100026,200,99983,100,100030,100,99981,100,100035,100,99980,200,100038,100,99971,100,100041,100,99961,100,100047,100,99954,100,100078,100,99947,200,100087,100,99938,200,100092,100,99934,100
2019-06-28 09:30:00.000000088,100019,100,99983,100,100026,200,99981,100,100030,100,99980,200,100035,100,99971,100,100038,100,99961,100,100041,100,99954,100,100047,100,99947,200,100078,100,99938,200,100087,100,99934,100,100092,100,99930,100
2019-06-28 09:30:00.000000089,100019,100,99995,100,100026,200,99983,100,100030,100,99981,100,100035,100,99980,200,100038,100,99971,100,100041,100,99961,100,100047,100,99954,100,100078,100,99947,200,100087,100,99938,200,100092,100,99934,100
2019-06-28 09:30:00.000000092,100019,100,99995,100,100026,200,99983,100,100030,100,99981,100,100035,100,99980,200,100038,100,99971,100,100041,100,99961,100,100047,100,99954,100,100078,100,99947,200,100087,100,99944,100,100092,100,99938,200
2019-06-28 09:30:00.000000094,100019,100,99995,200,100026,200,99983,100,100030,100,99981,100,100035,100,99980,200,100038,100,99971,100,100041,100,99961,100,100047,100,99954,100,100078,100,99947,200,100087,100,99944,100,100092,100,99938,200
2019-06-28 09:30:00.000000096,100019,100,99996,100,100026,200,99995,100,100030,100,99983,100,100035,100,99981,100,100038,100,99980,200,100041,100,99971,100,100047,100,99961,100,100078,100,99954,100,100087,100,99947,200,100092,100,99944,100
2019-06-28 09:30:00.000000097,100019,100,99996,100,100026,200,99995,100,100030,100,99983,100,100035,100,99981,100,100038,100,99980,200,100041,100,99971,100,100047,100,99961,100,100078,100,99954,100,100087,100,99947,200,100092,100,99944,100
2019-06-28 09:30:04.196141575,100019,100,99996,100,100026,200,99995,100,100030,100,99983,100,100035,100,99981,100,100038,100,99980,200,100041,100,99971,100,100047,100,99961,100,100078,100,99954,100,100087,100,99947,200,100092,100,99944,100
2019-06-28 09:30:10.000000000,100019,318,99996,318,100026,418,99995,318,100030,100,99983,100,100035,100,99981,100,100038,100,99980,200,100041,100,99971,100,100047,100,99961,100,100078,100,99954,100,100087,100,99947,200,100092,100,99944,100
2019-06-28 09:30:20.000000000,100019,248,99996,248,100026,344,99995,244,100030,244,99983,244,100035,100,99981,100,100038,100,99980,200,100041,100,99971,100,100047,100,99961,100,100078,100,99954,100,100087,100,99947,200,100092,100,99944,100
2019-06-28 09:30:30.000000000,100019,318,99996,318,100026,418,99995,318,100030,100,99983,100,100035,100,99981,100,100038,100,99980,200,100041,100,99971,100,100047,100,99961,100,100078,100,99954,100,100087,100,99947,200,100092,100,99944,100
2019-06-28 09:30:40.000000000,100019,248,99996,248,100026,344,99995,244,100030,244,99983,244,100035,100,99981,100,100038,100,99980,200,100041,100,99971,100,100047,100,99961,100,100078,100,99954,100,100087,100,99947,200,100092,100,99944,100
2019-06-28 09:30:50.000000000,100019,209,99996,209,100026,309,99995,209,100030,209,99983,209,100035,209,99981,209,100038,100,99980,200,100041,100,99971,100,100047,100,99961,100,100078,100,99954,100,100087,100,99947,200,100092,100,99944,100
2019-06-28 09:31:00.000000000,100019,209,99996,209,100026,309,99995,209,100030,209,99983,209,100035,209,99981,209,100038,100,99980,200,100041,100,99971,100,100047,100,99961,100,100078,100,99954,100,100087,100,99947,200,100092,100,99944,100
2019-06-28 09:31:07.076563642,100019,109,99996,209,100026,309,99995,209,100030,209,99983,209,100035,209,99981,209,100038,100,99980,200,100041,100,99971,100,100047,100,99961,100,100078,100,99954,100,100087,100,99947,200,100092,100,99944,100
2019-06-28 09:31:10.000000000,100026,348,99996,248,100030,244,99995,244,100035,244,99983,244,100038,100,99981,100,100041,100,99980,200,100047,100,99971,100,100078,100,99961,100,100087,100,99954,100,100092,100,99947,200,100093,100,99944,100
2019-06-28 09:31:12.661492961,100026,348,99997,100,100030,244,99996,248,100035,244,99995,244,100038,100,99983,244,100041,100,99981,100,100047,100,99980,200,100078,100,99971,100,100087,100,99961,100,100092,100,99954,100,100093,100,99947,200
2019-06-28 09:31:20.000000000,100026,636,99997,536,100030,100,99996,100,100035,100,99995,100,100038,100,99983,100,100041,100,99981,100,100047,100,99980,200,100078,100,99971,100,100087,100,99961,100,100092,100,99954,100,100093,100,99947,200
2019-06-28 09:31:20.305669931,100026,536,99997,536,100030,100,99996,100,100038,100,99995,100,100041,100,99983,100,100047,100,99981,100,100078,100,99980,200,100087,100,99971,100,100092,100,99961,100,100093,100,99954,100,100102,100,99947,200
2019-06-28 09:31:30.000000000,100026,187,99997,187,100030,187,99996,187,100038,187,99995,187,100041,187,99983,187,100047,187,99981,187,100078,100,99980,200,100087,100,99971,100,100092,100,99961,100,100093,100,99954,100,100102,100,99947,200
2019-06-28 09:31:40.000000000,100026,187,99997,187,100030,187,99996,187,100038,187,99995,187,100041,187,99983,187,100047,187,99981,187,100078,100,99980,200,100087,100,99971,100,100092,100,99961,100,100093,100,99954,100,100102,100,99947,200
2019-06-28 09:31:50.000000000,100026,248,99997,248,100030,244,99996,244,100038,244,99995,244,100041,100,99983,100,100047,100,99981,100,100078,100,99980,200,100087,100,99971,100,100092,100,99961,100,100093,100,99954,100,100102,100,99947,200
2019-06-28 09:32:00.000000000,100026,187,99997,187,100030,187,99996,187,100038,187,99995,187,100041,187,99983,187,100047,187,99981,187,100078,100,99980,200,100087,100,99971,100,100092,100,99961,100,100093,100,99954,100,100102,100,99947,200
2019-06-28 09:32:10.000000000,100026,209,99997,209,100030,209,99996,209,100038,209,99995,209,100041,209,99983,209,100047,100,99981,100,100078,100,99980,200,100087,100,99971,100,100092,100,99961,100,100093,100,99954,100,100102,100,99947,200
2019-06-28 09:32:20.000000000,100026,209,99997,209,100030,209,99996,209,100038,209,99995,209,100041,209,99983,209,100047,100,99981,100,100078,100,99980,200,100087,100,99971,100,100092,100,99961,100,100093,100,99954,100,100102,100,99947,200
2019-06-28 09:32:20.662982173,100022,100,99997,209,100026,209,99996,209,100030,209,99995,209,100038,209,99983,209,100041,209,99981,100,100047,100,99980,200,100078,100,99971,100,100087,100,99961,100,100092,100,99954,100,100093,100,99947,200
2019-06-28 09:32:25.542696423,100022,100,99997,109,100026,209,99996,209,100030,209,99995,209,100038,209,99983,209,100041,209,99981,100,100047,100,99980,200,100078,100,99971,100,100087,100,99961,100,100092,100,99954,100,100093,100,99947,200
2019-06-28 09:32:30.000000000,100022,187,99996,187,100026,187,99995,187,100030,187,99983,187,100038,187,99981,187,100041,187,99980,287,100047,100,99971,100,100078,100,99961,100,100087,100,99954,100,100092,100,99947,200,100093,100,99944,100
2019-06-28 09:32:36.375043492,100022,187,99996,87,100026,187,99995,187,100030,187,99983,187,100038,187,99981,187,100041,187,99980,287,100047,100,99971,100,100078,100,99961,100,100087,100,99954,100,100092,100,99947,200,100093,100,99944,100
2019-06-28 09:32:38.170068170,100022,187,99996,87,100026,187,99995,187,100030,187,99983,187,100038,187,99981,187,100041,187,99980,287,100047,100,99971,100,100078,100,99961,100,100087,100,99954,100,100092,100,99947,200,100093,100,99944,100
2019-06-28 09:32:40.000000000,100022,536,99995,536,100026,100,99983,100,100030,100,99981,100,100038,100,99980,200,100041,100,99971,100,100047,100,99961,100,100078,100,99954,100,100087,100,99947,200,100092,100,99944,100,100093,100,99938,200
2019-06-28 09:32:50.000000000,100022,209,99995,209,100026,209,99983,209,100030,209,99981,209,100038,209,99980,309,100041,100,99971,100,100047,100,99961,100,100078,100,99954,100,100087,100,99947,200,100092,100,99944,100,100093,100,99938,200
2019-06-28 09:32:52.147066450,100022,209,99995,109,100026,209,99983,209,100030,209,99981,209,100038,209,99980,309,100041,100,99971,100,100047,100,99961,100,100078,100,99954,100,100087,100,99947,200,100092,100,99944,100,100093,100,99938,200
2019-06-28 09:32:56.878019858,99996,100,99995,109,100022,209,99983,209,100026,209,99981,209,100030,209,99980,309,100038,209,99971,100,100041,100,99961,100,100047,100,99954,100,100078,100,99947,200,100087,100,99944,100,100092,100,99938,200
2019-06-28 09:32:58.630920233,99996,100,99995,109,100022,209,99983,209,100026,209,99981,209,100030,209,99980,309,100038,209,99971,100,100041,100,99961,100,100047,100,99954,100,100078,100,99947,200,100087,100,99944,100,100092,100,99938,200
2019-06-28 09:33:00.000000000,99996,318,99983,318,100022,318,99981,318,100026,100,99980,200,100030,100,99971,100,100038,100,99961,100,100041,100,99954,100,100047,100,99947,200,100078,100,99944,100,100087,100,99938,200,100092,100,99930,100
2019-06-28 09:33:10.000000000,99996,187,99983,187,100022,187,99981,187,100026,187,99980,287,100030,187,99971,187,100038,187,99961,187,100041,100,99954,100,100047,100,99947,200,100078,100,99944,100,100087,100,99938,200,100092,100,99930,100
2019-06-28 09:33:11.810400250,99996,187,99983,187,100022,187,99981,187,100026,187,99980,287,100030,187,99971,187,100038,187,99961,187,100041,100,99954,100,100047,100,99947,200,100087,100,99944,100,100092,100,99938,200,100093,100,99930,100
2019-06-28 09:33:19.906842371,99996,187,99983,87,100022,187,99981,187,100026,187,99980,287,100030,187,99971,187,100038,187,99961,187,100041,100,99954,100,100047,100,99947,200,100087,100,99944,100,100092,100,99938,200,100093,100,99930,100
2019-06-28 09:33:20.000000000,99996,318,99981,318,100022,318,99980,418,100026,100,99971,100,100030,100,99961,100,100038,100,99954,100,100041,100,99947,200,100047,100,99944,100,100087,100,99938,200,100092,100,99930,100,100093,100,99921,100
2019-06-28 09:33:29.467262641,99996,318,99981,218,100022,318,99980,418,100026,100,99971,100,100030,100,99961,100,100038,100,99954,100,100041,100,99947,200,100047,100,99944,100,100087,100,99938,200,100092,100,99930,100,100093,100,99921,100
2019-06-28 09:33:30.000000000,99996,248,99980,348,100022,244,99971,244,100026,244,99961,244,100030,100,99954,100,100038,100,99947,200,100041,100,99944,100,100047,100,99938,200,100087,100,99930,100,100092,100,99921,100,100093,100,99916,100
2019-06-28 09:33:40.000000000,99996,187,99980,287,100022,187,99971,187,100026,187,99961,187,100030,187,99954,187,100038,187,99947,287,100041,100,99944,100,100047,100,99938,200,100087,100,99930,100,100092,100,99921,100,100093,100,99916,100
2019-06-28 09:33:50.000000000,99996,187,99980,287,100022,187,99971,187,100026,187,99961,187,100030,187,99954,187,100038,187,99947,287,100041,100,99944,100,100047,100,99938,200,100087,100,99930,100,100092,100,99921,100,100093,100,99916,100
2019-06-28 09:33:52.827922984,99996,187,99980,287,100022,187,99971,187,100026,187,99961,187,100030,187,99954,187,100038,187,99947,287,100041,100,99944,100,100087,100,99938,200,100092,100,99930,100,100093,100,99921,100,100102,100,99916,100
2019-06-28 09:33:54.357316125,99996,187,99980,287,100022,187,99971,187,100026,187,99961,187,100030,187,99954,187,100038,187,99947,287,100041,100,99944,100,100087,100,99938,200,100092,100,99930,100,100093,100,99921,100,100102,100,99916,100
2019-06-28 09:34:00.000000000,99996,187,99980,287,100022,187,99971,187,100026,187,99961,187,100030,187,99954,187,100038,187,99947,287,100041,100,99944,100,100087,100,99938,200,100092,100,99930,100,100093,100,99921,100,100102,100,99916,100
2019-06-28 09:34:10.000000000,99996,187,99980,287,100022,187,99971,187,100026,187,99961,187,100030,187,99954,187,100038,187,99947,287,100041,100,99944,100,100087,100,99938,200,100092,100,99930,100,100093,100,99921,100,100102,100,99916,100
2019-06-28 09:34:20.000000000,99996,318,99980,418,100022,318,99971,318,100026,100,99961,100,100030,100,99954,100,100038,100,99947,200,100041,100,99944,100,100087,100,99938,200,100092,100,99930,100,100093,100,99921,100,100102,100,99916,100
2019-06-28 09:34:21.693047918,99996,318,99980,418,100022,318,99971,318,100026,100,99954,100,100030,100,99947,200,100038,100,99944,100,100041,100,99938,200,100087,100,99930,100,100092,100,99921,100,100093,100,99916,100,100102,100,99907,100
2019-06-28 09:34:30.000000000,99996,209,99980,309,100022,209,99971,209,100026,209,99954,209,100030,209,99947,309,100038,100,99944,100,100041,100,99938,200,100087,100,99930,100,100092,100,99921,100,100093,100,99916,100,100102,100,99907,100
2019-06-28 09:34:40.000000000,99996,536,99980,636,100022,100,99971,100,100026,100,99954,100,100030,100,99947,200,100038,100,99944,100,100041,100,99938,200,100087,100,99930,100,100092,100,99921,100,100093,100,99916,100,100102,100,99907,100
2019-06-28 09:34:50.000000000,99996,209,99980,309,100022,209,99971,209,100026,209,99954,209,100030,209,99947,309,100038,100,99944,100,100041,100,99938,200,100087,100,99930,100,100092,100,99921,100,100093,100,99916,100,100102,100,99907,100
2019-06-28 09:34:50.662789674,99996,209,99980,309,100022,209,99971,209,100026,209,99954,209,100030,209,99947,309,100038,100,99944,100,100041,100,99938,200,100087,100,99930,100,100092,100,99921,100,100093,100,99916,100,100102,100,99907,100
2019-06-28 09:34:54.272517332,99996,209,99980,209,100022,209,99971,209,100026,209,99954,209,100030,209,99947,309,100038,100,99944,100,100041,100,99938,200,100087,100,99930,100,100092,100,99921,100,100093,100,99916,100,100102,100,99907,100
2019-06-28 09:35:00.000000000,99996,248,99980,248,100022,244,99971,244,100026,244,99954,244,100030,100,99947,200,100038,100,99944,100,100041,100,99938,200,100087,100,99930,100,100092,100,99921,100,100093,100,99916,100,100102,100,99907,100
2019-06-28 09:35:10.000000000,99996,318,99980,318,100022,318,99971,318,100026,100,99954,100,100030,100,99947,200,100038,100,99944,100,100041,100,99938,200,100087,100,99930,100,100092,100,99921,100,100093,100,99916,100,100102,100,99907,100
2019-06-28 09:35:12.725572289,99996,318,99980,318,100022,318,99971,318,100026,100,99954,100,100030,100,99947,200,100038,100,99944,100,100041,100,99938,100,100087,100,99930,100,100092,100,99921,100,100093,100,99916,100,100102,100,99907,100
2019-06-28 09:35:20.000000000,99996,248,99980,248,100022,244,99971,244,100026,244,99954,244,100030,100,99947,200,100038,100,99944,100,100041,100,99938,100,100087,100,99930,100,100092,100,99921,100,100093,100,99916,100,100102,100,99907,100
2019-06-28 09:35:30.000000000,99996,187,99980,187,100022,187,99971,187,100026,187,99954,187,100030,187,99947,287,100038,187,99944,187,100041,100,99938,100,100087,100,99930,100,100092,100,99921,100,100093,100,99916,100,100102,100,99907,100
2019-06-28 09:35:37.803412154,99996,187,99980,187,100022,187,99971,187,100026,187,99954,187,100030,187,99947,287,100038,187,99944,187,100041,100,99938,100,100087,100,99930,100,100092,100,99921,100,100093,100,99916,100,100102,100,99907,100
2019-06-28 09:35:40.000000000,99996,248,99980,248,100022,244,99971,244,100026,244,99954,244,100030,100,99947,200,100038,100,99944,100,100041,100,99938,100,100087,100,99930,100,100092,100,99921,100,100093,100,99916,100,100102,100,99907,100
2019-06-28 09:35:50.000000000,99996,248,99980,248,100022,244,99971,244,100026,244,99954,244,100030,100,99947,200,100038,100,99944,100,100041,100,99938,100,100087,100,99930,100,100092,100,99921,100,100093,100,99916,100,100102,100,99907,100
2019-06-28 09:35:56.994696613,99981,100,99980,248,99996,248,99971,244,100022,244,99954,244,100026,244,99947,200,100030,100,99944,100,100038,100,99938,100,100041,100,99930,100,100087,100,99921,100,100092,100,99916,100,100093,100,99907,100
2019-06-28 09:36:00.000000000,99981,248,99980,248,99996,244,99971,244,100022,244,99954,244,100026,100,99947,200,100030,100,99944,100,100038,100,99938,100,100041,100,99930,100,100087,100,99921,100,100092,100,99916,100,100093,100,99907,100
2019-06-28 09:36:10.000000000,99981,248,99980,248,99996,244,99971,244,100022,244,99954,244,100026,100,99947,200,100030,100,99944,100,100038,100,99938,100,100041,100,99930,100,100087,100,99921,100,100092,100,99916,100,100093,100,99907,100
2019-06-28 09:36:11.716340287,99981,248,99980,148,99996,244,99971,244,100022,244,99954,244,100026,100,99947,200,100030,100,99944,100,100038,100,99938,100,100041,100,99930,100,100087,100,99921,100,100092,100,99916,100,100093,100,99907,100
2019-06-28 09:36:13.661589796,99981,248,99980,48,99996,244,99971,244,100022,244,99954,244,100026,100,99947,200,100030,100,99944,100,100038,100,99938,100,100041,100,99930,100,100087,100,99921,100,100092,100,99916,100,100093,100,99907,100
2019-06-28 09:36:20.000000000,99981,536,99971,536,99996,100,99954,100,100022,100,99947,200,100026,100,99944,100,100030,100,99938,100,100038,100,99930,100,100041,100,99921,100,100087,100,99916,100,100092,100,99907,100,100093,100,99888,100
2019-06-28 09:36:20.110707677,99981,536,99971,436,99996,100,99954,100,100022,100,99947,200,100026,100,99944,100,100030,100,99938,100,100038,100,99930,100,100041,100,99921,100,100087,100,99916,100,100092,100,99907,100,100093,100,99888,100
2019-06-28 09:36:22.641336855,99981,536,99971,436,99996,100,99954,100,100022,100,99947,200,100026,100,99944,100,100030,100,99938,100,100038,100,99930,100,100041,100,99921,100,100092,100,99916,100,100093,100,99907,100,100103,100,99888,100
2019-06-28 09:36:30.000000000,99981,318,99954,318,99996,318,99947,418,100022,100,99944,100,100026,100,99938,100,100030,100,99930,100,100038,100,99921,100,100041,100,99916,100,100092,100,99907,100,100093,100,99888,100,100103,100,99881,100
2019-06-28 09:36:40.000000000,99981,248,99954,248,99996,244,99947,344,100022,244,99944,244,100026,100,99938,100,100030,100,99930,100,100038,100,99921,100,100041,100,99916,100,100092,100,99907,100,100093,100,99888,100,100103,100,99881,100
2019-06-28 09:36:50.000000000,99981,248,99954,248,99996,244,99947,344,100022,244,99944,244,100026,100,99938,100,100030,100,99930,100,100038,100,99921,100,100041,100,99916,100,100092,100,99907,100,100093,100,99888,100,100103,100,99881,100
2019-06-28 09:36:55.312868243,99981,148,99954,248,99996,244,99947,344,100022,244,99944,244,100026,100,99938,100,100030,100,99930,100,100038,100,99921,100,100041,100,99916,100,100092,100,99907,100,100093,100,99888,100,100103,100,99881,100
2019-06-28 09:37:00.000000000,99996,536,99954,536,100022,100,99947,200,100026,100,99944,100,100030,100,99938,100,100038,100,99930,100,100041,100,99921,100,100092,100,99916,100,100093,100,99907,100,100103,100,99888,100,100115,100,99881,100
2019-06-28 09:37:10.000000000,99996,187,99954,187,100022,187,99947,287,100026,187,99944,187,100030,187,99938,187,100038,187,99930,187,100041,100,99921,100,100092,100,99916,100,100093,100,99907,100,100103,100,99888,100,100115,100,99881,100
2019-06-28 09:37:15.658938823,99996,187,99954,87,100022,187,99947,287,100026,187,99944,187,100030,187,99938,187,100038,187,99930,187,100041,100,99921,100,100092,100,99916,100,100093,100,99907,100,100103,100,99888,100,100115,100,99881,100
2019-06-28 09:37:20.000000000,99996,318,99947,418,100022,318,99944,318,100026,100,99938,100,100030,100,99930,100,100038,100,99921,100,100041,100,99916,100,100092,100,99907,100,100093,100,99888,100,100103,100,99881,100,100115,100,99871,100
2019-06-28 09:37:30.000000000,99996,209,99947,309,100022,209,99944,209,100026,209,99938,209,100030,209,99930,209,100038,100,99921,100,100041,100,99916,100,100092,100,99907,100,100093,100,99888,100,100103,100,99881,100,100115,100,99871,100
2019-06-28 09:37:40.000000000,99996,318,99947,418,100022,318,99944,318,100026,100,99938,100,100030,100,99930,100,100038,100,99921,100,100041,100,99916,100,100092,100,99907,100,100093,100,99888,100,100103,100,99881,100,100115,100,99871,100
2019-06-28 09:37:50.000000000,99996,209,99947,309,100022,209,99944,209,100026,209,99938,209,100030,209,99930,209,100038,100,99921,100,100041,100,99916,100,100092,100,99907,100,100093,100,99888,100,100103,100,99881,100,100115,100,99871,100
2019-06-28 09:37:52.831660791,99996,209,99947,309,100022,209,99944,209,100026,209,99938,209,100030,209,99930,209,100038,100,99921,100,100041,100,99916,100,100092,100,99907,100,100093,100,99888,100,100103,100,99881,100,100115,100,99871,100
2019-06-28 09:38:00.000000000,99996,248,99947,348,100022,244,99944,244,100026,244,99938,244,100030,100,99930,100,100038,100,99921,100,100041,100,99916,100,100092,100,99907,100,100093,100,99888,100,100103,100,99881,100,100115,100,99871,100
2019-06-28 09:38:10.000000000,99996,187,99947,287,100022,187,99944,187,100026,187,99938,187,100030,187,99930,187,100038,187,99921,187,100041,100,99916,100,100092,100,99907,100,100093,100,99888,100,100103,100,99881,100,100115,100,99871,100
2019-06-28 09:38:20.000000000,99996,536,99947,636,100022,100,99944,100,100026,100,99938,100,100030,100,99930,100,100038,100,99921,100,100041,100,99916,100,100092,100,99907,100,100093,100,99888,100,100103,100,99881,100,100115,100,99871,100
2019-06-28 09:38:21.982660892,99996,536,99947,536,100022,100,99944,100,100026,100,99938,100,100030,100,99930,100,100038,100,99921,100,100041,100,99916,100,100092,100,99907,100,100093,100,99888,100,100103,100,99881,100,100115,100,99871,100
2019-06-28 09:38:30.000000000,99996,209,99947,209,100022,209,99944,209,100026,209,99938,209,100030,209,99930,209,100038,100,99921,100,100041,100,99916,100,100092,100,99907,100,100093,100,99888,100,100103,100,99881,100,100115,100,99871,100
2019-06-28 09:38:40.000000000,99996,187,99947,187,100022,187,99944,187,100026,187,99938,187,100030,187,99930,187,100038,187,99921,187,100041,100,99916,100,100092,100,99907,100,100093,100,99888,100,100103,100,99881,100,100115,100,99871,100
2019-06-28 09:38:43.023562942,99996,187,99947,187,100022,187,99944,87,100026,187,99938,187,100030,187,99930,187,100038,187,99921,187,100041,100,99916,100,100092,100,99907,100,100093,100,99888,100,100103,100,99881,100,100115,100,99871,100
2019-06-28 09:38:48.218437784,99996,187,99947,187,100022,187,99944,87,100026,187,99938,187,100030,187,99930,187,100038,187,99921,187,100041,100,99916,100,100092,100,99907,100,100093,100,99888,100,100103,100,99881,100,100115,100,99871,100
2019-06-28 09:38:50.000000000,99996,209,99947,209,100022,209,99938,209,100026,209,99930,209,100030,209,99921,209,100038,100,99916,100,100041,100,99907,100,100092,100,99888,100,100093,100,99881,100,100103,100,99871,100,100115,100,99861,100
2019-06-28 09:39:00.000000000,99996,248,99947,248,100022,244,99938,244,100026,244,99930,244,100030,100,99921,100,100038,100,99916,100,100041,100,99907,100,100092,100,99888,100,100093,100,99881,100,100103,100,99871,100,100115,100,99861,100
2019-06-28 09:39:05.971403171,99996,248,99947,248,100022,244,99938,244,100026,244,99930,244,100030,100,99921,100,100038,100,99916,100,100041,100,99907,100,100092,100,99888,100,100093,100,99881,100,100103,100,99871,100,100115,100,99861,100
2019-06-28 09:39:10.000000000,99996,187,99947,187,100022,187,99938,187,100026,187,99930,187,100030,187,99921,187,100038,187,99916,187,100041,100,99907,100,100092,100,99888,100,100093,100,99881,100,100103,100,99871,100,100115,100,99861,100
2019-06-28 09:39:20.000000000,99996,209,99947,209,100022,209,99938,209,100026,209,99930,209,100030,209,99921,209,100038,100,99916,100,100041,100,99907,100,100092,100,99888,100,100093,100,99881,100,100103,100,99871,100,100115,100,99861,100
2019-06-28 09:39:30.000000000,99996,187,99947,187,100022,187,99938,187,100026,187,99930,187,100030,187,99921,187,100038,187,99916,187,100041,100,99907,100,100092,100,99888,100,100093,100,99881,100,100103,100,99871,100,100115,100,99861,100
2019-06-28 09:39:40.000000000,99996,209,99947,209,100022,209,99938,209,100026,209,99930,209,100030,209,99921,209,100038,100,99916,100,100041,100,99907,100,100092,100,99888,100,100093,100,99881,100,100103,100,99871,100,100115,100,99861,100
2019-06-28 09:39:50.000000000,99996,318,99947,318,100022,318,99938,318,100026,100,99930,100,100030,100,99921,100,100038,100,99916,100,100041,100,99907,100,100092,100,99888,100,100093,100,99881,100,100103,100,99871,100,100115,100,99861,100
2019-06-28 09:40:00.000000000,99996,536,99947,536,100022,100,99938,100,100026,100,99930,100,100030,100,99921,100,100038,100,99916,100,100041,100,99907,100,100092,100,99888,100,100093,100,99881,100,100103,100,99871,100,100115,100,99861,100
2019-06-28 09:40:10.000000000,99996,187,99947,187,100022,187,99938,187,100026,187,99930,187,100030,187,99921,187,100038,187,99916,187,100041,100,99907,100,100092,100,99888,100,100093,100,99881,100,100103,100,99871,100,100115,100,99861,100
2019-06-28 09:40:20.000000000,99996,248,99947,248,100022,244,99938,244,100026,244,99930,244,100030,100,99921,100,100038,100,99916,100,100041,100,99907,100,100092,100,99888,100,100093,100,99881,100,100103,100,99871,100,100115,100,99861,100
2019-06-28 09:40:30.000000000,99996,318,99947,318,100022,318,99938,318,100026,100,99930,100,100030,100,99921,100,100038,100,99916,100,100041,100,99907,100,100092,100,99888,100,100093,100,99881,100,100103,100,99871,100,100115,100,99861,100
2019-06-28 09:40:30.051397201,99996,318,99947,218,100022,318,99938,318,100026,100,99930,100,100030,100,99921,100,100038,100,99916,100,100041,100,99907,100,100092,100,99888,100,100093,100,99881,100,100115,100,99871,100,100129,100,99861,100
2019-06-28 09:40:30.780037972,99996,318,99947,118,100022,318,99938,318,100026,100,99930,100,100030,100,99921,100,100038,100,99916,100,100041,100,99907,100,100092,100,99888,100,100093,100,99881,100,100115,100,99871,100,100129,100,99861,100
2019-06-28 09:40:36.759303715,99996,318,99947,118,100022,318,99938,318,100026,100,99930,100,100030,100,99921,100,100038,100,99916,100,100041,100,99907,100,100092,100,99888,100,100093,100,99881,100,100115,100,99871,100,100129,100,99861,100
2019-06-28 09:40:40.000000000,99996,536,99938,536,100022,100,99930,100,100026,100,99921,100,100030,100,99916,100,100038,100,99907,100,100041,100,99888,100,100092,100,99881,100,100093,100,99871,100,100115,100,99861,100,100129,100,99837,100
2019-06-28 09:40:50.000000000,99996,209,99938,209,100022,209,99930,209,100026,209,99921,209,100030,209,99916,209,100038,100,99907,100,100041,100,99888,100,100092,100,99881,100,100093,100,99871,100,100115,100,99861,100,100129,100,99837,100
2019-06-28 09:41:00.000000000,99996,187,99938,187,100022,187,99930,187,100026,187,99921,187,100030,187,99916,187,100038,187,99907,187,100041,100,99888,100,100092,100,99881,100,100093,100,99871,100,100115,100,99861,100,100129,100,99837,100
2019-06-28 09:41:10.000000000,99996,536,99938,536,100022,100,99930,100,100026,100,99921,100,100030,100,99916,100,100038,100,99907,100,100041,100,99888,100,100092,100,99881,100,100093,100,99871,100,100115,100,99861,100,100129,100,99837,100
2019-06-28 09:41:12.769936739,99996,536,99938,436,100022,100,99930,100,100026,100,99921,100,100030,100,99916,100,100038,100,99907,100,100041,100,99888,100,100092,100,99881,100,100093,100,99871,100,100115,100,99861,100,100129,100,99837,100
2019-06-28 09:41:18.491050539,99996,536,99938,436,100022,100,99930,100,100026,100,99921,100,100030,100,99916,100,100038,100,99907,100,100041,100,99888,100,100092,100,99881,100,100093,100,99871,100,100115,100,99861,100,100129,100,99837,100
2019-06-28 09:41:20.000000000,99996,318,99930,318,100022,318,99921,318,100026,100,99916,100,100030,100,99907,100,100038,100,99888,100,100041,100,99881,100,100092,100,99871,100,100093,100,99861,100,100115,100,99837,100,100129,100,99573,100
2019-06-28 09:41:30.000000000,99996,318,99930,318,100022,318,99921,318,100026,100,99916,100,100030,100,99907,100,100038,100,99888,100,100041,100,99881,100,100092,100,99871,100,100093,100,99861,100,100115,100,99837,100,100129,100,99573,100
2019-06-28 09:41:34.280561191,99996,318,99930,318,100022,318,99921,318,100030,100,99916,100,100038,100,99907,100,100041,100,99888,100,100092,100,99881,100,100093,100,99871,100,100115,100,99861,100,100129,100,99837,100,100130,100,99573,100
2019-06-28 09:41:35.197806899,99996,318,99930,218,100022,318,99921,318,100030,100,99916,100,100038,100,99907,100,100041,100,99888,100,100092,100,99881,100,100093,100,99871,100,100115,100,99861,100,100129,100,99837,100,100130,100,99573,100
2019-06-28 09:41:40.000000000,99996,187,99921,187,100022,187,99916,187,100030,187,99907,187,100038,187,99888,187,100041,187,99881,187,100092,100,99871,100,100093,100,99861,100,100115,100,99837,100,100129,100,99573,100,100130,100,99495,100
2019-06-28 09:41:40.168129443,99996,187,99921,187,100022,187,99916,187,100030,187,99907,187,100038,187,99888,187,100041,187,99881,187,100092,100,99871,100,100093,100,99861,100,100115,100,99837,100,100129,100,99573,100,100130,100,99495,100
2019-06-28 09:41:47.147028222,99996,187,99921,87,100022,187,99916,187,100030,187,99907,187,100038,187,99888,187,100041,187,99881,187,100092,100,99871,100,100093,100,99861,100,100115,100,99837,100,100129,100,99573,100,100130,100,99495,100
2019-06-28 09:41:50.000000000,99996,318,99916,318,100022,318,99907,318,100030,100,99888,100,100038,100,99881,100,100041,100,99871,100,100092,100,99861,100,100093,100,99837,100,100115,100,99573,100,100129,100,99495,100,100130,100,99450,100
2019-06-28 09:42:00.000000000,99996,187,99916,187,100022,187,99907,187,100030,187,99888,187,100038,187,99881,187,100041,187,99871,187,100092,100,99861,100,100093,100,99837,100,100115,100,99573,100,100129,100,99495,100,100130,100,99450,100
2019-06-28 09:42:08.093008259,99996,187,99916,87,100022,187,99907,187,100030,187,99888,187,100038,187,99881,187,100041,187,99871,187,100092,100,99861,100,100093,100,99837,100,100115,100,99573,100,100129,100,99495,100,100130,100,99450,100
2019-06-28 09:42:10.000000000,99996,187,99907,187,100022,187,99888,187,100030,187,99881,187,100038,187,99871,187,100041,187,99861,187,100092,100,99837,100,100093,100,99573,100,100115,100,99495,100,100129,100,99450,100,100130,100,99387,200
2019-06-28 09:42:20.000000000,99996,536,99907,536,100022,100,99888,100,100030,100,99881,100,100038,100,99871,100,100041,100,99861,100,100092,100,99837,100,100093,100,99573,100,100115,100,99495,100,100129,100,99450,100,100130,100,99387,200
2019-06-28 09:42:30.000000000,99996,248,99907,248,100022,244,99888,244,100030,244,99881,244,100038,100,99871,100,100041,100,99861,100,100092,100,99837,100,100093,100,99573,100,100115,100,99495,100,100129,100,99450,100,100130,100,99387,200
2019-06-28 09:42:40.000000000,99996,209,99907,209,100022,209,99888,209,100030,209,99881,209,100038,209,99871,209,100041,100,99861,100,100092,100,99837,100,100093,100,99573,100,100115,100,99495,100,100129,100,99450,100,100130,100,99387,200
2019-06-28 09:42:44.119714658,99996,209,99907,209,100022,209,99888,209,100030,209,99881,209,100038,209,99871,209,100041,100,99861,100,100092,100,99837,100,100093,100,99601,100,100115,100,99573,100,100129,100,99495,100,100130,100,99450,100
2019-06-28 09:42:49.873665374,99996,209,99907,209,100022,109,99888,209,100030,209,99881,209,100038,209,99871,209,100041,100,99861,100,100092,100,99837,100,100093,100,99601,100,100115,100,99573,100,100129,100,99517,100,100130,100,99495,100
2019-06-28 09:42:50.000000000,99996,318,99907,318,100030,318,99888,318,100038,100,99881,100,100041,100,99871,100,100092,100,99861,100,100093,100,99837,100,100115,100,99601,100,100129,100,99573,100,100130,100,99517,100,100214,100,99495,100
2019-06-28 09:42:54.282122411,99996,318,99907,318,100030,318,99888,318,100038,100,99881,100,100041,100,99871,100,100092,100,99861,100,100093,100,99837,100,100115,100,99601,100,100129,100,99573,100,100130,100,99517,100,100214,100,99495,100
2019-06-28 09:43:00.000000000,99996,318,99907,318,100030,318,99888,318,100038,100,99881,100,100041,100,99871,100,100092,100,99861,100,100093,100,99837,100,100115,100,99601,100,100129,100,99573,100,100130,100,99517,100,100214,100,99495,100
2019-06-28 09:43:04.182964461,99996,318,99907,318,100030,318,99888,318,100038,100,99881,100,100041,100,99871,100,100092,100,99861,100,100093,100,99837,100,100115,100,99601,100,100129,100,99573,100,100130,100,99520,100,100214,100,99495,100
2019-06-28 09:43:04.438974213,99921,100,99907,318,99996,318,99888,318,100030,318,99881,100,100038,100,99871,100,100041,100,99861,100,100092,100,99837,100,100093,100,99601,100,100115,100,99573,100,100129,100,99520,100,100130,100,99495,100
2019-06-28 09:43:10.000000000,99921,248,99907,248,99996,244,99888,244,100030,244,99881,244,100038,100,99871,100,100041,100,99861,100,100092,100,99837,100,100093,100,99601,100,100115,100,99573,100,100129,100,99520,100,100130,100,99495,100
2019-06-28 09:43:20.000000000,99921,318,99907,318,99996,318,99888,318,100030,100,99881,100,100038,100,99871,100,100041,100,99861,100,100092,100,99837,100,100093,100,99601,100,100115,100,99573,100,100129,100,99520,100,100130,100,99495,100
2019-06-28 09:43:30.000000000,99921,248,99907,248,99996,244,99888,244,100030,244,99881,244,100038,100,99871,100,100041,100,99861,100,100092,100,99837,100,100093,100,99601,100,100115,100,99573,100,100129,100,99520,100,100130,100,99495,100
2019-06-28 09:43:35.599350865,99921,248,99907,248,99996,244,99888,244,100030,244,99881,244,100038,100,99871,100,100041,100,99861,100,100092,100,99837,100,100093,100,99601,100,100115,100,99573,100,100129,100,99555,100,100130,100,99520,100
2019-06-28 09:43:40.000000000,99921,536,99907,536,99996,100,99888,100,100030,100,99881,100,100038,100,99871,100,100041,100,99861,100,100092,100,99837,100,100093,100,99601,100,100115,100,99573,100,100129,100,99555,100,100130,100,99520,100
2019-06-28 09:43:45.926868506,99921,536,99907,436,99996,100,99888,100,100030,100,99881,100,100038,100,99871,100,100041,100,99861,100,100092,100,99837,100,100093,100,99601,100,100115,100,99573,100,100129,100,99555,100,100130,100,99520,100
2019-06-28 09:43:47.411108007,99921,536,99907,436,99996,100,99888,100,100030,100,99881,100,100041,100,99871,100,100092,100,99861,100,100093,100,99837,100,100115,100,99754,100,100129,100,99601,100,100130,100,99573,100,100214,100,99555,100
2019-06-28 09:43:50.000000000,99921,248,99888,248,99996,244,99881,244,100030,244,99871,244,100041,100,99861,100,100092,100,99837,100,100093,100,99754,100,100115,100,99601,100,100129,100,99573,100,100130,100,99555,100,100214,100,99520,100
2019-06-28 09:44:00.000000000,99921,187,99888,187,99996,187,99881,187,100030,187,99871,187,100041,187,99861,187,100092,187,99837,187,100093,100,99754,100,100115,100,99601,100,100129,100,99573,100,100130,100,99555,100,100214,100,99520,100
2019-06-28 09:44:10.000000000,99921,187,99888,187,99996,187,99881,187,100030,187,99871,187,100041,187,99861,187,100092,187,99837,187,100093,100,99754,100,100115,100,99601,100,100129,100,99573,100,100130,100,99555,100,100214,100,99520,100
2019-06-28 09:44:20.000000000,99921,536,99888,536,99996,100,99881,100,100030,100,99871,100,100041,100,99861,100,100092,100,99837,100,100093,100,99754,100,100115,100,99601,100,100129,100,99573,100,100130,100,99555,100,100214,100,99520,100
2019-06-28 09:44:30.000000000,99921,248,99888,248,99996,244,99881,244,100030,244,99871,244,100041,100,99861,100,100092,100,99837,100,100093,100,99754,100,100115,100,99601,100,100129,100,99573,100,100130,100,99555,100,100214,100,99520,100
2019-06-28 09:44:36.716891200,99921,248,99888,248,99996,244,99881,244,100030,244,99871,244,100041,100,99861,100,100092,100,99837,100,100093,100,99754,100,100115,100,99601,100,100129,100,99573,100,100130,100,99555,100,100214,100,99520,100
2019-06-28 09:44:37.341852160,99921,248,99888,248,99996,244,99881,244,100030,244,99871,244,100041,100,99861,100,100092,100,99837,100,100093,100,99754,100,100115,100,99601,100,100129,100,99573,100,100130,100,99555,100,100214,100,99520,100
2019-06-28 09:44:40.000000000,99921,248,99888,248,99996,244,99881,244,100030,244,99871,244,100041,100,99861,100,100092,100,99837,100,100093,100,99754,100,100115,100,99601,100,100129,100,99573,100,100130,100,99555,100,100214,100,99520,100
2019-06-28 09:44:50.000000000,99921,187,99888,187,99996,187,99881,187,100030,187,99871,187,100041,187,99861,187,100092,187,99837,187,100093,100,99754,100,100115,100,99601,100,100129,100,99573,100,100130,100,99555,100,100214,100,99520,100
2019-06-28 09:44:54.670499919,99921,187,99917,100,99996,187,99888,187,100030,187,99881,187,100041,187,99871,187,100092,187,99861,187,100093,100,99837,187,100115,100,99754,100,100129,100,99601,100,100130,100,99573,100,100214,100,99555,100
2019-06-28 09:44:59.109018443,99921,187,99917,200,99996,187,99888,187,100030,187,99881,187,100041,187,99871,187,100092,187,99861,187,100093,100,99837,187,100115,100,99754,100,100129,100,99601,100,100130,100,99573,100,100214,100,99555,100
2019-06-28 09:45:00.000000000,99921,187,99917,287,99996,187,99888,187,100030,187,99881,187,100041,187,99871,187,100092,187,99861,187,100093,100,99837,100,100115,100,99754,100,100129,100,99601,100,100130,100,99573,100,100214,100,99555,100
2019-06-28 09:45:10.000000000,99921,209,99917,309,99996,209,99888,209,100030,209,99881,209,100041,209,99871,209,100092,100,99861,100,100093,100,99837,100,100115,100,99754,100,100129,100,99601,100,100130,100,99573,100,100214,100,99555,100
2019-06-28 09:45:16.960355294,99921,109,99917,309,99996,209,99888,209,100030,209,99881,209,100041,209,99871,209,100092,100,99861,100,100093,100,99837,100,100115,100,99754,100,100129,100,99601,100,100130,100,99573,100,100214,100,99555,100
2019-06-28 09:45:20.000000000,99996,318,99917,418,100030,318,99888,318,100041,100,99881,100,100092,100,99871,100,100093,100,99861,100,100115,100,99837,100,100129,100,99754,100,100130,100,99601,100,100214,100,99573,100,100467,100,99555,100
2019-06-28 09:45:30.000000000,99996,536,99917,636,100030,100,99888,100,100041,100,99881,100,100092,100,99871,100,100093,100,99861,100,100115,100,99837,100,100129,100,99754,100,100130,100,99601,100,100214,100,99573,100,100467,100,99555,100
2019-06-28 09:45:40.000000000,99996,209,99917,309,100030,209,99888,209,100041,209,99881,209,100092,209,99871,209,100093,100,99861,100,100115,100,99837,100,100129,100,99754,100,100130,100,99601,100,100214,100,99573,100,100467,100,99555,100
2019-06-28 09:45:50.000000000,99996,318,99917,418,100030,318,99888,318,100041,100,99881,100,100092,100,99871,100,100093,100,99861,100,100115,100,99837,100,100129,100,99754,100,100130,100,99601,100,100214,100,99573,100,100467,100,99555,100
2019-06-28 09:46:00.000000000,99996,318,99917,418,100030,318,99888,318,100041,100,99881,100,100092,100,99871,100,100093,100,99861,100,100115,100,99837,100,100129,100,99754,100,100130,100,99601,100,100214,100,99573,100,100467,100,99555,100
2019-06-28 09:46:02.599834859,99996,218,99917,418,100030,318,99888,318,100041,100,99881,100,100092,100,99871,100,100093,100,99861,100,100115,100,99837,100,100129,100,99754,100,100130,100,99601,100,100214,100,99573,100,100467,100,99555,100
2019-06-28 09:46:03.496172243,99996,118,99917,418,100030,318,99888,318,100041,100,99881,100,100092,100,99871,100,100093,100,99861,100,100115,100,99837,100,100129,100,99754,100,100130,100,99601,100,100214,100,99573,100,100467,100,99555,100
2019-06-28 09:46:10.000000000,100030,187,99917,287,100041,187,99888,187,100092,187,99881,187,100093,187,99871,187,100115,187,99861,187,100129,100,99837,100,100130,100,99754,100,100214,100,99601,100,100467,100,99573,100,100480,100,99555,100
2019-06-28 09:46:20.000000000,100030,209,99917,309,100041,209,99888,209,100092,209,99881,209,100093,209,99871,209,100115,100,99861,100,100129,100,99837,100,100130,100,99754,100,100214,100,99601,100,100467,100,99573,100,100480,100,99555,100
2019-06-28 09:46:26.676507711,100030,209,99917,209,100041,209,99888,209,100092,209,99881,209,100093,209,99871,209,100115,100,99861,100,100129,100,99837,100,100130,100,99754,100,100214,100,99601,100,100467,100,99573,100,100480,100,99555,100
2019-06-28 09:46:30.000000000,100030,209,99917,209,100041,209,99888,209,100092,209,99881,209,100093,209,99871,209,100115,100,99861,100,100129,100,99837,100,100130,100,99754,100,100214,100,99601,100,100467,100,99573,100,100480,100,99555,100
2019-06-28 09:46:40.000000000,100030,536,99917,536,100041,100,99888,100,100092,100,99881,100,100093,100,99871,100,100115,100,99861,100,100129,100,99837,100,100130,100,99754,100,100214,100,99601,100,100467,100,99573,100,100480,100,99555,100
2019-06-28 09:46:49.691221467,100030,436,99917,536,100041,100,99888,100,100092,100,99881,100,100093,100,99871,100,100115,100,99861,100,100129,100,99837,100,100130,100,99754,100,100214,100,99601,100,100467,100,99573,100,100480,100,99555,100
2019-06-28 09:46:50.000000000,100041,536,99917,536,100092,100,99888,100,100093,100,99881,100,100115,100,99871,100,100129,100,99861,100,100130,100,99837,100,100214,100,99754,100,100467,100,99601,100,100480,100,99573,100,,,99555,100
2019-06-28 09:46:54.314254701,100041,436,99917,536,100092,100,99888,100,100093,100,99881,100,100115,100,99871,100,100129,100,99861,100,100130,100,99837,100,100214,100,99754,100,100467,100,99601,100,100480,100,99573,100,,,99555,100
2019-06-28 09:47:00.000000000,100092,248,99917,248,100093,244,99888,244,100115,244,99881,244,100129,100,99871,100,100130,100,99861,100,100214,100,99837,100,100467,100,99754,100,100480,100,99601,100,,,99573,100,,,99555,100
2019-06-28 09:47:10.000000000,100092,318,99917,318,100093,318,99888,318,100115,100,99881,100,100129,100,99871,100,100130,100,99861,100,100214,100,99837,100,100467,100,99754,100,100480,100,99601,100,,,99573,100,,,99555,100
2019-06-28 09:47:20.000000000,100092,187,99917,187,100093,187,99888,187,100115,187,99881,187,100129,187,99871,187,100130,187,99861,187,100214,100,99837,100,100467,100,99754,100,100480,100,99601,100,,,99573,100,,,99555,100
2019-06-28 09:47:30.000000000,100092,187,99917,187,100093,187,99888,187,100115,187,99881,187,100129,187,99871,187,100130,187,99861,187,100214,100,99837,100,100467,100,99754,100,100480,100,99601,100,,,99573,100,,,99555,100
2019-06-28 09:47:33.610008154,100092,87,99917,187,100093,187,99888,187,100115,187,99881,187,100129,187,99871,187,100130,187,99861,187,100214,100,99837,100,100467,100,99754,100,100480,100,99601,100,,,99573,100,,,99555,100
2019-06-28 09:47:40.000000000,100093,248,99917,248,100115,244,99888,244,100129,244,99881,244,100130,100,99871,100,100214,100,99861,100,100467,100,99837,100,100480,100,99754,100,,,99601,100,,,99573,100,,,99555,100
2019-06-28 09:47:50.000000000,100093,248,99917,248,100115,244,99888,244,100129,244,99881,244,100130,100,99871,100,100214,100,99861,100,100467,100,99837,100,100480,100,99754,100,,,99601,100,,,99573,100,,,99555,100
2019-06-28 09:48:00.000000000,100093,209,99917,209,100115,209,99888,209,100129,209,99881,209,100130,209,99871,209,100214,100,99861,100,100467,100,99837,100,100480,100,99754,100,,,99601,100,,,99573,100,,,99555,100
2019-06-28 09:48:03.359578136,100093,209,99917,209,100115,209,99888,209,100129,209,99881,209,100130,209,99871,209,100214,100,99861,100,100467,100,99837,100,100480,100,99754,100,101272,100,99601,100,,,99573,100,,,99555,100
2019-06-28 09:48:04.126792023,100093,109,99917,209,100115,209,99888,209,100129,209,99881,209,100130,209,99871,209,100214,100,99861,100,100467,100,99837,100,100480,100,99754,100,101272,100,99601,100,,,99573,100,,,99555,100
2019-06-28 09:48:10.000000000,100115,209,99917,209,100129,209,99888,209,100130,209,99881,209,100214,209,99871,209,100467,100,99861,100,100480,100,99837,100,101272,100,99754,100,,,99601,100,,,99573,100,,,99555,100
2019-06-28 09:48:20.000000000,100115,209,99917,209,100129,209,99888,209,100130,209,99881,209,100214,209,99871,209,100467,100,99861,100,100480,100,99837,100,101272,100,99754,100,,,99601,100,,,99573,100,,,99555,100
2019-06-28 09:48:25.174456478,100115,109,99917,209,100129,209,99888,209,100130,209,99881,209,100214,209,99871,209,100467,100,99861,100,101272,100,99837,100,,,99754,100,,,99601,100,,,99573,100,,,99555,100
2019-06-28 09:48:29.747282008,100115,9,99917,209,100129,209,99888,209,100130,209,99881,209,100214,209,99871,209,100467,100,99861,100,101272,100,99837,100,,,99754,100,,,99601,100,,,99573,100,,,99555,100
2019-06-28 09:48:30.000000000,100129,318,99917,318,100130,318,99888,318,100214,100,99881,100,100467,100,99871,100,101272,100,99861,100,,,99837,100,,,99754,100,,,99601,100,,,99573,100,,,99555,100
2019-06-28 09:48:37.885125234,100129,318,99917,318,100130,318,99888,318,100214,100,99881,100,100467,100,99871,100,101272,100,99861,100,101299,100,99837,100,,,99754,100,,,99601,100,,,99573,100,,,99555,100
2019-06-28 09:48:40.000000000,100129,209,99917,209,100130,209,99888,209,100214,209,99881,209,100467,209,99871,209,101272,100,99861,100,101299,100,99837,100,,,99754,100,,,99601,100,,,99573,100,,,99555,100
2019-06-28 09:48:44.303261512,100129,209,99917,209,100130,209,99888,209,100214,209,99881,209,100467,209,99871,209,101272,100,99861,100,101299,100,99837,100,101396,100,99754,100,,,99601,100,,,99573,100,,,99555,100
2019-06-28 09:48:48.672782916,100129,109,99917,209,100130,209,99888,209,100214,209,99881,209,100467,209,99871,209,101272,100,99861,100,101299,100,99837,100,101396,100,99754,100,,,99601,100,,,99573,100,,,99555,100
2019-06-28 09:48:50.000000000,100130,248,99917,248,100214,244,99888,244,100467,244,99881,244,101272,100,99871,100,101299,100,99861,100,101396,100,99837,100,,,99754,100,,,99601,100,,,99573,100,,,99555,100
2019-06-28 09:49:00.000000000,100130,248,99917,248,100214,244,99888,244,100467,244,99881,244,101272,100,99871,100,101299,100,99861,100,101396,100,99837,100,,,99754,100,,,99601,100,,,99573,100,,,99555,100
2019-06-28 09:49:10.000000000,100130,536,99917,536,100214,100,99888,100,100467,100,99881,100,101272,100,99871,100,101299,100,99861,100,101396,100,99837,100,,,99754,100,,,99601,100,,,99573,100,,,99555,100
2019-06-28 09:49:20.000000000,100130,536,99917,536,100214,100,99888,100,100467,100,99881,100,101272,100,99871,100,101299,100,99861,100,101396,100,99837,100,,,99754,100,,,99601,100,,,99573,100,,,99555,100
2019-06-28 09:49:30.000000000,100130,318,99917,318,100214,318,99888,318,100467,100,99881,100,101272,100,99871,100,101299,100,99861,100,101396,100,99837,100,,,99754,100,,,99601,100,,,99573,100,,,99555,100
2019-06-28 09:49:37.614157414,100130,318,99917,318,100214,318,99888,318,100466,100,99881,100,100467,100,99871,100,101272,100,99861,100,101299,100,99837,100,101396,100,99601,100,,,99573,100,,,99555,100,,,99520,100
2019-06-28 09:49:40.000000000,100130,318,99917,318,100214,318,99888,318,100466,100,99881,100,100467,100,99871,100,101272,100,99861,100,101299,100,99837,100,101396,100,99601,100,,,99573,100,,,99555,100,,,99520,100
2019-06-28 09:49:42.000019177,100130,318,99917,218,100214,318,99888,318,100466,100,99881,100,100467,100,99871,100,101272,100,99861,100,101299,100,99837,100,101396,100,99601,100,,,99573,100,,,99555,100,,,99520,100
2019-06-28 09:49:48.720992735,100130,318,99917,218,100214,318,99888,318,100430,100,99881,100,100466,100,99871,100,100467,100,99861,100,101272,100,99837,100,101299,100,99601,100,101396,100,99573,100,,,99555,100,,,99520,100
2019-06-28 09:49:50.000000000,100130,209,99888,209,100214,209,99881,209,100430,209,99871,209,100466,209,99861,209,100467,100,99837,100,101272,100,99601,100,101299,100,99573,100,101396,100,99555,100,,,99520,100,,,99495,100
2019-06-28 09:49:56.689781704,100130,109,99888,209,100214,209,99881,209,100430,209,99871,209,100466,209,99861,209,100467,100,99837,100,101272,100,99601,100,101299,100,99573,100,101396,100,99555,100,,,99520,100,,,99495,100
2019-06-28 09:50:00.000000000,100214,209,99888,209,100430,209,99881,209,100466,209,99871,209,100467,209,99861,209,101272,100,99837,100,101299,100,99601,100,101396,100,99573,100,,,99555,100,,,99520,100,,,99495,100
2019-06-28 09:50:10.000000000,100214,209,99888,209,100430,209,99881,209,100466,209,99871,209,100467,209,99861,209,101272,100,99837,100,101299,100,99601,100,101396,100,99573,100,,,99555,100,,,99520,100,,,99495,100
2019-06-28 09:50:20.000000000,100214,318,99888,318,100430,318,99881,318,100466,100,99871,100,100467,100,99861,100,101272,100,99837,100,101299,100,99601,100,101396,100,99573,100,,,99555,100,,,99520,100,,,99495,100
2019-06-28 09:50:30.000000000,100214,318,99888,318,100430,318,99881,318,100466,100,99871,100,100467,100,99861,100,101272,100,99837,100,101299,100,99601,100,101396,100,99573,100,,,99555,100,,,99520,100,,,99495,100
2019-06-28 09:50:40.000000000,100214,318,99888,318,100430,318,99881,318,100466,100,99871,100,100467,100,99861,100,101272,100,99837,100,101299,100,99601,100,101396,100,99573,100,,,99555,100,,,99520,100,,,99495,100
2019-06-28 09:50:40.543585259,100214,318,99888,218,100430,318,99881,318,100466,100,99871,100,100467,100,99861,100,101272,100,99837,100,101299,100,99601,100,101396,100,99573,100,,,99555,100,,,99520,100,,,99495,100
2019-06-28 09:50:45.927875732,100129,100,99888,218,100214,318,99881,318,100430,318,99871,100,100466,100,99861,100,100467,100,99837,100,101272,100,99601,100,101299,100,99573,100,101396,100,99555,100,,,99520,100,,,99495,100
2019-06-28 09:50:48.631873880,100129,200,99888,218,100214,318,99881,318,100430,318,99871,100,100466,100,99861,100,100467,100,99837,100,101272,100,99601,100,101299,100,99573,100,101396,100,99555,100,,,99520,100,,,99495,100
2019-06-28 09:50:50.000000000,100129,636,99881,536,100214,100,99871,100,100430,100,99861,100,100466,100,99837,100,100467,100,99601,100,101272,100,99573,100,101299,100,99555,100,101396,100,99520,100,,,99495,100,,,99450,100
2019-06-28 09:51:00.000000000,100129,348,99881,248,100214,244,99871,244,100430,244,99861,244,100466,100,99837,100,100467,100,99601,100,101272,100,99573,100,101299,100,99555,100,101396,100,99520,100,,,99495,100,,,99450,100
2019-06-28 09:51:10.000000000,100129,287,99881,187,100214,187,99871,187,100430,187,99861,187,100466,187,99837,187,100467,187,99601,187,101272,100,99573,100,101299,100,99555,100,101396,100,99520,100,,,99495,100,,,99450,100
2019-06-28 09:51:16.867910390,100129,287,99881,87,100214,187,99871,187,100430,187,99861,187,100466,187,99837,187,100467,187,99601,187,101272,100,99573,100,101299,100,99555,100,101396,100,99520,100,,,99495,100,,,99450,100
2019-06-28 09:51:20.000000000,100129,348,99871,248,100214,244,99861,244,100430,244,99837,244,100466,100,99601,100,100467,100,99573,100,101272,100,99555,100,101299,100,99520,100,101396,100,99495,100,,,99450,100,,,99387,100
2019-06-28 09:51:27.179195699,100129,348,99871,148,100214,244,99861,244,100430,244,99837,244,100467,100,99601,100,101272,100,99573,100,101299,100,99555,100,101396,100,99520,100,,,99495,100,,,99450,100,,,99387,100
2019-06-28 09:51:30.000000000,100129,636,99861,536,100214,100,99837,100,100430,100,99601,100,100467,100,99573,100,101272,100,99555,100,101299,100,99520,100,101396,100,99495,100,,,99450,100,,,99387,100,,,98188,100
2019-06-28 09:51:32.981238367,100129,636,99861,536,100214,100,99837,100,100430,100,99601,100,100467,100,99573,100,101272,100,99555,100,101299,100,99520,100,101396,100,99495,100,,,99450,100,,,99387,100,,,99028,100
2019-06-28 09:51:40.000000000,100129,418,99861,318,100214,318,99837,318,100430,100,99601,100,100467,100,99573,100,101272,100,99555,100,101299,100,99520,100,101396,100,99495,100,,,99450,100,,,99387,100,,,99028,100
2019-06-28 09:51:50.000000000,100129,636,99861,536,100214,100,99837,100,100430,100,99601,100,100467,100,99573,100,101272,100,99555,100,101299,100,99520,100,101396,100,99495,100,,,99450,100,,,99387,100,,,99028,100
2019-06-28 09:51:50.384789852,100129,636,99861,536,100214,100,99837,100,100430,100,99601,100,100467,100,99573,100,101272,100,99555,100,101299,100,99520,100,101396,100,99495,100,,,99450,100,,,99387,100,,,99097,100
2019-06-28 09:51:50.629013750,100129,636,99861,536,100214,100,99837,100,100430,100,99601,100,100467,100,99573,100,101272,100,99555,100,101299,100,99520,100,101396,100,99495,100,,,99450,100,,,99387,100,,,99097,100
2019-06-28 09:52:00.000000000,100129,287,99861,187,100214,187,99837,187,100430,187,99601,187,100467,187,99573,187,101272,187,99555,187,101299,100,99520,100,101396,100,99495,100,,,99450,100,,,99387,100,,,99097,100
2019-06-28 09:52:09.949083862,100129,287,99861,87,100214,187,99837,187,100430,187,99601,187,100467,187,99573,187,101272,187,99555,187,101299,100,99520,100,101396,100,99495,100,,,99450,100,,,99387,100,,,99097,100
2019-06-28 09:52:10.000000000,100129,309,99837,209,100214,209,99601,209,100430,209,99573,209,100467,209,99555,209,101272,100,99520,100,101299,100,99495,100,101396,100,99450,100,,,99387,100,,,99097,100,,,99028,100
2019-06-28 09:52:20.000000000,100129,636,99837,536,100214,100,99601,100,100430,100,99573,100,100467,100,99555,100,101272,100,99520,100,101299,100,99495,100,101396,100,99450,100,,,99387,100,,,99097,100,,,99028,100
2019-06-28 09:52:26.879157972,100129,636,99837,536,100214,100,99601,100,100430,100,99573,100,100467,100,99555,100,101272,100,99520,100,101299,100,99495,100,101396,100,99450,100,,,99387,100,,,99234,100,,,99097,100
2019-06-28 09:52:30.000000000,100129,309,99837,209,100214,209,99601,209,100430,209,99573,209,100467,209,99555,209,101272,100,99520,100,101299,100,99495,100,101396,100,99450,100,,,99387,100,,,99234,100,,,99097,100
2019-06-28 09:52:33.759825086,100129,309,99837,109,100214,209,99601,209,100430,209,99573,209,100467,209,99555,209,101272,100,99520,100,101299,100,99495,100,101396,100,99450,100,,,99387,100,,,99234,100,,,99097,100
2019-06-28 09:52:36.104330884,100129,309,99837,109,100214,209,99601,209,100430,209,99573,209,100467,209,99555,209,101272,100,99520,100,101299,100,99495,100,101396,100,99450,100,,,99387,100,,,99368,100,,,99234,100
2019-06-28 09:52:40.000000000,100129,418,99601,318,100214,318,99573,318,100430,100,99555,100,100467,100,99520,100,101272,100,99495,100,101299,100,99450,100,101396,100,99387,100,,,99368,100,,,99234,100,,,99097,100
2019-06-28 09:52:50.000000000,100129,309,99601,209,100214,209,99573,209,100430,209,99555,209,100467,209,99520,209,101272,100,99495,100,101299,100,99450,100,101396,100,99387,100,,,99368,100,,,99234,100,,,99097,100
2019-06-28 09:53:00.000000000,100129,636,99601,536,100214,100,99573,100,100430,100,99555,100,100467,100,99520,100,101272,100,99495,100,101299,100,99450,100,101396,100,99387,100,,,99368,100,,,99234,100,,,99097,100
2019-06-28 09:53:10.000000000,100129,309,99601,209,100214,209,99573,209,100430,209,99555,209,100467,209,99520,209,101272,100,99495,100,101299,100,99450,100,101396,100,99387,100,,,99368,100,,,99234,100,,,99097,100
2019-06-28 09:53:20.000000000,100129,418,99601,318,100214,318,99573,318,100430,100,99555,100,100467,100,99520,100,101272,100,99495,100,101299,100,99450,100,101396,100,99387,100,,,99368,100,,,99234,100,,,99097,100
2019-06-28 09:53:30.000000000,100129,348,99601,248,100214,244,99573,244,100430,244,99555,244,100467,100,99520,100,101272,100,99495,100,101299,100,99450,100,101396,100,99387,100,,,99368,100,,,99234,100,,,99097,100
2019-06-28 09:53:40.000000000,100129,287,99601,187,100214,187,99573,187,100430,187,99555,187,100467,187,99520,187,101272,187,99495,187,101299,100,99450,100,101396,100,99387,100,,,99368,100,,,99234,100,,,99097,100
2019-06-28 09:53:50.000000000,100129,287,99601,187,100214,187,99573,187,100430,187,99555,187,100467,187,99520,187,101272,187,99495,187,101299,100,99450,100,101396,100,99387,100,,,99368,100,,,99234,100,,,99097,100
2019-06-28 09:53:56.628994974,99861,100,99601,187,100129,287,99573,187,100214,187,99555,187,100430,187,99520,187,100467,187,99495,187,101272,187,99450,100,101299,100,99387,100,101396,100,99368,100,,,99234,100,,,99097,100
2019-06-28 09:54:00.000000000,99861,318,99601,318,100129,418,99573,318,100214,100,99555,100,100430,100,99520,100,100467,100,99495,100,101272,100,99450,100,101299,100,99387,100,101396,100,99368,100,,,99234,100,,,99097,100
2019-06-28 09:54:03.967857893,99752,100,99601,318,99861,318,99573,318,100129,418,99555,100,100214,100,99520,100,100430,100,99495,100,100467,100,99450,100,101272,100,99387,100,101299,100,99368,100,101396,100,99234,100,,,99097,100
2019-06-28 09:54:10.000000000,99752,209,99601,209,99861,209,99573,209,100129,309,99555,209,100214,209,99520,209,100430,100,99495,100,100467,100,99450,100,101272,100,99387,100,101299,100,99368,100,101396,100,99234,100,,,99097,100
2019-06-28 09:54:17.860313599,99752,209,99640,100,99861,209,99601,109,100129,309,99573,209,100214,209,99555,209,100430,100,99520,209,100467,100,99495,100,101272,100,99450,100,101299,100,99387,100,101396,100,99368,100,,,99234,100
2019-06-28 09:54:20.000000000,99752,318,99640,318,99861,318,99573,318,100129,200,99555,100,100214,100,99520,100,100430,100,99495,100,100467,100,99450,100,101272,100,99387,100,101299,100,99368,100,101396,100,99234,100,,,99097,100
2019-06-28 09:54:30.000000000,99752,248,99640,248,99861,244,99573,244,100129,344,99555,244,100214,100,99520,100,100430,100,99495,100,100467,100,99450,100,101272,100,99387,100,101299,100,99368,100,101396,100,99234,100,,,99097,100
2019-06-28 09:54:40.000000000,99752,248,99640,248,99861,244,99573,244,100129,344,99555,244,100214,100,99520,100,100430,100,99495,100,100467,100,99450,100,101272,100,99387,100,101299,100,99368,100,101396,100,99234,100,,,99097,100
2019-06-28 09:54:45.198463454,99752,248,99640,148,99861,244,99573,244,100129,344,99555,144,100214,100,99520,100,100430,100,99495,100,100467,100,99450,100,101272,100,99387,100,101299,100,99368,100,101396,100,99234,100,,,99097,100
2019-06-28 09:54:50.000000000,99752,536,99573,536,99861,100,99520,100,100129,200,99495,100,100214,100,99450,100,100430,100,99387,100,100467,100,99368,100,101272,100,99234,100,101299,100,99097,100,101396,100,99028,100,,,98974,100
2019-06-28 09:54:53.610947277,99752,536,99573,436,99861,100,99520,100,100129,200,99495,100,100214,100,99450,100,100430,100,99387,100,100467,100,99368,100,101272,100,99234,100,101299,100,99097,100,101396,100,99028,100,,,98974,100
2019-06-28 09:55:00.000000000,99752,536,99520,536,99861,100,99495,100,100129,200,99450,100,100214,100,99387,100,100430,100,99368,100,100467,100,99234,100,101272,100,99097,100,101299,100,99028,100,101396,100,98974,100,,,,
2019-06-28 09:55:01.346289833,99752,536,99520,536,99861,100,99495,100,100129,200,99450,100,100214,100,99368,100,100430,100,99234,100,100467,100,99097,100,101272,100,99047,100,101299,100,99028,100,101396,100,98974,100,,,,
2019-06-28 09:55:10.000000000,99752,536,99520,536,99861,100,99495,100,100129,200,99450,100,100214,100,99368,100,100430,100,99234,100,100467,100,99097,100,101272,100,99047,100,101299,100,99028,100,101396,100,98974,100,,,,
2019-06-28 09:55:20.000000000,99752,209,99520,209,99861,209,99495,209,100129,309,99450,209,100214,209,99368,209,100430,100,99234,100,100467,100,99097,100,101272,100,99047,100,101299,100,99028,100,101396,100,98974,100,,,,
2019-06-28 09:55:30.000000000,99752,318,99520,318,99861,318,99495,318,100129,200,99450,100,100214,100,99368,100,100430,100,99234,100,100467,100,99097,100,101272,100,99047,100,101299,100,99028,100,101396,100,98974,100,,,,
2019-06-28 09:55:34.200459729,99640,100,99520,318,99752,318,99495,318,99861,318,99450,100,100129,200,99368,100,100214,100,99234,100,100430,100,99097,100,100467,100,99047,100,101272,100,99028,100,101299,100,98974,100,101396,100,,
2019-06-28 09:55:40.000000000,99640,248,99520,248,99752,244,99495,244,99861,244,99450,244,100129,200,99368,100,100214,100,99234,100,100430,100,99097,100,100467,100,99047,100,101272,100,99028,100,101299,100,98974,100,101396,100,,
2019-06-28 09:55:50.000000000,99640,536,99520,536,99752,100,99495,100,99861,100,99450,100,100129,200,99368,100,100214,100,99234,100,100430,100,99097,100,100467,100,99047,100,101272,100,99028,100,101299,100,98974,100,101396,100,,
2019-06-28 09:56:00.000000000,99640,187,99520,187,99752,187,99495,187,99861,187,99450,187,100129,287,99368,187,100214,187,99234,187,100430,100,99097,100,100467,100,99047,100,101272,100,99028,100,101299,100,98974,100,101396,100,,
2019-06-28 09:56:10.000000000,99640,248,99520,248,99752,244,99495,244,99861,244,99450,244,100129,200,99368,100,100214,100,99234,100,100430,100,99097,100,100467,100,99047,100,101272,100,99028,100,101299,100,98974,100,101396,100,,
2019-06-28 09:56:16.289325195,99640,248,99520,148,99752,244,99495,244,99861,244,99450,244,100129,200,99368,100,100214,100,99234,100,100430,100,99047,100,100467,100,99028,100,101272,100,98974,100,101299,100,,,101396,100,,
2019-06-28 09:56:20.000000000,99640,536,99495,536,99752,100,99450,100,99861,100,99368,100,100129,200,99234,100,100214,100,99047,100,100430,100,99028,100,100467,100,98974,100,101272,100,,,101299,100,,,101396,100,,
2019-06-28 09:56:29.208899751,99573,100,99495,536,99640,536,99450,100,99752,100,99368,100,99861,100,99234,100,100129,200,99047,100,100214,100,99028,100,100430,100,98974,100,100467,100,,,101272,100,,,101299,100,,
2019-06-28 09:56:30.000000000,99573,536,99495,536,99640,100,99450,100,99752,100,99368,100,99861,100,99234,100,100129,200,99047,100,100214,100,99028,100,100430,100,98974,100,100467,100,,,101272,100,,,101299,100,,
2019-06-28 09:56:40.000000000,99573,187,99495,187,99640,187,99450,187,99752,187,99368,187,99861,187,99234,187,100129,287,99047,187,100214,100,99028,100,100430,100,98974,100,100467,100,,,101272,100,,,101299,100,,
2019-06-28 09:56:42.804546218,99573,287,99495,187,99640,187,99450,187,99752,187,99368,187,99861,187,99234,187,100129,287,99047,187,100214,100,99028,100,100430,100,98974,100,100467,100,,,101272,100,,,101299,100,,
2019-06-28 09:56:50.000000000,99573,309,99495,209,99640,209,99450,209,99752,209,99368,209,99861,209,99234,209,100129,200,99047,100,100214,100,99028,100,100430,100,98974,100,100467,100,,,101272,100,,,101299,100,,
2019-06-28 09:57:00.000000000,99573,348,99495,248,99640,244,99450,244,99752,244,99368,244,99861,100,99234,100,100129,200,99047,100,100214,100,99028,100,100430,100,98974,100,100467,100,,,101272,100,,,101299,100,,
2019-06-28 09:57:07.874671763,99573,348,99495,148,99640,244,99450,244,99752,244,99368,244,99861,100,99234,100,100129,200,99047,100,100214,100,99028,100,100430,100,,,100467,100,,,101272,100,,,101299,100,,
2019-06-28 09:57:10.000000000,99573,418,99450,318,99640,318,99368,318,99752,100,99234,100,99861,100,99047,100,100129,200,99028,100,100214,100,,,100430,100,,,100467,100,,,101272,100,,,101299,100,,
2019-06-28 09:57:20.000000000,99573,348,99450,248,99640,244,99368,244,99752,244,99234,244,99861,100,99047,100,100129,200,99028,100,100214,100,,,100430,100,,,100467,100,,,101272,100,,,101299,100,,
2019-06-28 09:57:30.000000000,99573,287,99450,187,99640,187,99368,187,99752,187,99234,187,99861,187,99047,187,100129,287,99028,187,100214,100,,,100430,100,,,100467,100,,,101272,100,,,101299,100,,
2019-06-28 09:57:40.000000000,99573,309,99450,209,99640,209,99368,209,99752,209,99234,209,99861,209,99047,209,100129,200,99028,100,100214,100,,,100430,100,,,100467,100,,,101272,100,,,101299,100,,
2019-06-28 09:57:50.000000000,99573,287,99450,187,99640,187,99368,187,99752,187,99234,187,99861,187,99047,187,100129,287,99028,187,100214,100,,,100430,100,,,100467,100,,,101272,100,,,101299,100,,
2019-06-28 09:57:56.746396862,99573,287,99450,187,99640,187,99368,187,99752,187,99234,187,99861,187,99153,100,100129,287,99047,87,100214,100,99028,187,100430,100,,,100467,100,,,101272,100,,,101299,100,,
2019-06-28 09:57:59.113099257,99573,287,99532,100,99640,187,99450,87,99752,187,99368,187,99861,187,99234,187,100129,287,99153,100,100214,100,99047,87,100430,100,99028,187,100467,100,,,101272,100,,,101299,100,,
2019-06-28 09:58:00.000000000,99573,636,99532,536,99640,100,99368,100,99752,100,99234,100,99861,100,99153,100,100129,200,99028,100,100214,100,,,100430,100,,,100467,100,,,101272,100,,,101299,100,,
2019-06-28 09:58:10.000000000,99573,309,99532,209,99640,209,99368,209,99752,209,99234,209,99861,209,99153,209,100129,200,99028,100,100214,100,,,100430,100,,,100467,100,,,101272,100,,,101299,100,,
2019-06-28 09:58:20.000000000,99573,348,99532,248,99640,244,99368,244,99752,244,99234,244,99861,100,99153,100,100129,200,99028,100,100214,100,,,100430,100,,,100467,100,,,101272,100,,,101299,100,,
2019-06-28 09:58:30.000000000,99573,636,99532,536,99640,100,99368,100,99752,100,99234,100,99861,100,99153,100,100129,200,99028,100,100214,100,,,100430,100,,,100467,100,,,101272,100,,,101299,100,,
2019-06-28 09:58:40.000000000,99573,309,99532,209,99640,209,99368,209,99752,209,99234,209,99861,209,99153,209,100129,200,99028,100,100214,100,,,100430,100,,,100467,100,,,101272,100,,,101299,100,,
2019-06-28 09:58:50.000000000,99573,418,99532,318,99640,318,99368,318,99752,100,99234,100,99861,100,99153,100,100129,200,99028,100,100214,100,,,100430,100,,,100467,100,,,101272,100,,,101299,100,,
2019-06-28 09:59:00.000000000,99573,636,99532,536,99640,100,99368,100,99752,100,99234,100,99861,100,99153,100,100129,200,99028,100,100214,100,,,100430,100,,,100467,100,,,101272,100,,,101299,100,,
2019-06-28 09:59:10.000000000,99573,348,99532,248,99640,244,99368,244,99752,244,99234,244,99861,100,99153,100,100129,200,99028,100,100214,100,,,100430,100,,,100467,100,,,101272,100,,,101299,100,,
2019-06-28 09:59:11.885536757,99573,348,99532,248,99640,244,99368,244,99752,244,99234,244,99861,100,99153,100,100129,200,99028,100,100214,100,,,100314,100,,,100430,100,,,100467,100,,,101272,100,,
2019-06-28 09:59:20.000000000,99573,636,99532,536,99640,100,99368,100,99752,100,99234,100,99861,100,99153,100,100129,200,99028,100,100214,100,,,100314,100,,,100430,100,,,100467,100,,,101272,100,,
2019-06-28 09:59:20.798663393,99573,536,99532,536,99640,100,99368,100,99752,100,99234,100,99861,100,99153,100,100129,200,99028,100,100214,100,,,100314,100,,,100430,100,,,100467,100,,,101272,100,,
2019-06-28 09:59:23.660328483,99573,536,99532,536,99640,100,99368,100,99752,100,99234,100,99861,100,99153,100,100075,100,99028,100,100129,200,,,100214,100,,,100314,100,,,100430,100,,,100467,100,,
2019-06-28 09:59:26.267292308,99573,536,99532,536,99640,100,99368,100,99752,100,99234,100,99861,100,99153,100,100049,100,99028,100,100075,100,,,100129,200,,,100214,100,,,100314,100,,,100430,100,,
2019-06-28 09:59:30.000000000,99573,318,99532,318,99640,318,99368,318,99752,100,99234,100,99861,100,99153,100,100049,100,99028,100,100075,100,,,100129,200,,,100214,100,,,100314,100,,,100430,100,,
2019-06-28 09:59:30.818343781,99573,218,99532,318,99640,318,99368,318,99752,100,99234,100,99861,100,99153,100,100049,100,99028,100,100075,100,,,100129,200,,,100214,100,,,100430,100,,,100467,100,,
2019-06-28 09:59:40.000000000,99640,209,99532,209,99752,209,99368,209,99861,209,99234,209,100049,209,99153,209,100075,100,99028,100,100129,200,,,100214,100,,,100430,100,,,100467,100,,,101272,100,,
2019-06-28 09:59:43.165877029,99640,209,99573,100,99752,209,99532,209,99861,209,99368,209,100049,209,99234,209,100075,100,99153,209,100129,200,99028,100,100214,100,,,100430,100,,,100467,100,,,101272,100,,
2019-06-28 09:59:44.021794391,99640,209,99573,200,99752,209,99532,209,99861,109,99368,209,100049,209,99234,209,100075,100,99153,209,100129,200,99028,100,100214,100,,,100430,100,,,100467,100,,,101272,100,,
2019-06-28 09:59:44.726562325,99640,209,99573,200,99752,209,99532,209,99861,109,99368,209,100049,209,99234,209,100075,100,99153,209,100129,200,99028,100,100182,100,,,100214,100,,,100430,100,,,100467,100,,
2019-06-28 09:59:50.000000000,99640,248,99573,348,99752,244,99532,244,100049,244,99368,244,100075,100,99234,100,100129,200,99153,100,100182,100,99028,100,100214,100,,,100430,100,,,100467,100,,,101272,100,,
2019-06-28 09:59:50.751638701,99640,148,99573,348,99752,244,99532,244,100049,244,99368,244,100075,100,99234,100,100129,200,99153,100,100182,100,99028,100,100214,100,,,100430,100,,,100467,100,,,101272,100,,
2019-06-28 10:00:00.000000000,99752,318,99573,418,100049,318,99532,318,100075,100,99368,100,100129,200,99234,100,100182,100,99153,100,100214,100,99028,100,100430,100,,,100467,100,,,101272,100,,,,,,
2019-06-28 10:00:05.783341290,99752,318,99573,418,100049,318,99532,318,100067,100,99368,100,100075,100,99234,100,100129,200,99153,100,100182,100,99028,100,100214,100,,,100430,100,,,100467,100,,,101272,100,,
2019-06-28 10:00:10.000000000,99752,318,99573,418,100049,318,99532,318,100067,100,99368,100,100075,100,99234,100,100129,200,99153,100,100182,100,99028,100,100214,100,,,100430,100,,,100467,100,,,101272,100,,
2019-06-28 10:00:13.563281586,99752,318,99573,418,100049,318,99532,318,100067,100,99368,100,100075,100,99234,100,100129,200,99153,100,100182,100,99028,100,100214,100,,,100413,100,,,100430,100,,,100467,100,,
2019-06-28 10:00:20.000000000,99752,187,99573,287,100049,187,99532,187,100067,187,99368,187,100075,187,99234,187,100129,287,99153,187,100182,100,99028,100,100214,100,,,100413,100,,,100430,100,,,100467,100,,
2019-06-28 10:00:30.000000000,99752,536,99573,636,100049,100,99532,100,100067,100,99368,100,100075,100,99234,100,100129,200,99153,100,100182,100,99028,100,100214,100,,,100413,100,,,100430,100,,,100467,100,,
2019-06-28 10:00:39.446210781,99752,436,99573,636,100049,100,99532,100,100067,100,99368,100,100075,100,99234,100,100129,200,99153,100,100182,100,99028,100,100214,100,,,100413,100,,,100430,100,,,100467,100,,
2019-06-28 10:00:40.000000000,100049,187,99573,287,100067,187,99532,187,100075,187,99368,187,100129,287,99234,187,100182,187,99153,187,100214,100,99028,100,100413,100,,,100430,100,,,100467,100,,,101272,100,,
2019-06-28 10:00:50.000000000,100049,536,99573,636,100067,100,99532,100,100075,100,99368,100,100129,200,99234,100,100182,100,99153,100,100214,100,99028,100,100413,100,,,100430,100,,,100467,100,,,101272,100,,
2019-06-28 10:00:52.818248769,100049,536,99640,100,100067,100,99573,636,100075,100,99532,100,100129,200,99368,100,100182,100,99234,100,100214,100,99153,100,100413,100,99028,100,100430,100,,,100467,100,,,101272,100,,
2019-06-28 10:00:53.807356842,100049,436,99640,100,100067,100,99573,636,100075,100,99532,100,100129,200,99368,100,100182,100,99153,100,100214,100,99028,100,100413,100,,,100430,100,,,100467,100,,,101272,100,,
2019-06-28 10:00:54.393801980,100049,336,99640,100,100067,100,99573,636,100075,100,99532,100,100129,200,99368,100,100182,100,99153,100,100214,100,99028,100,100413,100,,,100430,100,,,100467,100,,,101272,100,,
2019-06-28 10:00:57.616318022,100049,236,99640,100,100067,100,99573,636,100075,100,99532,100,100129,200,99368,100,100182,100,99153,100,100214,100,99028,100,100413,100,,,100430,100,,,100467,100,,,101272,100,,
2019-06-28 10:00:58.182263793,100049,236,99640,100,100067,100,99573,636,100075,100,99532,100,100129,200,99368,100,100182,100,99153,100,100214,100,99028,100,100413,100,,,100430,100,,,100467,100,,,101272,100,,
2019-06-28 10:01:00.000000000,100067,248,99640,248,100075,244,99573,344,100129,344,99532,244,100182,100,99368,100,100214,100,99153,100,100413,100,99028,100,100430,100,,,100467,100,,,101272,100,,,101348,100,,
2019-06-28 10:01:09.308772838,100067,148,99640,248,100075,244,99573,344,100129,344,99532,244,100214,100,99368,100,100413,100,99153,100,100430,100,99028,100,100467,100,,,101272,100,,,101348,100,,,,,,
2019-06-28 10:01:10.000000000,100075,318,99640,318,100129,418,99573,418,100214,100,99532,100,100413,100,99368,100,100430,100,99153,100,100467,100,99028,100,101272,100,,,101348,100,,,,,,,,,,
2019-06-28 10:01:19.261864918,100075,218,99640,318,100129,418,99573,418,100214,100,99532,100,100413,100,99368,100,100430,100,99153,100,100467,100,99028,100,101272,100,,,101348,100,,,,,,,,,,
2019-06-28 10:01:20.000000000,100129,348,99640,248,100214,244,99573,344,100413,244,99532,244,100430,100,99368,100,100467,100,99153,100,101272,100,99028,100,101348,100,,,,,,,,,,,,,,
2019-06-28 10:01:30.000000000,100129,348,99640,248,100214,244,99573,344,100413,244,99532,244,100430,100,99368,100,100467,100,99153,100,101272,100,99028,100,101348,100,,,,,,,,,,,,,,
2019-06-28 10:01:34.758168890,100129,248,99640,248,100214,244,99573,344,100413,244,99532,244,100430,100,99368,100,100467,100,99153,100,101272,100,99028,100,101348,100,,,,,,,,,,,,,,
2019-06-28 10:01:38.637085461,100129,248,99640,248,100214,244,99573,344,100413,244,99532,244,100430,100,99368,100,100467,100,99153,100,101055,100,99028,100,101272,100,,,101348,100,,,,,,,,,,
2019-06-28 10:01:40.000000000,100129,209,99640,209,100214,209,99573,309,100413,209,99532,209,100430,209,99368,209,100467,100,99153,100,101055,100,99028,100,101272,100,,,101348,100,,,,,,,,,,
2019-06-28 10:01:50.000000000,100129,248,99640,248,100214,244,99573,344,100413,244,99532,244,100430,100,99368,100,100467,100,99153,100,101055,100,99028,100,101272,100,,,101348,100,,,,,,,,,,
2019-06-28 10:02:00.000000000,100129,536,99640,536,100214,100,99573,200,100413,100,99532,100,100430,100,99368,100,100467,100,99153,100,101055,100,99028,100,101272,100,,,101348,100,,,,,,,,,,
2019-06-28 10:02:04.149153195,100129,536,99640,536,100214,100,99573,200,100413,100,99532,100,100430,100,99368,100,100467,100,99153,100,101055,100,99028,100,101272,100,,,101348,100,,,101467,100,,,,,,
2019-06-28 10:02:10.000000000,100129,318,99640,318,100214,318,99573,418,100413,100,99532,100,100430,100,99368,100,100467,100,99153,100,101055,100,99028,100,101272,100,,,101348,100,,,101467,100,,,,,,
2019-06-28 10:02:18.145950469,100129,318,99640,318,100214,318,99573,418,100430,100,99532,100,100467,100,99368,100,101055,100,99153,100,101094,100,99028,100,101272,100,,,101348,100,,,101467,100,,,,,,
2019-06-28 10:02:20.000000000,100129,318,99640,318,100214,318,99573,418,100430,100,99532,100,100467,100,99368,100,101055,100,99153,100,101094,100,99028,100,101272,100,,,101348,100,,,101467,100,,,,,,
2019-06-28 10:02:22.026867125,100129,318,100075,100,100214,318,99640,318,100430,100,99573,418,100467,100,99532,100,101055,100,99368,100,101094,100,99153,100,101272,100,99028,100,101348,100,,,101467,100,,,,,,
2019-06-28 10:02:30.000000000,100129,248,100075,248,100214,244,99640,244,100430,244,99573,344,100467,100,99532,100,101055,100,99368,100,101094,100,99153,100,101272,100,99028,100,101348,100,,,101467,100,,,,,,
2019-06-28 10:02:40.000000000,100129,536,100075,536,100214,100,99640,100,100430,100,99573,200,100467,100,99532,100,101055,100,99368,100,101094,100,99153,100,101272,100,99028,100,101348,100,,,101467,100,,,,,,
2019-06-28 10:02:43.640000523,100129,436,100075,536,100214,100,99640,100,100430,100,99573,200,100467,100,99532,100,101055,100,99368,100,101094,100,99153,100,101272,100,99028,100,101348,100,,,101467,100,,,,,,
2019-06-28 10:02:50.000000000,100214,318,100075,318,100430,318,99640,318,100467,100,99573,200,101055,100,99532,100,101094,100,99368,100,101272,100,99153,100,101348,100,99028,100,101467,100,,,,,,,,,,
2019-06-28 10:02:51.879440679,100214,318,100075,318,100430,318,99640,318,100467,100,99573,200,101055,100,99532,100,101094,100,99368,100,101158,100,99153,100,101272,100,99028,100,101348,100,,,101467,100,,,,,,
2019-06-28 10:02:59.415990791,100214,318,100129,100,100430,318,100075,318,100467,100,99640,318,101055,100,99573,200,101094,100,99532,100,101158,100,99368,100,101272,100,99153,100,101348,100,99028,100,101467,100,,,,,,
2019-06-28 10:02:59.489114489,100214,318,100129,200,100430,318,100075,318,100467,100,99640,318,101055,100,99573,200,101094,100,99532,100,101158,100,99368,100,101272,100,99153,100,101348,100,99028,100,101467,100,,,,,,
2019-06-28 10:03:00.000000000,100214,536,100129,636,100430,100,100075,100,100467,100,99640,100,101055,100,99573,200,101094,100,99532,100,101158,100,99368,100,101272,100,99153,100,101348,100,99028,100,101467,100,,,,,,
2019-06-28 10:03:10.000000000,100214,318,100129,418,100430,318,100075,318,100467,100,99640,100,101055,100,99573,200,101094,100,99532,100,101158,100,99368,100,101272,100,99153,100,101348,100,99028,100,101467,100,,,,,,
2019-06-28 10:03:20.000000000,100214,248,100129,348,100430,244,100075,244,100467,244,99640,244,101055,100,99573,200,101094,100,99532,100,101158,100,99368,100,101272,100,99153,100,101348,100,99028,100,101467,100,,,,,,
2019-06-28 10:03:30.000000000,100214,248,100129,348,100430,244,100075,244,100467,244,99640,244,101055,100,99573,200,101094,100,99532,100,101158,100,99368,100,101272,100,99153,100,101348,100,99028,100,101467,100,,,,,,
2019-06-28 10:03:40.000000000,100214,248,100129,348,100430,244,100075,244,100467,244,99640,244,101055,100,99573,200,101094,100,99532,100,101158,100,99368,100,101272,100,99153,100,101348,100,99028,100,101467,100,,,,,,
2019-06-28 10:03:45.204318712,100214,148,100129,348,100430,244,100075,244,100467,244,99640,244,101055,100,99573,200,101094,100,99532,100,101158,100,99368,100,101272,100,99153,100,101348,100,99028,100,101467,100,,,,,,
2019-06-28 10:03:50.000000000,100430,536,100129,636,100467,100,100075,100,101055,100,99640,100,101094,100,99573,200,101158,100,99532,100,101272,100,99368,100,101348,100,99153,100,101467,100,99028,100,,,,,,,,
2019-06-28 10:03:56.005031455,100430,536,100129,636,100467,100,100075,100,101055,100,99640,100,101094,100,99573,200,101158,100,99532,100,101272,100,99368,100,101348,100,99153,100,101437,100,99028,100,101467,100,,,,,,
2019-06-28 10:04:00.000000000,100430,209,100129,309,100467,209,100075,209,101055,209,99640,209,101094,209,99573,309,101158,100,99532,100,101272,100,99368,100,101348,100,99153,100,101437,100,99028,100,101467,100,,,,,,
2019-06-28 10:04:00.294685859,100430,209,100130,100,100467,209,100129,309,101055,209,100075,209,101094,209,99640,209,101158,100,99573,309,101272,100,99532,100,101348,100,99368,100,101437,100,99153,100,101467,100,99028,100,,,,
2019-06-28 10:04:08.634802102,100430,209,100130,200,100467,209,100129,309,101055,209,100075,209,101094,209,99640,209,101158,100,99573,309,101272,100,99532,100,101348,100,99368,100,101437,100,99153,100,101467,100,99028,100,,,,
2019-06-28 10:04:10.000000000,100430,209,100130,309,100467,209,100129,309,101055,209,100075,209,101094,209,99640,209,101158,100,99573,200,101272,100,99532,100,101348,100,99368,100,101437,100,99153,100,101467,100,99028,100,,,,
2019-06-28 10:04:14.023167535,100430,209,100130,209,100467,209,100129,309,101055,209,100075,209,101094,209,99640,209,101158,100,99573,200,101272,100,99532,100,101348,100,99368,100,101437,100,99153,100,101467,100,99028,100,,,,
2019-06-28 10:04:20.000000000,100430,209,100130,209,100467,209,100129,309,101055,209,100075,209,101094,209,99640,209,101158,100,99573,200,101272,100,99532,100,101348,100,99368,100,101437,100,99153,100,101467,100,99028,100,,,,
2019-06-28 10:04:21.557633378,100430,209,100130,209,100467,209,100129,309,101055,209,100075,209,101094,209,99640,209,101158,100,99573,200,101230,100,99532,100,101272,100,99368,100,101348,100,99153,100,101437,100,99028,100,101467,100,,
2019-06-28 10:04:28.033036140,100430,209,100130,309,100467,209,100129,309,101055,209,100075,209,101094,209,99640,209,101158,100,99573,100,101230,100,99532,100,101272,100,99368,100,101348,100,99153,100,101437,100,99028,100,101467,100,,
2019-06-28 10:04:30.000000000,100430,318,100130,418,100467,318,100129,418,101055,100,100075,100,101094,100,99640,100,101158,100,99573,100,101230,100,99532,100,101272,100,99368,100,101348,100,99153,100,101437,100,99028,100,101467,100,,
2019-06-28 10:04:36.026081777,100430,318,100130,418,100467,318,100129,418,101055,100,100075,100,101094,100,99640,100,101158,100,99573,100,101230,100,99532,100,101263,100,99368,100,101272,100,99153,100,101348,100,99028,100,101437,100,,
2019-06-28 10:04:40.000000000,100430,209,100130,309,100467,209,100129,309,101055,209,100075,209,101094,209,99640,209,101158,100,99573,100,101230,100,99532,100,101263,100,99368,100,101272,100,99153,100,101348,100,99028,100,101437,100,,
2019-06-28 10:04:42.263003142,100430,209,100130,409,100467,209,100129,309,101055,209,100075,209,101094,209,99640,209,101158,100,99573,100,101230,100,99532,100,101263,100,99368,100,101272,100,99153,100,101348,100,99028,100,101437,100,,
2019-06-28 10:04:47.383193421,100430,109,100130,409,100467,209,100129,309,101055,209,100075,209,101094,209,99640,209,101158,100,99573,100,101230,100,99532,100,101263,100,99368,100,101348,100,99153,100,101437,100,99028,100,101467,100,,
2019-06-28 10:04:50.000000000,100467,209,100130,409,101055,209,100129,309,101094,209,100075,209,101158,209,99640,209,101230,100,99573,100,101263,100,99532,100,101348,100,99368,100,101437,100,99153,100,101467,100,99028,100,,,,
2019-06-28 10:05:00.000000000,100467,187,100130,387,101055,187,100129,287,101094,187,100075,187,101158,187,99640,187,101230,187,99573,187,101263,100,99532,100,101348,100,99368,100,101437,100,99153,100,101467,100,99028,100,,,,
2019-06-28 10:05:04.923843179,100467,87,100130,387,101055,187,100129,287,101094,187,100075,187,101158,187,99640,187,101230,187,99573,187,101263,100,99532,100,101348,100,99368,100,101437,100,99153,100,,,99028,100,,,,
2019-06-28 10:05:10.000000000,101055,248,100130,448,101094,244,100129,344,101158,244,100075,244,101230,100,99640,100,101263,100,99573,100,101348,100,99532,100,101437,100,99368,100,,,99153,100,,,99028,100,,,,
2019-06-28 10:05:10.122033805,101055,248,100130,448,101094,244,100129,344,101158,244,100075,244,101230,100,99640,100,101263,100,99573,100,101285,100,99532,100,101348,100,99368,100,101437,100,99153,100,,,99028,100,,,,
2019-06-28 10:05:18.954358981,101055,248,100430,100,101094,244,100130,448,101158,244,100129,344,101230,100,100075,244,101263,100,99640,100,101285,100,99573,100,101348,100,99532,100,101437,100,99368,100,,,99153,100,,,99028,100
2019-06-28 10:05:20.000000000,101055,536,100430,536,101094,100,100130,300,101158,100,100129,200,101230,100,100075,100,101263,100,99640,100,101285,100,99573,100,101348,100,99532,100,101437,100,99368,100,,,99153,100,,,99028,100
2019-06-28 10:05:30.000000000,101055,248,100430,248,101094,244,100130,444,101158,244,100129,344,101230,100,100075,100,101263,100,99640,100,101285,100,99573,100,101348,100,99532,100,101437,100,99368,100,,,99153,100,,,99028,100
2019-06-28 10:05:31.624008339,101040,100,100430,248,101055,248,100130,444,101094,244,100129,344,101158,244,100075,100,101230,100,99640,100,101263,100,99573,100,101285,100,99532,100,101348,100,99368,100,101437,100,99153,100,,,99028,100
2019-06-28 10:05:40.000000000,101040,536,100430,536,101055,100,100130,300,101094,100,100129,200,101158,100,100075,100,101230,100,99640,100,101263,100,99573,100,101285,100,99532,100,101348,100,99368,100,101437,100,99153,100,,,99028,100
2019-06-28 10:05:44.637247666,101040,536,100754,100,101055,100,100430,536,101094,100,100130,300,101158,100,100129,200,101230,100,100075,100,101263,100,99640,100,101285,100,99573,100,101348,100,99532,100,101437,100,99368,100,,,99153,100
2019-06-28 10:05:50.000000000,101040,318,100754,318,101055,318,100430,318,101094,100,100130,300,101158,100,100129,200,101230,100,100075,100,101263,100,99640,100,101285,100,99573,100,101348,100,99532,100,101437,100,99368,100,,,99153,100
2019-06-28 10:06:00.000000000,101040,209,100754,209,101055,209,100430,209,101094,209,100130,409,101158,209,100129,309,101230,100,100075,100,101263,100,99640,100,101285,100,99573,100,101348,100,99532,100,101437,100,99368,100,,,99153,100
2019-06-28 10:06:10.000000000,101040,536,100754,536,101055,100,100430,100,101094,100,100130,300,101158,100,100129,200,101230,100,100075,100,101263,100,99640,100,101285,100,99573,100,101348,100,99532,100,101437,100,99368,100,,,99153,100
2019-06-28 10:06:15.168042860,101040,436,100754,536,101055,100,100430,100,101094,100,100130,300,101158,100,100129,200,101230,100,100075,100,101263,100,99640,100,101285,100,99573,100,101348,100,99532,100,101437,100,99368,100,,,99153,100
2019-06-28 10:06:20.000000000,101055,248,100754,248,101094,244,100430,244,101158,244,100130,444,101230,100,100129,200,101263,100,100075,100,101285,100,99640,100,101348,100,99573,100,101437,100,99532,100,,,99368,100,,,99153,100
2019-06-28 10:06:30.000000000,101055,187,100754,187,101094,187,100430,187,101158,187,100130,387,101230,187,100129,287,101263,187,100075,187,101285,100,99640,100,101348,100,99573,100,101437,100,99532,100,,,99368,100,,,99153,100
2019-06-28 10:06:40.000000000,101055,536,100754,536,101094,100,100430,100,101158,100,100130,300,101230,100,100129,200,101263,100,100075,100,101285,100,99640,100,101348,100,99573,100,101437,100,99532,100,,,99368,100,,,99153,100
2019-06-28 10:06:50.000000000,101055,187,100754,187,101094,187,100430,187,101158,187,100130,387,101230,187,100129,287,101263,187,100075,187,101285,100,99640,100,101348,100,99573,100,101437,100,99532,100,,,99368,100,,,99153,100
2019-06-28 10:07:00.000000000,101055,248,100754,248,101094,244,100430,244,101158,244,100130,444,101230,100,100129,200,101263,100,100075,100,101285,100,99640,100,101348,100,99573,100,101437,100,99532,100,,,99368,100,,,99153,100
2019-06-28 10:07:04.688558110,101055,248,100754,148,101094,244,100430,244,101158,244,100130,444,101230,100,100129,200,101263,100,100075,100,101285,100,99640,100,101348,100,99573,100,101437,100,99532,100,,,99368,100,,,99153,100
2019-06-28 10:07:08.099383931,101055,248,100754,48,101094,244,100430,244,101158,244,100130,444,101230,100,100129,200,101263,100,100075,100,101285,100,99640,100,101348,100,99573,100,101437,100,99532,100,,,99368,100,,,99153,100
2019-06-28 10:07:10.000000000,101055,187,100430,187,101094,187,100130,387,101158,187,100129,287,101230,187,100075,187,101263,187,99640,187,101285,100,99573,100,101348,100,99532,100,101437,100,99368,100,,,99153,100,,,99028,100
2019-06-28 10:07:12.703764196,101055,187,100430,187,101094,187,100376,100,101158,187,100130,387,101230,187,100129,287,101263,187,100075,187,101285,100,99640,187,101348,100,99573,100,101437,100,99532,100,,,99368,100,,,99153,100
2019-06-28 10:07:20.000000000,101055,187,100430,187,101094,187,100376,187,101158,187,100130,387,101230,187,100129,287,101263,187,100075,187,101285,100,99640,100,101348,100,99573,100,101437,100,99532,100,,,99368,100,,,99153,100
2019-06-28 10:07:30.000000000,101055,536,100430,536,101094,100,100376,100,101158,100,100130,300,101230,100,100129,200,101263,100,100075,100,101285,100,99640,100,101348,100,99573,100,101437,100,99532,100,,,99368,100,,,99153,100
2019-06-28 10:07:40.000000000,101055,318,100430,318,101094,318,100376,318,101158,100,100130,300,101230,100,100129,200,101263,100,100075,100,101285,100,99640,100,101348,100,99573,100,101437,100,99532,100,,,99368,100,,,99153,100
2019-06-28 10:07:50.000000000,101055,536,100430,536,101094,100,100376,100,101158,100,100130,300,101230,100,100129,200,101263,100,100075,100,101285,100,99640,100,101348,100,99573,100,101437,100,99532,100,,,99368,100,,,99153,100
2019-06-28 10:08:00.000000000,101055,209,100430,209,101094,209,100376,209,101158,209,100130,409,101230,209,100129,309,101263,100,100075,100,101285,100,99640,100,101348,100,99573,100,101437,100,99532,100,,,99368,100,,,99153,100
2019-06-28 10:08:10.000000000,101055,187,100430,187,101094,187,100376,187,101158,187,100130,387,101230,187,100129,287,101263,187,100075,187,101285,100,99640,100,101348,100,99573,100,101437,100,99532,100,,,99368,100,,,99153,100
2019-06-28 10:08:12.254242783,101055,187,100841,100,101094,187,100430,187,101158,187,100376,187,101230,187,100130,387,101263,187,100129,287,101285,100,100075,187,101348,100,99640,100,101437,100,99573,100,,,99532,100,,,99368,100
2019-06-28 10:08:13.355528077,100846,100,100841,100,101055,187,100430,187,101094,187,100376,187,101158,187,100130,387,101230,187,100129,287,101263,187,100075,187,101285,100,99640,100,101348,100,99573,100,101437,100,99532,100,,,99368,100
2019-06-28 10:08:20.000000000,100846,318,100841,318,101055,318,100430,318,101094,100,100376,100,101158,100,100130,300,101230,100,100129,200,101263,100,100075,100,101285,100,99640,100,101348,100,99573,100,101437,100,99532,100,,,99368,100
2019-06-28 10:08:30.000000000,100846,536,100841,536,101055,100,100430,100,101094,100,100376,100,101158,100,100130,300,101230,100,100129,200,101263,100,100075,100,101285,100,99640,100,101348,100,99573,100,101437,100,99532,100,,,99368,100
2019-06-28 10:08:30.860468960,100846,536,100841,536,101055,100,100430,100,101094,100,100376,100,101158,100,100130,300,101159,100,100129,200,101230,100,100075,100,101263,100,99640,100,101285,100,99573,100,101348,100,99532,100,101437,100,99368,100
2019-06-28 10:08:33.179635002,100846,536,100841,536,100920,100,100430,100,101055,100,100376,100,101094,100,100130,300,101158,100,100129,200,101159,100,100075,100,101230,100,99640,100,101263,100,99573,100,101285,100,99532,100,101348,100,99368,100
2019-06-28 10:08:35.368675725,100846,536,100841,536,100920,100,100755,100,101055,100,100430,100,101094,100,100376,100,101158,100,100130,300,101159,100,100129,200,101230,100,100075,100,101263,100,99640,100,101285,100,99573,100,101348,100,99532,100
2019-06-28 10:08:40.000000000,100846,209,100841,209,100920,209,100755,209,101055,209,100430,209,101094,209,100376,209,101158,100,100130,300,101159,100,100129,200,101230,100,100075,100,101263,100,99640,100,101285,100,99573,100,101348,100,99532,100
2019-06-28 10:08:41.033628820,100846,109,100841,209,100920,209,100755,209,101055,209,100430,209,101094,209,100376,209,101158,100,100130,300,101159,100,100129,200,101230,100,100075,100,101263,100,99640,100,101285,100,99573,100,101348,100,99532,100
2019-06-28 10:08:50.000000000,100920,209,100841,209,101055,209,100755,209,101094,209,100430,209,101158,209,100376,209,101159,100,100130,300,101230,100,100129,200,101263,100,100075,100,101285,100,99640,100,101348,100,99573,100,101437,100,99532,100
2019-06-28 10:08:53.586436664,100920,109,100841,209,101055,209,100755,209,101094,209,100430,209,101158,209,100376,209,101159,100,100130,300,101230,100,100129,200,101263,100,100075,100,101285,100,99640,100,101348,100,99573,100,101437,100,99532,100
2019-06-28 10:09:00.000000000,101055,187,100841,187,101094,187,100755,187,101158,187,100430,187,101159,187,100376,187,101230,187,100130,387,101263,100,100129,200,101285,100,100075,100,101348,100,99640,100,101437,100,99573,100,,,99532,100
2019-06-28 10:09:10.000000000,101055,187,100841,187,101094,187,100755,187,101158,187,100430,187,101159,187,100376,187,101230,187,100130,387,101263,100,100129,200,101285,100,100075,100,101348,100,99640,100,101437,100,99573,100,,,99532,100
2019-06-28 10:09:20.000000000,101055,187,100841,187,101094,187,100755,187,101158,187,100430,187,101159,187,100376,187,101230,187,100130,387,101263,100,100129,200,101285,100,100075,100,101348,100,99640,100,101437,100,99573,100,,,99532,100
2019-06-28 10:09:24.448507519,101055,187,100841,187,101094,187,100755,187,101158,187,100430,187,101159,187,100376,187,101230,187,100130,387,101263,100,100129,200,101285,100,100075,100,101337,100,99640,100,101348,100,99573,100,101437,100,99532,100
2019-06-28 10:09:30.000000000,101055,209,100841,209,101094,209,100755,209,101158,209,100430,209,101159,209,100376,209,101230,100,100130,300,101263,100,100129,200,101285,100,100075,100,101337,100,99640,100,101348,100,99573,100,101437,100,99532,100
2019-06-28 10:09:40.000000000,101055,248,100841,248,101094,244,100755,244,101158,244,100430,244,101159,100,100376,100,101230,100,100130,300,101263,100,100129,200,101285,100,100075,100,101337,100,99640,100,101348,100,99573,100,101437,100,99532,100
2019-06-28 10:09:50.000000000,101055,536,100841,536,101094,100,100755,100,101158,100,100430,100,101159,100,100376,100,101230,100,100130,300,101263,100,100129,200,101285,100,100075,100,101337,100,99640,100,101348,100,99573,100,101437,100,99532,100
2019-06-28 10:10:00.000000000,101055,209,100841,209,101094,209,100755,209,101158,209,100430,209,101159,209,100376,209,101230,100,100130,300,101263,100,100129,200,101285,100,100075,100,101337,100,99640,100,101348,100,99573,100,101437,100,99532,100
2019-06-28 10:10:10.000000000,101055,248,100841,248,101094,244,100755,244,101158,244,100430,244,101159,100,100376,100,101230,100,100130,300,101263,100,100129,200,101285,100,100075,100,101337,100,99640,100,101348,100,99573,100,101437,100,99532,100
2019-06-28 10:10:20.000000000,101055,318,100841,318,101094,318,100755,318,101158,100,100430,100,101159,100,100376,100,101230,100,100130,300,101263,100,100129,200,101285,100,100075,100,101337,100,99640,100,101348,100,99573,100,101437,100,99532,100
2019-06-28 10:10:23.431553861,101055,218,100841,318,101094,318,100755,318,101158,100,100430,100,101159,100,100376,100,101230,100,100130,300,101263,100,100129,200,101285,100,100075,100,101337,100,99640,100,101348,100,99573,100,101437,100,99532,100
2019-06-28 10:10:30.000000000,101094,187,100841,187,101158,187,100755,187,101159,187,100430,187,101230,187,100376,187,101263,187,100130,387,101285,100,100129,200,101337,100,100075,100,101348,100,99640,100,101437,100,99573,100,,,99532,100
