,ask_price_1,ask_size_1,bid_price_1,bid_size_1,ask_price_2,ask_size_2,bid_price_2,bid_size_2,ask_price_3,ask_size_3,bid_price_3,bid_size_3,ask_price_4,ask_size_4,bid_price_4,bid_size_4,ask_price_5,ask_size_5,bid_price_5,bid_size_5,ask_price_6,ask_size_6,bid_price_6,bid_size_6,ask_price_7,ask_size_7,bid_price_7,bid_size_7,ask_price_8,ask_size_8,bid_price_8,bid_size_8,ask_price_9,ask_size_9,bid_price_9,bid_size_9,ask_price_10,ask_size_10,bid_price_10,bid_size_10
2019-06-28 09:30:00.000000001,99958,100,,,100087,100,,,,,,,,,,,,,,,,,,,,,,,,,,,,,,,,,,
2019-06-28 09:30:00.000000003,99958,100,99820,100,100087,100,,,,,,,,,,,,,,,,,,,,,,,,,,,,,,,,,,
2019-06-28 09:30:00.000000004,99958,100,99835,100,100087,100,99820,100,,,,,,,,,,,,,,,,,,,,,,,,,,,,,,,,
2019-06-28 09:30:00.000000005,99958,100,99835,100,100021,100,99820,100,100087,100,,,,,,,,,,,,,,,,,,,,,,,,,,,,,,
2019-06-28 09:30:00.000000007,99958,100,99835,100,99964,100,99820,100,100021,100,,,100047,100,,,100087,100,,,,,,,,,,,,,,,,,,,,,,
2019-06-28 09:30:00.000000010,99958,100,99835,100,99964,100,99820,100,100021,100,,,100047,100,,,100087,100,,,100093,100,,,,,,,,,,,,,,,,,,
2019-06-28 09:30:00.000000011,99923,100,99835,100,99958,100,99830,100,99964,100,99820,100,100021,100,,,100047,100,,,100087,100,,,100093,100,,,,,,,,,,,,,,
2019-06-28 09:30:00.000000012,99923,100,99919,100,99958,100,99835,100,99964,100,99830,100,100021,100,99820,100,100047,100,,,100087,100,,,100093,100,,,,,,,,,,,,,,
2019-06-28 09:30:00.000000013,99964,100,99919,100,100021,100,99835,100,100047,100,99830,100,100087,100,99820,100,100093,100,,,,,,,,,,,,,,,,,,,,,,
2019-06-28 09:30:00.000000016,99964,100,99919,100,100021,100,99835,100,100030,100,99830,100,100047,100,99820,100,100087,100,,,100093,100,,,,,,,,,,,,,,,,,,
2019-06-28 09:30:00.000000017,99964,100,99919,100,100021,100,99913,100,100030,100,99835,100,100047,100,99830,100,100087,100,99820,100,100093,100,,,,,,,,,,,,,,,,,,
2019-06-28 09:30:00.000000018,99958,100,99919,100,99964,100,99913,100,100021,100,99835,100,100030,100,99830,100,100047,100,99820,100,100087,100,,,100093,100,,,,,,,,,,,,,,
2019-06-28 09:30:00.000000019,99958,100,99923,100,99964,100,99919,100,100021,100,99913,100,100030,100,99835,100,100047,100,99830,100,100087,100,99820,100,100093,100,,,,,,,,,,,,,,
2019-06-28 09:30:00.000000021,99958,100,99923,100,99964,100,99919,100,100021,100,99913,100,100030,100,99835,100,100047,100,99830,100,100087,100,99820,100,100093,100,99764,100,,,,,,,,,,,,
2019-06-28 09:30:00.000000022,99964,100,99923,100,100021,100,99919,100,100030,100,99913,100,100047,100,99835,100,100087,100,99830,100,100093,100,99820,100,,,99764,100,,,,,,,,,,,,
2019-06-28 09:30:00.000000024,99964,100,99923,100,100021,100,99919,100,100028,100,99913,100,100030,100,99835,100,100047,100,99830,100,100087,100,99820,100,100093,100,99764,100,,,,,,,,,,,,
2019-06-28 09:30:00.000000027,99964,100,99961,100,99998,100,99923,100,100021,100,99919,100,100028,100,99913,100,100030,100,99835,100,100047,100,99830,100,100087,100,99820,100,100093,100,99764,100,,,,,,,,
2019-06-28 09:30:00.000000030,99964,100,99961,100,99998,100,99923,100,100021,100,99919,100,100028,100,99913,100,100030,100,99835,100,100047,100,99830,100,100071,100,99820,100,100087,100,99764,100,100093,100,,,,,,
2019-06-28 09:30:00.000000033,99964,100,99961,100,99998,100,99923,100,100021,100,99919,100,100028,100,99913,100,100030,100,99835,100,100047,100,99830,100,100071,200,99820,100,100087,100,99764,100,100093,100,,,,,,
2019-06-28 09:30:00.000000036,99964,100,99961,100,99998,100,99923,100,100021,100,99919,100,100028,100,99913,100,100030,100,99835,100,100047,100,99830,100,100048,100,99820,100,100071,200,99764,100,100087,100,,,100093,100,,
2019-06-28 09:30:00.000000037,99964,100,99961,100,99998,100,99923,100,100011,100,99919,100,100021,100,99913,100,100028,100,99835,100,100030,100,99830,100,100047,100,99820,100,100048,100,99764,100,100071,200,,,100087,100,,
2019-06-28 09:30:00.000000038,99964,100,99961,100,99998,100,99923,100,100011,100,99919,100,100021,100,99913,100,100028,100,99897,100,100030,100,99835,100,100047,100,99830,100,100048,100,99820,100,100071,200,99764,100,100087,100,,
2019-06-28 09:30:00.000000043,99964,100,99961,100,99998,100,99923,100,100011,100,99919,100,100021,100,99913,100,100028,100,99897,100,100030,100,99887,100,100047,100,99835,100,100048,100,99830,100,100071,200,99820,100,100087,100,99764,100
2019-06-28 09:30:00.000000051,99964,100,99961,100,99998,100,99923,100,100011,200,99919,100,100021,100,99913,100,100028,100,99897,100,100030,100,99887,100,100047,100,99835,100,100048,100,99830,100,100071,200,99820,100,100087,100,99764,100
2019-06-28 09:30:00.000000054,99964,100,99961,100,99998,100,99923,100,100011,200,99919,100,100021,100,99913,100,100028,100,99911,100,100030,100,99897,100,100047,100,99887,100,100048,100,99835,100,100071,200,99830,100,100087,100,99820,100
2019-06-28 09:30:00.000000058,99964,100,99961,100,99998,100,99923,100,100011,200,99919,100,100021,100,99913,100,100028,100,99911,100,100030,100,99897,100,100047,100,99887,100,100048,100,99858,100,100071,200,99835,100,100087,100,99830,100
2019-06-28 09:30:00.000000062,99998,100,99961,100,100011,200,99923,100,100021,100,99919,100,100028,100,99913,100,100030,100,99911,100,100047,100,99897,100,100048,100,99887,100,100071,200,99858,100,100087,100,99835,100,100093,100,99830,100
2019-06-28 09:30:00.000000063,99998,100,99961,100,100011,200,99923,100,100021,100,99919,100,100028,100,99913,100,100030,100,99911,100,100047,100,99897,100,100048,100,99887,100,100071,200,99858,100,100087,100,99851,100,100093,100,99835,100
2019-06-28 09:30:00.000000064,99998,100,99966,100,100011,200,99961,100,100021,100,99923,100,100028,100,99919,100,100030,100,99913,100,100047,100,99911,100,100048,100,99897,100,100058,100,99887,100,100071,200,99858,100,100087,100,99851,100
2019-06-28 09:30:00.000000065,99998,100,99966,100,100011,200,99962,100,100021,100,99961,100,100028,100,99923,100,100030,100,99919,100,100047,100,99913,100,100048,100,99911,100,100058,100,99897,100,100071,200,99887,100,100087,100,99858,100
2019-06-28 09:30:00.000000067,99998,100,99966,100,100011,200,99962,100,100021,100,99961,100,100028,100,99923,100,100030,100,99919,100,100043,100,99913,100,100047,100,99911,100,100048,100,99897,100,100058,100,99887,100,100071,200,99858,100
2019-06-28 09:30:00.000000069,99998,100,99966,100,100011,200,99962,100,100021,100,99961,100,100028,100,99923,100,100030,100,99919,100,100043,100,99913,100,100047,100,99911,100,100048,100,99897,100,100058,100,99887,100,100065,100,99871,100
2019-06-28 09:30:00.000000070,99998,100,99966,100,100011,200,99962,100,100021,100,99961,100,100028,100,99923,100,100030,100,99919,100,100043,100,99913,100,100047,100,99911,100,100048,100,99897,100,100058,100,99887,100,100065,100,99871,100
2019-06-28 09:30:00.000000071,99998,100,99966,100,100001,100,99962,100,100011,200,99961,100,100021,100,99923,100,100028,100,99919,100,100030,100,99913,100,100034,100,99911,100,100043,100,99897,100,100047,100,99887,100,100048,100,99871,100
2019-06-28 09:30:00.000000072,99998,100,99976,100,100001,100,99966,100,100011,200,99962,100,100021,100,99961,100,100028,100,99923,100,100030,100,99919,100,100034,100,99913,100,100043,100,99911,100,100047,100,99897,100,100048,100,99887,100
2019-06-28 09:30:00.000000074,99998,100,99976,100,100001,100,99966,100,100011,200,99962,100,100021,100,99961,100,100028,100,99923,100,100030,100,99919,100,100034,100,99913,100,100043,100,99911,100,100047,100,99897,100,100048,100,99887,100
2019-06-28 09:30:00.000000075,99998,100,99976,100,100001,100,99966,200,100011,200,99962,100,100021,100,99961,100,100028,100,99923,100,100030,100,99919,100,100034,100,99913,100,100043,100,99911,100,100047,100,99905,100,100048,100,99897,100
2019-06-28 09:30:00.000000078,99998,100,99976,100,100000,100,99966,200,100001,100,99962,100,100011,200,99961,100,100021,100,99923,100,100028,100,99919,100,100030,100,99913,100,100034,100,99911,100,100043,100,99905,100,100047,100,99897,100
2019-06-28 09:30:00.000000079,99998,100,99976,100,100000,100,99966,200,100001,100,99962,100,100011,200,99961,100,100021,100,99923,100,100028,100,99919,100,100030,100,99913,100,100034,100,99911,100,100043,100,99905,100,100047,100,99897,100
2019-06-28 09:30:00.000000081,99998,100,99976,100,100000,100,99966,200,100001,100,99962,100,100011,200,99961,100,100021,100,99958,100,100028,100,99923,100,100030,100,99919,100,100034,100,99913,100,100043,100,99911,100,100047,100,99905,100
2019-06-28 09:30:00.000000083,99998,100,99976,100,99999,100,99966,200,100000,100,99962,100,100001,100,99961,100,100011,200,99958,100,100021,100,99923,100,100028,100,99919,100,100030,100,99913,100,100034,100,99911,100,100043,100,99905,100
2019-06-28 09:30:00.000000088,99998,100,99976,100,99999,100,99966,200,100000,100,99962,100,100001,100,99961,100,100011,200,99958,100,100021,100,99953,100,100028,100,99923,100,100030,100,99919,100,100034,100,99913,100,100043,100,99911,100
2019-06-28 09:30:00.000000090,99999,100,99976,100,100000,100,99966,200,100001,100,99962,100,100011,200,99961,100,100021,100,99958,100,100028,100,99953,100,100030,100,99923,100,100034,100,99919,100,100043,100,99913,100,100047,100,99911,100
2019-06-28 09:30:00.000000094,99999,100,99976,100,100000,100,99966,200,100001,100,99962,100,100011,200,99961,100,100021,100,99958,100,100028,100,99953,100,100030,100,99940,100,100034,100,99923,100,100043,100,99919,100,100047,100,99913,100
2019-06-28 09:30:00.000000098,99999,100,99976,100,100000,100,99966,200,100001,100,99962,100,100011,200,99961,100,100021,100,99958,100,100028,100,99953,100,100030,100,99940,100,100034,100,99923,100,100043,100,99919,100,100047,100,99913,100
2019-06-28 09:30:00.000000099,99999,100,99976,100,100000,100,99966,200,100001,100,99962,100,100005,100,99961,100,100011,200,99958,100,100021,100,99953,100,100028,100,99940,100,100030,100,99923,100,100034,100,99919,100,100043,100,99913,100
2019-06-28 09:30:10.000000000,99999,163,99976,163,100000,163,99966,263,100001,163,99962,163,100005,163,99961,163,100011,263,99958,163,100021,100,99953,100,100028,100,99940,100,100030,100,99923,100,100034,100,99919,100,100043,100,99913,100
2019-06-28 09:30:10.139481135,99999,163,99976,163,100000,163,99966,263,100001,163,99962,163,100005,163,99961,163,100011,263,99958,163,100021,100,99953,100,100028,100,99940,100,100030,100,99919,100,100034,100,99913,100,100043,100,99911,100
2019-06-28 09:30:20.000000000,99999,258,99976,258,100000,258,99966,358,100001,100,99962,100,100005,100,99961,100,100011,200,99958,100,100021,100,99953,100,100028,100,99940,100,100030,100,99919,100,100034,100,99913,100,100043,100,99911,100
2019-06-28 09:30:25.372621882,99999,258,99976,258,100000,258,99966,358,100001,100,99962,100,100005,100,99961,100,100011,200,99958,100,100021,100,99953,100,100028,100,99940,100,100030,100,99919,100,100034,100,99913,100,100043,100,99911,100
2019-06-28 09:30:30.000000000,99999,163,99976,163,100000,163,99966,263,100001,163,99962,163,100005,163,99961,163,100011,263,99958,163,100021,100,99953,100,100028,100,99940,100,100030,100,99919,100,100034,100,99913,100,100043,100,99911,100
2019-06-28 09:30:40.000000000,99999,163,99976,163,100000,163,99966,263,100001,163,99962,163,100005,163,99961,163,100011,263,99958,163,100021,100,99953,100,100028,100,99940,100,100030,100,99919,100,100034,100,99913,100,100043,100,99911,100
2019-06-28 09:30:50.000000000,99999,207,99976,207,100000,204,99966,304,100001,204,99962,204,100005,100,99961,100,100011,200,99958,100,100021,100,99953,100,100028,100,99940,100,100030,100,99919,100,100034,100,99913,100,100043,100,99911,100
2019-06-28 09:31:00.000000000,99999,416,99976,416,100000,100,99966,200,100001,100,99962,100,100005,100,99961,100,100011,200,99958,100,100021,100,99953,100,100028,100,99940,100,100030,100,99919,100,100034,100,99913,100,100043,100,99911,100
2019-06-28 09:31:10.000000000,99999,163,99976,163,100000,163,99966,263,100001,163,99962,163,100005,163,99961,163,100011,263,99958,163,100021,100,99953,100,100028,100,99940,100,100030,100,99919,100,100034,100,99913,100,100043,100,99911,100
2019-06-28 09:31:20.000000000,99999,179,99976,179,100000,179,99966,279,100001,179,99962,179,100005,179,99961,179,100011,200,99958,100,100021,100,99953,100,100028,100,99940,100,100030,100,99919,100,100034,100,99913,100,100043,100,99911,100
2019-06-28 09:31:30.000000000,99999,207,99976,207,100000,204,99966,304,100001,204,99962,204,100005,100,99961,100,100011,200,99958,100,100021,100,99953,100,100028,100,99940,100,100030,100,99919,100,100034,100,99913,100,100043,100,99911,100
2019-06-28 09:31:40.000000000,99999,207,99976,207,100000,204,99966,304,100001,204,99962,204,100005,100,99961,100,100011,200,99958,100,100021,100,99953,100,100028,100,99940,100,100030,100,99919,100,100034,100,99913,100,100043,100,99911,100
2019-06-28 09:31:43.167897476,99998,100,99976,207,99999,207,99966,304,100000,204,99962,204,100001,204,99961,100,100005,100,99958,100,100011,200,99953,100,100021,100,99940,100,100028,100,99919,100,100030,100,99913,100,100034,100,99911,100
2019-06-28 09:31:50.000000000,99998,179,99976,179,99999,179,99966,279,100000,179,99962,179,100001,179,99961,179,100005,100,99958,100,100011,200,99953,100,100021,100,99940,100,100028,100,99919,100,100030,100,99913,100,100034,100,99911,100
2019-06-28 09:31:57.221145046,99998,179,99976,79,99999,179,99966,279,100000,179,99962,179,100001,179,99961,179,100005,100,99958,100,100011,200,99953,100,100021,100,99940,100,100028,100,99919,100,100030,100,99913,100,100043,100,99911,100
2019-06-28 09:31:57.775798577,99976,21,99966,279,99998,179,99962,179,99999,179,99961,179,100000,179,99958,100,100001,179,99953,100,100005,100,99940,100,100011,200,99919,100,100021,100,99913,100,100028,100,99911,100,100030,100,99905,100
2019-06-28 09:32:00.000000000,99976,84,99966,263,99998,163,99962,163,99999,163,99961,163,100000,163,99958,163,100001,163,99953,163,100005,100,99940,100,100011,200,99919,100,100021,100,99913,100,100028,100,99911,100,100030,100,99905,100
2019-06-28 09:32:03.470317032,99976,84,99966,163,99998,163,99962,163,99999,163,99961,163,100000,163,99958,163,100001,163,99953,163,100005,100,99940,100,100011,200,99919,100,100021,100,99913,100,100028,100,99911,100,100030,100,99905,100
2019-06-28 09:32:04.099389933,99976,84,99966,163,99998,163,99962,163,99999,163,99961,163,100000,163,99958,163,100001,163,99953,163,100005,100,99940,100,100011,200,99919,100,100021,100,99913,100,100028,100,99911,100,100030,100,99905,100
2019-06-28 09:32:10.000000000,99976,179,99966,258,99998,258,99962,258,99999,100,99961,100,100000,100,99958,100,100001,100,99953,100,100005,100,99940,100,100011,200,99919,100,100021,100,99913,100,100028,100,99911,100,100030,100,99905,100
2019-06-28 09:32:20.000000000,99976,128,99966,207,99998,204,99962,204,99999,204,99961,204,100000,100,99958,100,100001,100,99953,100,100005,100,99940,100,100011,200,99919,100,100021,100,99913,100,100028,100,99911,100,100030,100,99905,100
2019-06-28 09:32:30.000000000,99976,337,99966,416,99998,100,99962,100,99999,100,99961,100,100000,100,99958,100,100001,100,99953,100,100005,100,99940,100,100011,200,99919,100,100021,100,99913,100,100028,100,99911,100,100030,100,99905,100
2019-06-28 09:32:40.000000000,99976,100,99966,179,99998,179,99962,179,99999,179,99961,179,100000,179,99958,179,100001,100,99953,100,100005,100,99940,100,100011,200,99919,100,100021,100,99913,100,100028,100,99911,100,100030,100,99905,100
2019-06-28 09:32:50.000000000,99976,84,99966,163,99998,163,99962,163,99999,163,99961,163,100000,163,99958,163,100001,163,99953,163,100005,100,99940,100,100011,200,99919,100,100021,100,99913,100,100028,100,99911,100,100030,100,99905,100
2019-06-28 09:33:00.000000000,99976,179,99966,258,99998,258,99962,258,99999,100,99961,100,100000,100,99958,100,100001,100,99953,100,100005,100,99940,100,100011,200,99919,100,100021,100,99913,100,100028,100,99911,100,100030,100,99905,100
2019-06-28 09:33:10.000000000,99976,337,99966,416,99998,100,99962,100,99999,100,99961,100,100000,100,99958,100,100001,100,99953,100,100005,100,99940,100,100011,200,99919,100,100021,100,99913,100,100028,100,99911,100,100030,100,99905,100
2019-06-28 09:33:16.502707762,99975,100,99966,416,99976,337,99962,100,99998,100,99961,100,99999,100,99958,100,100000,100,99953,100,100001,100,99940,100,100005,100,99919,100,100011,200,99913,100,100021,100,99911,100,100028,100,99905,100
2019-06-28 09:33:20.000000000,99975,179,99966,179,99976,100,99962,179,99998,179,99961,179,99999,179,99958,179,100000,100,99953,100,100001,100,99940,100,100005,100,99919,100,100011,200,99913,100,100021,100,99911,100,100028,100,99905,100
2019-06-28 09:33:30.000000000,99975,207,99966,207,99976,125,99962,204,99998,204,99961,204,99999,100,99958,100,100000,100,99953,100,100001,100,99940,100,100005,100,99919,100,100011,200,99913,100,100021,100,99911,100,100028,100,99905,100
2019-06-28 09:33:30.803296620,99975,307,99966,207,99976,125,99962,204,99998,204,99961,204,99999,100,99958,100,100000,100,99953,100,100001,100,99940,100,100005,100,99919,100,100011,200,99913,100,100021,100,99911,100,100028,100,99905,100
2019-06-28 09:33:40.000000000,99975,307,99966,207,99976,125,99962,204,99998,204,99961,204,99999,100,99958,100,100000,100,99953,100,100001,100,99940,100,100005,100,99919,100,100011,200,99913,100,100021,100,99911,100,100028,100,99905,100
2019-06-28 09:33:50.000000000,99975,279,99966,179,99976,100,99962,179,99998,179,99961,179,99999,179,99958,179,100000,100,99953,100,100001,100,99940,100,100005,100,99919,100,100011,200,99913,100,100021,100,99911,100,100028,100,99905,100
2019-06-28 09:34:00.000000000,99975,279,99966,179,99976,100,99962,179,99998,179,99961,179,99999,179,99958,179,100000,100,99953,100,100001,100,99940,100,100005,100,99919,100,100011,200,99913,100,100021,100,99911,100,100028,100,99905,100
2019-06-28 09:34:07.209975673,99975,279,99966,179,99976,100,99962,179,99998,179,99961,179,99999,179,99958,179,100000,100,99953,100,100001,100,99940,100,100005,100,99919,100,100011,200,99913,100,100021,100,99911,100,100028,100,99905,100
2019-06-28 09:34:10.000000000,99975,516,99966,416,99976,21,99962,100,99998,100,99961,100,99999,100,99958,100,100000,100,99953,100,100001,100,99940,100,100005,100,99919,100,100011,200,99913,100,100021,100,99911,100,100028,100,99905,100
2019-06-28 09:34:11.097665672,99975,516,99972,100,99976,21,99966,416,99998,100,99962,100,99999,100,99961,100,100000,100,99958,100,100001,100,99953,100,100005,100,99940,100,100011,200,99919,100,100021,100,99913,100,100028,100,99911,100
2019-06-28 09:34:20.000000000,99975,358,99972,258,99976,179,99966,258,99998,100,99962,100,99999,100,99961,100,100000,100,99958,100,100001,100,99953,100,100005,100,99940,100,100011,200,99919,100,100021,100,99913,100,100028,100,99911,100
2019-06-28 09:34:20.160571025,99975,358,99972,258,99976,179,99966,258,99998,100,99962,100,99999,100,99961,100,100000,100,99958,100,100001,100,99953,100,100005,100,99940,100,100011,200,99932,100,100028,100,99919,100,100030,100,99913,100
2019-06-28 09:34:28.507615705,99975,358,99972,258,99976,179,99966,258,99998,100,99962,100,99999,100,99961,100,100000,100,99958,100,100001,100,99953,100,100005,100,99940,100,100011,200,99932,100,100028,100,99919,100,100030,100,99911,100
2019-06-28 09:34:30.000000000,99975,307,99972,207,99976,125,99966,204,99998,204,99962,204,99999,100,99961,100,100000,100,99958,100,100001,100,99953,100,100005,100,99940,100,100011,200,99932,100,100028,100,99919,100,100030,100,99911,100
2019-06-28 09:34:32.373951508,99975,307,99972,207,99976,125,99966,204,99998,204,99962,204,100000,100,99961,100,100001,100,99958,100,100005,100,99953,100,100011,200,99940,100,100028,100,99932,100,100030,100,99919,100,100043,100,99911,100
2019-06-28 09:34:40.000000000,99975,516,99972,416,99976,21,99966,100,99998,100,99962,100,100000,100,99961,100,100001,100,99958,100,100005,100,99953,100,100011,200,99940,100,100028,100,99932,100,100030,100,99919,100,100043,100,99911,100
2019-06-28 09:34:50.000000000,99975,263,99972,163,99976,84,99966,163,99998,163,99962,163,100000,163,99961,163,100001,163,99958,163,100005,100,99953,100,100011,200,99940,100,100028,100,99932,100,100030,100,99919,100,100043,100,99911,100
2019-06-28 09:34:50.298820588,99975,163,99972,163,99976,84,99966,163,99998,163,99962,163,100000,163,99961,163,100001,163,99958,163,100005,100,99953,100,100011,200,99940,100,100028,100,99932,100,100030,100,99919,100,100043,100,99911,100
2019-06-28 09:34:55.896164723,99975,63,99972,163,99976,84,99966,163,99998,163,99962,163,100000,163,99961,163,100001,163,99958,163,100005,100,99953,100,100011,200,99940,100,100028,100,99932,100,100030,100,99919,100,100043,100,99911,100
2019-06-28 09:35:00.000000000,99976,179,99972,258,99998,258,99966,258,100000,100,99962,100,100001,100,99961,100,100005,100,99958,100,100011,200,99953,100,100028,100,99940,100,100030,100,99932,100,100043,100,99919,100,100047,100,99911,100
2019-06-28 09:35:10.000000000,99976,128,99972,207,99998,204,99966,204,100000,204,99962,204,100001,100,99961,100,100005,100,99958,100,100011,200,99953,100,100028,100,99940,100,100030,100,99932,100,100043,100,99919,100,100047,100,99911,100
2019-06-28 09:35:20.000000000,99976,100,99972,179,99998,179,99966,179,100000,179,99962,179,100001,179,99961,179,100005,100,99958,100,100011,200,99953,100,100028,100,99940,100,100030,100,99932,100,100043,100,99919,100,100047,100,99911,100
2019-06-28 09:35:30.000000000,99976,179,99972,258,99998,258,99966,258,100000,100,99962,100,100001,100,99961,100,100005,100,99958,100,100011,200,99953,100,100028,100,99940,100,100030,100,99932,100,100043,100,99919,100,100047,100,99911,100
2019-06-28 09:35:40.000000000,99976,128,99972,207,99998,204,99966,204,100000,204,99962,204,100001,100,99961,100,100005,100,99958,100,100011,200,99953,100,100028,100,99940,100,100030,100,99932,100,100043,100,99919,100,100047,100,99911,100
2019-06-28 09:35:47.474986672,99976,128,99975,100,99998,204,99972,207,100000,204,99966,204,100001,100,99962,204,100005,100,99961,100,100011,200,99958,100,100028,100,99953,100,100030,100,99940,100,100043,100,99932,100,100047,100,99919,100
2019-06-28 09:35:50.000000000,99976,128,99975,207,99998,204,99972,204,100000,204,99966,204,100001,100,99962,100,100005,100,99961,100,100011,200,99958,100,100028,100,99953,100,100030,100,99940,100,100043,100,99932,100,100047,100,99919,100
2019-06-28 09:36:00.000000000,99976,128,99975,207,99998,204,99972,204,100000,204,99966,204,100001,100,99962,100,100005,100,99961,100,100011,200,99958,100,100028,100,99953,100,100030,100,99940,100,100043,100,99932,100,100047,100,99919,100
2019-06-28 09:36:10.000000000,99976,100,99975,179,99998,179,99972,179,100000,179,99966,179,100001,179,99962,179,100005,100,99961,100,100011,200,99958,100,100028,100,99953,100,100030,100,99940,100,100043,100,99932,100,100047,100,99919,100
2019-06-28 09:36:20.000000000,99976,100,99975,179,99998,179,99972,179,100000,179,99966,179,100001,179,99962,179,100005,100,99961,100,100011,200,99958,100,100028,100,99953,100,100030,100,99940,100,100043,100,99932,100,100047,100,99919,100
2019-06-28 09:36:30.000000000,99976,128,99975,207,99998,204,99972,204,100000,204,99966,204,100001,100,99962,100,100005,100,99961,100,100011,200,99958,100,100028,100,99953,100,100030,100,99940,100,100043,100,99932,100,100047,100,99919,100
2019-06-28 09:36:31.264581112,99976,128,99975,307,99998,204,99972,204,100000,204,99966,204,100001,100,99962,100,100005,100,99961,100,100011,200,99958,100,100028,100,99953,100,100030,100,99940,100,100043,100,99932,100,100047,100,99919,100
2019-06-28 09:36:40.000000000,99976,179,99975,358,99998,258,99972,258,100000,100,99966,100,100001,100,99962,100,100005,100,99961,100,100011,200,99958,100,100028,100,99953,100,100030,100,99940,100,100043,100,99932,100,100047,100,99919,100
2019-06-28 09:36:50.000000000,99976,337,99975,516,99998,100,99972,100,100000,100,99966,100,100001,100,99962,100,100005,100,99961,100,100011,200,99958,100,100028,100,99953,100,100030,100,99940,100,100043,100,99932,100,100047,100,99919,100
2019-06-28 09:36:58.464122149,99976,237,99975,516,99998,100,99972,100,100000,100,99966,100,100001,100,99962,100,100005,100,99961,100,100011,200,99958,100,100028,100,99953,100,100030,100,99940,100,100043,100,99932,100,100047,100,99919,100
2019-06-28 09:37:00.000000000,99998,163,99975,263,100000,163,99972,163,100001,163,99966,163,100005,163,99962,163,100011,263,99961,163,100028,100,99958,100,100030,100,99953,100,100043,100,99940,100,100047,100,99932,100,100058,100,99919,100
2019-06-28 09:37:02.498003000,99998,163,99975,263,100000,163,99972,163,100001,163,99966,163,100005,163,99962,163,100011,263,99961,163,100028,100,99958,100,100043,100,99953,100,100047,100,99940,100,100058,100,99932,100,100065,100,99919,100
2019-06-28 09:37:10.000000000,99998,179,99975,279,100000,179,99972,179,100001,179,99966,179,100005,179,99962,179,100011,200,99961,100,100028,100,99958,100,100043,100,99953,100,100047,100,99940,100,100058,100,99932,100,100065,100,99919,100
2019-06-28 09:37:20.000000000,99998,179,99975,279,100000,179,99972,179,100001,179,99966,179,100005,179,99962,179,100011,200,99961,100,100028,100,99958,100,100043,100,99953,100,100047,100,99940,100,100058,100,99932,100,100065,100,99919,100
2019-06-28 09:37:21.816976618,99998,179,99975,279,100000,179,99972,179,100001,179,99966,179,100005,179,99962,179,100011,200,99961,100,100028,100,99958,100,100043,100,99953,100,100047,100,99940,100,100058,200,99932,100,100065,100,99919,100
2019-06-28 09:37:23.615097129,99998,179,99975,279,100000,179,99972,179,100001,179,99966,179,100005,179,99962,179,100011,200,99961,100,100028,100,99958,100,100043,100,99953,100,100047,100,99940,100,100058,200,99932,100,100065,100,99919,100
2019-06-28 09:37:29.694164823,99983,100,99975,279,99998,179,99972,179,100000,179,99966,179,100001,179,99962,179,100005,179,99961,100,100011,200,99958,100,100028,100,99953,100,100043,100,99940,100,100047,100,99932,100,100058,200,99919,100
2019-06-28 09:37:30.000000000,99983,258,99975,358,99998,258,99972,258,100000,100,99966,100,100001,100,99962,100,100005,100,99961,100,100011,200,99958,100,100028,100,99953,100,100043,100,99940,100,100047,100,99932,100,100058,200,99919,100
2019-06-28 09:37:40.000000000,99983,179,99975,279,99998,179,99972,179,100000,179,99966,179,100001,179,99962,179,100005,100,99961,100,100011,200,99958,100,100028,100,99953,100,100043,100,99940,100,100047,100,99932,100,100058,200,99919,100
2019-06-28 09:37:50.000000000,99983,416,99975,516,99998,100,99972,100,100000,100,99966,100,100001,100,99962,100,100005,100,99961,100,100011,200,99958,100,100028,100,99953,100,100043,100,99940,100,100047,100,99932,100,100058,200,99919,100
2019-06-28 09:38:00.000000000,99983,416,99975,516,99998,100,99972,100,100000,100,99966,100,100001,100,99962,100,100005,100,99961,100,100011,200,99958,100,100028,100,99953,100,100043,100,99940,100,100047,100,99932,100,100058,200,99919,100
2019-06-28 09:38:02.650483443,99983,416,99976,100,99998,100,99975,516,100000,100,99972,100,100001,100,99966,100,100005,100,99962,100,100011,200,99961,100,100028,100,99958,100,100043,100,99953,100,100047,100,99940,100,100058,200,99932,100
2019-06-28 09:38:10.000000000,99983,416,99976,416,99998,100,99975,200,100000,100,99972,100,100001,100,99966,100,100005,100,99962,100,100011,200,99961,100,100028,100,99958,100,100043,100,99953,100,100047,100,99940,100,100058,200,99932,100
2019-06-28 09:38:10.498926709,99983,416,99976,516,99998,100,99975,200,100000,100,99972,100,100001,100,99966,100,100005,100,99962,100,100011,200,99961,100,100028,100,99958,100,100043,100,99953,100,100047,100,99940,100,100058,200,99932,100
2019-06-28 09:38:20.000000000,99983,416,99976,516,99998,100,99975,200,100000,100,99972,100,100001,100,99966,100,100005,100,99962,100,100011,200,99961,100,100028,100,99958,100,100043,100,99953,100,100047,100,99940,100,100058,200,99932,100
2019-06-28 09:38:24.337531005,99983,416,99976,416,99998,100,99975,200,100001,100,99972,100,100005,100,99966,100,100011,200,99962,100,100028,100,99961,100,100043,100,99958,100,100047,100,99953,100,100058,200,99940,100,100065,100,99932,100
2019-06-28 09:38:30.000000000,99983,416,99976,416,99998,100,99975,200,100001,100,99972,100,100005,100,99966,100,100011,200,99962,100,100028,100,99961,100,100043,100,99958,100,100047,100,99953,100,100058,200,99940,100,100065,100,99932,100
2019-06-28 09:38:36.037489109,99983,416,99976,416,99998,100,99975,200,100001,100,99972,100,100005,100,99966,100,100011,200,99962,100,100028,100,99961,100,100043,100,99958,100,100058,200,99953,100,100065,100,99940,100,100070,100,99932,100
2019-06-28 09:38:37.934406309,99983,416,99976,416,99986,100,99975,200,99998,100,99972,100,100001,100,99966,100,100005,100,99962,100,100011,200,99961,100,100028,100,99958,100,100043,100,99953,100,100058,200,99940,100,100065,100,99932,100
2019-06-28 09:38:40.000000000,99983,416,99976,416,99986,100,99975,200,99998,100,99972,100,100001,100,99966,100,100005,100,99962,100,100011,200,99961,100,100028,100,99958,100,100043,100,99953,100,100058,200,99940,100,100065,100,99932,100
2019-06-28 09:38:50.000000000,99983,416,99976,416,99986,100,99975,200,99998,100,99972,100,100001,100,99966,100,100005,100,99962,100,100011,200,99961,100,100028,100,99958,100,100043,100,99953,100,100058,200,99940,100,100065,100,99932,100
2019-06-28 09:38:51.082406616,99983,416,99976,416,99986,100,99975,200,99998,100,99972,100,100001,100,99966,100,100005,100,99962,100,100011,200,99961,100,100028,100,99958,100,100043,100,99953,100,100058,200,99940,100,100070,100,99932,100
2019-06-28 09:39:00.000000000,99983,207,99976,207,99986,204,99975,304,99998,204,99972,204,100001,100,99966,100,100005,100,99962,100,100011,200,99961,100,100028,100,99958,100,100043,100,99953,100,100058,200,99940,100,100070,100,99932,100
2019-06-28 09:39:10.000000000,99983,163,99976,163,99986,163,99975,263,99998,163,99972,163,100001,163,99966,163,100005,163,99962,163,100011,200,99961,100,100028,100,99958,100,100043,100,99953,100,100058,200,99940,100,100070,100,99932,100
2019-06-28 09:39:14.209882122,99983,163,99976,63,99986,163,99975,263,99998,163,99972,163,100001,163,99966,163,100005,163,99962,163,100011,200,99961,100,100028,100,99958,100,100043,100,99953,100,100058,200,99940,100,100070,100,99932,100
2019-06-28 09:39:20.000000000,99983,207,99975,307,99986,204,99972,204,99998,204,99966,204,100001,100,99962,100,100005,100,99961,100,100011,200,99958,100,100028,100,99953,100,100043,100,99940,100,100058,200,99932,100,100070,100,99919,100
2019-06-28 09:39:20.184177210,99983,207,99975,307,99986,204,99972,204,99998,204,99966,204,100001,100,99962,100,100005,100,99961,100,100011,200,99958,100,100028,100,99953,100,100043,100,99940,100,100058,200,99932,100,100070,100,99919,100
2019-06-28 09:39:30.000000000,99983,258,99975,358,99986,258,99972,258,99998,100,99966,100,100001,100,99962,100,100005,100,99961,100,100011,200,99958,100,100028,100,99953,100,100043,100,99940,100,100058,200,99932,100,100070,100,99919,100
2019-06-28 09:39:32.143062140,99983,258,99975,358,99986,258,99972,258,99998,100,99966,100,100001,100,99962,100,100005,100,99961,100,100011,200,99958,100,100028,100,99953,100,100043,100,99940,100,100058,200,99932,100,100070,100,99919,100
2019-06-28 09:39:35.861839516,99983,258,99975,358,99986,258,99972,258,99998,100,99966,100,100001,100,99962,100,100005,100,99961,100,100011,200,99958,100,100028,100,99953,100,100043,100,99940,100,100058,200,99932,100,100070,100,99919,100
2019-06-28 09:39:40.000000000,99983,163,99975,263,99986,163,99972,163,99998,163,99966,163,100001,163,99962,163,100005,163,99961,163,100011,200,99958,100,100028,100,99953,100,100043,100,99940,100,100058,200,99932,100,100070,100,99919,100
2019-06-28 09:39:50.000000000,99983,416,99975,516,99986,100,99972,100,99998,100,99966,100,100001,100,99962,100,100005,100,99961,100,100011,200,99958,100,100028,100,99953,100,100043,100,99940,100,100058,200,99932,100,100070,100,99919,100
2019-06-28 09:40:00.000000000,99983,163,99975,263,99986,163,99972,163,99998,163,99966,163,100001,163,99962,163,100005,163,99961,163,100011,200,99958,100,100028,100,99953,100,100043,100,99940,100,100058,200,99932,100,100070,100,99919,100
2019-06-28 09:40:04.114847953,99983,163,99975,163,99986,163,99972,163,99998,163,99966,163,100001,163,99962,163,100005,163,99961,163,100011,200,99958,100,100028,100,99953,100,100043,100,99940,100,100058,200,99932,100,100070,100,99919,100
2019-06-28 09:40:05.037116810,99983,163,99975,63,99986,163,99972,163,99998,163,99966,63,100001,163,99962,163,100005,163,99961,163,100011,200,99958,100,100028,100,99953,100,100043,100,99940,100,100058,200,99932,100,100070,100,99919,100
2019-06-28 09:40:10.000000000,99983,163,99972,163,99986,163,99962,163,99998,163,99961,163,100001,163,99958,163,100005,163,99953,163,100011,200,99940,100,100028,100,99932,100,100043,100,99919,100,100058,200,99911,100,100070,100,99905,100
2019-06-28 09:40:20.000000000,99983,258,99972,258,99986,258,99962,258,99998,100,99961,100,100001,100,99958,100,100005,100,99953,100,100011,200,99940,100,100028,100,99932,100,100043,100,99919,100,100058,200,99911,100,100070,100,99905,100
2019-06-28 09:40:21.598625115,99983,258,99972,158,99986,258,99962,258,99998,100,99961,100,100001,100,99958,100,100005,100,99940,100,100011,200,99932,100,100028,100,99919,100,100043,100,99911,100,100058,200,99905,100,100070,100,99887,100
2019-06-28 09:40:29.273624332,99983,258,99972,158,99986,258,99962,258,99998,100,99961,100,100001,100,99958,100,100005,100,99940,100,100011,200,99932,100,100028,100,99919,100,100043,100,99911,100,100058,200,99905,100,100070,100,99887,100
2019-06-28 09:40:30.000000000,99983,163,99962,163,99986,163,99961,163,99998,163,99958,163,100001,163,99940,163,100005,163,99932,163,100011,200,99919,100,100028,100,99911,100,100043,100,99905,100,100058,200,99887,100,100070,100,99871,100
2019-06-28 09:40:40.000000000,99983,179,99962,179,99986,179,99961,179,99998,179,99958,179,100001,179,99940,179,100005,100,99932,100,100011,200,99919,100,100028,100,99911,100,100043,100,99905,100,100058,200,99887,100,100070,100,99871,100
2019-06-28 09:40:45.157592297,99983,79,99962,179,99986,179,99961,179,99998,179,99958,179,100001,179,99940,179,100005,100,99932,100,100011,200,99919,100,100028,100,99911,100,100043,100,99905,100,100058,200,99887,100,100070,100,99871,100
2019-06-28 09:40:50.000000000,99986,258,99962,258,99998,258,99961,258,100001,100,99958,100,100005,100,99940,100,100011,200,99932,100,100028,100,99919,100,100043,100,99911,100,100058,200,99905,100,100070,100,99887,100,100071,100,99871,100
2019-06-28 09:41:00.000000000,99986,416,99962,416,99998,100,99961,100,100001,100,99958,100,100005,100,99940,100,100011,200,99932,100,100028,100,99919,100,100043,100,99911,100,100058,200,99905,100,100070,100,99887,100,100071,100,99871,100
2019-06-28 09:41:06.105262905,99986,316,99962,416,99998,100,99961,100,100001,100,99958,100,100005,100,99940,100,100011,200,99932,100,100028,100,99919,100,100043,100,99911,100,100058,200,99905,100,100070,100,99887,100,100071,100,99871,100
2019-06-28 09:41:10.000000000,99998,416,99962,416,100001,100,99961,100,100005,100,99958,100,100011,200,99940,100,100028,100,99932,100,100043,100,99919,100,100058,200,99911,100,100070,100,99905,100,100071,100,99887,100,100093,100,99871,100
2019-06-28 09:41:20.000000000,99998,179,99962,179,100001,179,99961,179,100005,179,99958,179,100011,279,99940,179,100028,100,99932,100,100043,100,99919,100,100058,200,99911,100,100070,100,99905,100,100071,100,99887,100,100093,100,99871,100
2019-06-28 09:41:30.000000000,99998,207,99962,207,100001,204,99961,204,100005,204,99958,204,100011,200,99940,100,100028,100,99932,100,100043,100,99919,100,100058,200,99911,100,100070,100,99905,100,100071,100,99887,100,100093,100,99871,100
2019-06-28 09:41:40.000000000,99998,163,99962,163,100001,163,99961,163,100005,163,99958,163,100011,263,99940,163,100028,163,99932,163,100043,100,99919,100,100058,200,99911,100,100070,100,99905,100,100071,100,99887,100,100093,100,99871,100
2019-06-28 09:41:50.000000000,99998,163,99962,163,100001,163,99961,163,100005,163,99958,163,100011,263,99940,163,100028,163,99932,163,100043,100,99919,100,100058,200,99911,100,100070,100,99905,100,100071,100,99887,100,100093,100,99871,100
2019-06-28 09:42:00.000000000,99998,179,99962,179,100001,179,99961,179,100005,179,99958,179,100011,279,99940,179,100028,100,99932,100,100043,100,99919,100,100058,200,99911,100,100070,100,99905,100,100071,100,99887,100,100093,100,99871,100
2019-06-28 09:42:05.794963458,99998,179,99983,100,100001,179,99962,179,100005,179,99961,179,100011,279,99958,179,100028,100,99940,179,100043,100,99932,100,100058,200,99919,100,100070,100,99911,100,100071,100,99905,100,100093,100,99887,100
2019-06-28 09:42:09.240828375,99998,79,99983,100,100001,179,99962,179,100005,179,99961,179,100011,279,99958,179,100028,100,99940,179,100043,100,99932,100,100058,200,99919,100,100070,100,99911,100,100071,100,99905,100,100093,100,99887,100
2019-06-28 09:42:10.000000000,100001,207,99983,207,100005,204,99962,204,100011,304,99961,204,100028,100,99958,100,100043,100,99940,100,100058,200,99932,100,100070,100,99919,100,100071,100,99911,100,100093,100,99905,100,100101,100,99887,100
2019-06-28 09:42:20.000000000,100001,258,99983,258,100005,258,99962,258,100011,200,99961,100,100028,100,99958,100,100043,100,99940,100,100058,200,99932,100,100070,100,99919,100,100071,100,99911,100,100093,100,99905,100,100101,100,99887,100
2019-06-28 09:42:30.000000000,100001,258,99983,258,100005,258,99962,258,100011,200,99961,100,100028,100,99958,100,100043,100,99940,100,100058,200,99932,100,100070,100,99919,100,100071,100,99911,100,100093,100,99905,100,100101,100,99887,100
2019-06-28 09:42:40.000000000,100001,416,99983,416,100005,100,99962,100,100011,200,99961,100,100028,100,99958,100,100043,100,99940,100,100058,200,99932,100,100070,100,99919,100,100071,100,99911,100,100093,100,99905,100,100101,100,99887,100
2019-06-28 09:42:50.000000000,100001,179,99983,179,100005,179,99962,179,100011,279,99961,179,100028,179,99958,179,100043,100,99940,100,100058,200,99932,100,100070,100,99919,100,100071,100,99911,100,100093,100,99905,100,100101,100,99887,100
2019-06-28 09:42:51.499099375,99985,100,99983,179,100001,179,99962,179,100005,179,99961,179,100011,279,99958,179,100028,179,99940,100,100043,100,99932,100,100058,200,99919,100,100070,100,99911,100,100071,100,99905,100,100093,100,99887,100
2019-06-28 09:43:00.000000000,99985,258,99983,258,100001,258,99962,258,100005,100,99961,100,100011,200,99958,100,100028,100,99940,100,100043,100,99932,100,100058,200,99919,100,100070,100,99911,100,100071,100,99905,100,100093,100,99887,100
2019-06-28 09:43:07.571283526,99985,258,99983,158,100001,258,99962,258,100005,100,99961,100,100011,200,99958,100,100028,100,99940,100,100043,100,99932,100,100058,200,99919,100,100070,100,99911,100,100071,100,99905,100,100093,100,99887,100
2019-06-28 09:43:10.000000000,99985,179,99962,179,100001,179,99961,179,100005,179,99958,179,100011,279,99940,179,100028,100,99932,100,100043,100,99919,100,100058,200,99911,100,100070,100,99905,100,100071,100,99887,100,100093,100,99871,100
2019-06-28 09:43:20.000000000,99985,416,99962,416,100001,100,99961,100,100005,100,99958,100,100011,200,99940,100,100028,100,99932,100,100043,100,99919,100,100058,200,99911,100,100070,100,99905,100,100071,100,99887,100,100093,100,99871,100
2019-06-28 09:43:22.634525581,99985,316,99962,416,100001,100,99961,100,100005,100,99958,100,100011,200,99940,100,100028,100,99932,100,100043,100,99919,100,100058,200,99911,100,100070,100,99905,100,100071,100,99887,100,100093,100,99871,100
2019-06-28 09:43:30.000000000,100001,258,99962,258,100005,258,99961,258,100011,200,99958,100,100028,100,99940,100,100043,100,99932,100,100058,200,99919,100,100070,100,99911,100,100071,100,99905,100,100093,100,99887,100,100101,100,99871,100
2019-06-28 09:43:32.695480972,100001,258,99962,158,100005,258,99961,258,100011,200,99958,100,100028,100,99940,100,100043,100,99932,100,100058,200,99919,100,100070,100,99911,100,100071,100,99905,100,100093,100,99887,100,100101,100,99871,100
2019-06-28 09:43:40.000000000,100001,163,99961,163,100005,163,99958,163,100011,263,99940,163,100028,163,99932,163,100043,163,99919,163,100058,200,99911,100,100070,100,99905,100,100071,100,99887,100,100093,100,99871,100,100101,100,99866,100
2019-06-28 09:43:50.000000000,100001,416,99961,416,100005,100,99958,100,100011,200,99940,100,100028,100,99932,100,100043,100,99919,100,100058,200,99911,100,100070,100,99905,100,100071,100,99887,100,100093,100,99871,100,100101,100,99866,100
2019-06-28 09:43:54.719358415,99983,100,99961,416,100001,416,99958,100,100005,100,99940,100,100011,200,99932,100,100028,100,99919,100,100043,100,99911,100,100058,200,99905,100,100070,100,99887,100,100071,100,99871,100,100093,100,99866,100
2019-06-28 09:43:56.509010699,99983,100,99961,416,100001,416,99958,100,100005,100,99940,100,100011,200,99932,100,100028,100,99919,100,100043,100,99911,100,100058,200,99905,100,100070,100,99887,100,100071,100,99871,100,100093,100,99866,100
2019-06-28 09:43:58.747659956,99983,100,99961,416,100001,416,99958,100,100005,100,99940,100,100011,200,99932,100,100028,100,99919,100,100043,100,99911,100,100058,200,99905,100,100070,100,99887,100,100071,100,99871,100,100093,100,99866,100
2019-06-28 09:44:00.000000000,99983,416,99961,416,100001,100,99958,100,100005,100,99940,100,100011,200,99932,100,100028,100,99919,100,100043,100,99911,100,100058,200,99905,100,100070,100,99887,100,100071,100,99871,100,100093,100,99866,100
2019-06-28 09:44:00.789189522,99983,416,99961,316,100001,100,99958,100,100005,100,99940,100,100011,200,99932,100,100028,100,99919,100,100043,100,99911,100,100058,200,99905,100,100070,100,99887,100,100071,100,99871,100,100093,100,99866,100
2019-06-28 09:44:10.000000000,99983,416,99958,416,100001,100,99940,100,100005,100,99932,100,100011,200,99919,100,100028,100,99911,100,100043,100,99905,100,100058,200,99887,100,100070,100,99871,100,100071,100,99866,100,100093,100,99864,100
2019-06-28 09:44:20.000000000,99983,163,99958,163,100001,163,99940,163,100005,163,99932,163,100011,263,99919,163,100028,163,99911,163,100043,100,99905,100,100058,200,99887,100,100070,100,99871,100,100071,100,99866,100,100093,100,99864,100
2019-06-28 09:44:28.039557208,99983,163,99958,63,100001,163,99940,163,100005,163,99932,163,100011,263,99919,163,100028,163,99911,163,100043,100,99905,100,100058,200,99887,100,100070,100,99871,100,100071,100,99866,100,100093,100,99864,100
2019-06-28 09:44:30.000000000,99983,258,99940,258,100001,258,99932,258,100005,100,99919,100,100011,200,99911,100,100028,100,99905,100,100043,100,99887,100,100058,200,99871,100,100070,100,99866,100,100071,100,99864,100,100093,100,99858,100
2019-06-28 09:44:39.954163609,99983,258,99940,158,100001,258,99932,258,100005,100,99919,100,100011,200,99911,100,100028,100,99905,100,100043,100,99871,100,100058,200,99866,100,100070,100,99864,100,100071,100,99858,100,100093,100,99840,100
2019-06-28 09:44:40.000000000,99983,163,99932,163,100001,163,99919,163,100005,163,99911,163,100011,263,99905,163,100028,163,99871,163,100043,100,99866,100,100058,200,99864,100,100070,100,99858,100,100071,100,99840,100,100093,100,99830,100
2019-06-28 09:44:50.000000000,99983,258,99932,258,100001,258,99919,258,100005,100,99911,100,100011,200,99905,100,100028,100,99871,100,100043,100,99866,100,100058,200,99864,100,100070,100,99858,100,100071,100,99840,100,100093,100,99830,100
2019-06-28 09:44:58.559364719,99958,100,99932,258,99983,258,99919,258,100001,258,99911,100,100005,100,99905,100,100011,200,99871,100,100028,100,99866,100,100043,100,99864,100,100058,200,99858,100,100070,100,99840,100,100071,100,99830,100
2019-06-28 09:44:58.642608002,99958,100,99932,158,99983,258,99919,258,100001,258,99911,100,100005,100,99905,100,100011,200,99871,100,100028,100,99866,100,100043,100,99864,100,100058,200,99858,100,100070,100,99840,100,100071,100,99830,100
2019-06-28 09:44:59.936623692,99958,100,99932,58,99983,258,99919,258,100001,258,99911,100,100005,100,99905,100,100011,200,99871,100,100028,100,99866,100,100043,100,99864,100,100058,200,99858,100,100070,100,99840,100,100071,100,99830,100
2019-06-28 09:45:00.000000000,99958,416,99919,416,99983,100,99911,100,100001,100,99905,100,100005,100,99871,100,100011,200,99866,100,100028,100,99864,100,100043,100,99858,100,100058,200,99840,100,100070,100,99830,100,100071,100,99798,100
2019-06-28 09:45:10.000000000,99958,207,99919,207,99983,204,99911,204,100001,204,99905,204,100005,100,99871,100,100011,200,99866,100,100028,100,99864,100,100043,100,99858,100,100058,200,99840,100,100070,100,99830,100,100071,100,99798,100
2019-06-28 09:45:20.000000000,99958,416,99919,416,99983,100,99911,100,100001,100,99905,100,100005,100,99871,100,100011,200,99866,100,100028,100,99864,100,100043,100,99858,100,100058,200,99840,100,100070,100,99830,100,100071,100,99798,100
2019-06-28 09:45:30.000000000,99958,416,99919,416,99983,100,99911,100,100001,100,99905,100,100005,100,99871,100,100011,200,99866,100,100028,100,99864,100,100043,100,99858,100,100058,200,99840,100,100070,100,99830,100,100071,100,99798,100
2019-06-28 09:45:40.000000000,99958,179,99919,179,99983,179,99911,179,100001,179,99905,179,100005,179,99871,179,100011,200,99866,100,100028,100,99864,100,100043,100,99858,100,100058,200,99840,100,100070,100,99830,100,100071,100,99798,100
2019-06-28 09:45:42.166424274,99958,179,99919,79,99983,179,99911,179,100001,179,99905,179,100005,179,99871,179,100011,200,99866,100,100028,100,99864,100,100043,100,99858,100,100058,200,99840,100,100070,100,99830,100,100071,100,99798,100
2019-06-28 09:45:50.000000000,99958,163,99911,163,99983,163,99905,163,100001,163,99871,163,100005,163,99866,163,100011,263,99864,163,100028,100,99858,100,100043,100,99840,100,100058,200,99830,100,100070,100,99798,100,100071,100,99774,100
2019-06-28 09:45:50.541094144,99958,163,99911,163,99983,163,99905,163,100001,163,99871,163,100005,163,99866,163,100011,263,99864,163,100028,100,99858,100,100043,100,99840,100,100058,200,99830,100,100070,100,99798,100,100071,100,99774,100
2019-06-28 09:46:00.000000000,99958,207,99911,207,99983,204,99905,204,100001,204,99871,204,100005,100,99866,100,100011,200,99864,100,100028,100,99858,100,100043,100,99840,100,100058,200,99830,100,100070,100,99798,100,100071,100,99774,100
2019-06-28 09:46:08.164317198,99932,100,99911,207,99958,207,99905,204,99983,204,99871,204,100001,204,99866,100,100005,100,99864,100,100011,200,99858,100,100028,100,99840,100,100043,100,99830,100,100058,200,99798,100,100070,100,99774,100
2019-06-28 09:46:10.000000000,99932,416,99911,416,99958,100,99905,100,99983,100,99871,100,100001,100,99866,100,100005,100,99864,100,100011,200,99858,100,100028,100,99840,100,100043,100,99830,100,100058,200,99798,100,100070,100,99774,100
2019-06-28 09:46:15.519279342,99932,416,99911,316,99958,100,99905,100,99983,100,99871,100,100001,100,99866,100,100005,100,99864,100,100011,200,99858,100,100028,100,99840,100,100043,100,99830,100,100058,200,99798,100,100070,100,99774,100
2019-06-28 09:46:20.000000000,99932,163,99905,163,99958,163,99871,163,99983,163,99866,163,100001,163,99864,163,100005,163,99858,163,100011,200,99840,100,100028,100,99830,100,100043,100,99798,100,100058,200,99774,100,100070,100,99765,100
2019-06-28 09:46:30.000000000,99932,258,99905,258,99958,258,99871,258,99983,100,99866,100,100001,100,99864,100,100005,100,99858,100,100011,200,99840,100,100028,100,99830,100,100043,100,99798,100,100058,200,99774,100,100070,100,99765,100
2019-06-28 09:46:40.000000000,99932,207,99905,207,99958,204,99871,204,99983,204,99866,204,100001,100,99864,100,100005,100,99858,100,100011,200,99840,100,100028,100,99830,100,100043,100,99798,100,100058,200,99774,100,100070,100,99765,100
2019-06-28 09:46:50.000000000,99932,258,99905,258,99958,258,99871,258,99983,100,99866,100,100001,100,99864,100,100005,100,99858,100,100011,200,99840,100,100028,100,99830,100,100043,100,99798,100,100058,200,99774,100,100070,100,99765,100
2019-06-28 09:46:50.619013505,99932,258,99905,158,99958,258,99871,258,99983,100,99866,100,100001,100,99864,100,100005,100,99858,100,100011,200,99840,100,100028,100,99830,100,100043,100,99798,100,100058,200,99774,100,100070,100,99765,100
2019-06-28 09:47:00.000000000,99932,258,99871,258,99958,258,99866,258,99983,100,99864,100,100001,100,99858,100,100005,100,99840,100,100011,200,99830,100,100028,100,99798,100,100043,100,99774,100,100058,200,99765,100,100070,100,99733,100
2019-06-28 09:47:10.000000000,99932,258,99871,258,99958,258,99866,258,99983,100,99864,100,100001,100,99858,100,100005,100,99840,100,100011,200,99830,100,100028,100,99798,100,100043,100,99774,100,100058,200,99765,100,100070,100,99733,100
2019-06-28 09:47:15.799975233,99932,258,99920,100,99958,258,99871,258,99983,100,99866,258,100001,100,99864,100,100005,100,99858,100,100011,200,99840,100,100028,100,99830,100,100043,100,99798,100,100058,200,99774,100,100070,100,99765,100
2019-06-28 09:47:20.000000000,99932,416,99920,416,99958,100,99871,100,99983,100,99866,100,100001,100,99864,100,100005,100,99858,100,100011,200,99840,100,100028,100,99830,100,100043,100,99798,100,100058,200,99774,100,100070,100,99765,100
2019-06-28 09:47:28.731321100,99932,416,99920,416,99983,100,99871,100,100001,100,99866,100,100005,100,99864,100,100011,200,99858,100,100028,100,99840,100,100043,100,99830,100,100058,200,99798,100,100070,100,99774,100,100071,100,99765,100
2019-06-28 09:47:30.000000000,99932,207,99920,207,99983,204,99871,204,100001,204,99866,204,100005,100,99864,100,100011,200,99858,100,100028,100,99840,100,100043,100,99830,100,100058,200,99798,100,100070,100,99774,100,100071,100,99765,100
2019-06-28 09:47:31.840618952,99932,207,99920,207,99983,104,99871,204,100001,204,99866,204,100005,100,99864,100,100011,200,99858,100,100028,100,99840,100,100043,100,99830,100,100058,200,99798,100,100070,100,99774,100,100071,100,99765,100
2019-06-28 09:47:36.009223127,99932,207,99920,307,99983,104,99871,204,100001,204,99866,204,100005,100,99864,100,100011,200,99858,100,100028,100,99840,100,100043,100,99830,100,100058,200,99798,100,100070,100,99774,100,100071,100,99765,100
2019-06-28 09:47:40.000000000,99932,258,99920,358,100001,258,99871,258,100005,100,99866,100,100011,200,99864,100,100028,100,99858,100,100043,100,99840,100,100058,200,99830,100,100070,100,99798,100,100071,100,99774,100,100093,100,99765,100
2019-06-28 09:47:50.000000000,99932,207,99920,307,100001,204,99871,204,100005,204,99866,204,100011,200,99864,100,100028,100,99858,100,100043,100,99840,100,100058,200,99830,100,100070,100,99798,100,100071,100,99774,100,100093,100,99765,100
2019-06-28 09:47:53.013056263,99932,207,99920,307,100001,204,99871,204,100005,204,99866,204,100011,200,99864,100,100028,100,99858,100,100043,100,99840,100,100058,200,99830,100,100070,100,99798,100,100071,100,99774,100,100093,100,99765,100
2019-06-28 09:48:00.000000000,99932,258,99920,358,100001,258,99871,258,100005,100,99866,100,100011,200,99864,100,100028,100,99858,100,100043,100,99840,100,100058,200,99830,100,100070,100,99798,100,100071,100,99774,100,100093,100,99765,100
2019-06-28 09:48:02.266561664,99932,158,99920,358,100001,258,99871,258,100005,100,99866,100,100011,200,99864,100,100028,100,99858,100,100043,100,99840,100,100058,200,99830,100,100070,100,99798,100,100093,100,99774,100,100101,100,99765,100
2019-06-28 09:48:04.327947778,99932,58,99920,358,100001,158,99871,258,100005,100,99866,100,100011,200,99864,100,100028,100,99858,100,100043,100,99840,100,100058,200,99830,100,100070,100,99798,100,100093,100,99774,100,100101,100,99765,100
2019-06-28 09:48:04.994411847,100001,158,99932,42,100005,100,99920,358,100011,200,99871,258,100028,100,99866,100,100043,100,99864,100,100058,200,99858,100,100070,100,99840,100,100093,100,99830,100,100101,100,99798,100,100135,100,99774,100
2019-06-28 09:48:06.287064993,100001,158,99932,42,100005,100,99920,358,100011,200,99871,258,100028,100,99866,100,100043,100,99864,100,100058,200,99858,100,100070,100,99840,100,100093,100,99830,100,100101,100,99798,100,100135,100,99774,100
2019-06-28 09:48:10.000000000,100005,179,99932,121,100011,279,99920,279,100028,179,99871,179,100043,179,99866,179,100058,200,99864,100,100070,100,99858,100,100093,100,99840,100,100101,100,99830,100,100135,100,99798,100,100164,100,99774,100
2019-06-28 09:48:20.000000000,100005,179,99932,121,100011,279,99920,279,100028,179,99871,179,100043,179,99866,179,100058,200,99864,100,100070,100,99858,100,100093,100,99840,100,100101,100,99830,100,100135,100,99798,100,100164,100,99774,100
2019-06-28 09:48:20.850150885,100005,79,99932,121,100011,279,99920,279,100028,179,99871,179,100043,179,99866,79,100058,200,99864,100,100070,100,99858,100,100093,100,99840,100,100101,100,99830,100,100135,100,99798,100,100164,100,99774,100
2019-06-28 09:48:30.000000000,100011,516,99932,358,100028,100,99920,200,100043,100,99871,100,100058,200,99864,100,100070,100,99858,100,100093,100,99840,100,100101,100,99830,100,100135,100,99798,100,100164,100,99774,100,100299,100,99733,100
2019-06-28 09:48:40.000000000,100011,516,99932,358,100028,100,99920,200,100043,100,99871,100,100058,200,99864,100,100070,100,99858,100,100093,100,99840,100,100101,100,99830,100,100135,100,99798,100,100164,100,99774,100,100299,100,99733,100
2019-06-28 09:48:50.000000000,100011,516,99932,358,100028,100,99920,200,100043,100,99871,100,100058,200,99864,100,100070,100,99858,100,100093,100,99840,100,100101,100,99830,100,100135,100,99798,100,100164,100,99774,100,100299,100,99733,100
2019-06-28 09:49:00.000000000,100011,516,99932,358,100028,100,99920,200,100043,100,99871,100,100058,200,99864,100,100070,100,99858,100,100093,100,99840,100,100101,100,99830,100,100135,100,99798,100,100164,100,99774,100,100299,100,99733,100
2019-06-28 09:49:10.000000000,100011,358,99932,200,100028,258,99920,358,100043,100,99871,100,100058,200,99864,100,100070,100,99858,100,100093,100,99840,100,100101,100,99830,100,100135,100,99798,100,100164,100,99774,100,100299,100,99733,100
2019-06-28 09:49:20.000000000,100011,263,99932,105,100028,163,99920,263,100043,163,99871,163,100058,263,99864,163,100070,163,99858,163,100093,100,99840,100,100101,100,99830,100,100135,100,99798,100,100164,100,99774,100,100299,100,99733,100
2019-06-28 09:49:22.013530869,100011,263,99933,100,100028,163,99932,105,100043,163,99920,263,100058,263,99871,163,100070,163,99864,163,100093,100,99858,163,100101,100,99840,100,100135,100,99830,100,100164,100,99798,100,100299,100,99774,100
2019-06-28 09:49:27.014059035,100011,263,99933,100,100028,163,99932,105,100043,163,99920,263,100058,263,99871,163,100070,163,99864,163,100093,100,99858,163,100101,100,99840,100,100135,100,99830,100,100164,100,99798,100,100269,100,99774,100
2019-06-28 09:49:27.268308147,100011,263,99933,200,100028,163,99932,105,100043,163,99920,163,100058,263,99871,163,100070,163,99864,163,100093,100,99858,163,100101,100,99840,100,100135,100,99830,100,100164,100,99798,100,100269,100,99774,100
2019-06-28 09:49:30.000000000,100011,263,99933,263,100028,163,99932,105,100043,163,99920,163,100058,263,99871,163,100070,163,99864,163,100093,100,99858,100,100101,100,99840,100,100135,100,99830,100,100164,100,99798,100,100269,100,99774,100
2019-06-28 09:49:34.046926942,100011,263,99933,163,100028,163,99932,105,100043,163,99920,163,100058,263,99871,163,100070,163,99864,163,100093,100,99858,100,100101,100,99840,100,100135,100,99830,100,100164,100,99798,100,100269,100,99774,100
2019-06-28 09:49:38.218435151,100004,100,99933,163,100011,263,99932,105,100028,163,99920,163,100043,163,99871,163,100058,263,99864,163,100070,163,99858,100,100093,100,99840,100,100101,100,99830,100,100135,100,99798,100,100164,100,99774,100
2019-06-28 09:49:40.000000000,100004,258,99933,258,100011,358,99932,200,100028,100,99920,100,100043,100,99871,100,100058,200,99864,100,100070,100,99858,100,100093,100,99840,100,100101,100,99830,100,100135,100,99798,100,100164,100,99774,100
2019-06-28 09:49:50.000000000,100004,258,99933,258,100011,358,99932,200,100028,100,99920,100,100043,100,99871,100,100058,200,99864,100,100070,100,99858,100,100093,100,99840,100,100101,100,99830,100,100135,100,99798,100,100164,100,99774,100
2019-06-28 09:50:00.000000000,100004,163,99933,163,100011,263,99932,105,100028,163,99920,163,100043,163,99871,163,100058,263,99864,163,100070,100,99858,100,100093,100,99840,100,100101,100,99830,100,100135,100,99798,100,100164,100,99774,100
2019-06-28 09:50:05.266972135,100004,163,99933,63,100011,263,99932,105,100028,163,99920,163,100043,163,99871,163,100058,263,99864,163,100070,100,99858,100,100093,100,99840,100,100101,100,99830,100,100135,100,99798,100,100164,100,99733,100
2019-06-28 09:50:10.000000000,100004,163,99932,105,100011,263,99920,163,100028,163,99871,163,100043,163,99864,163,100058,263,99858,163,100070,100,99840,100,100093,100,99830,100,100101,100,99798,100,100135,100,99733,100,100164,100,99729,100
2019-06-28 09:50:15.263804949,99933,100,99932,105,100004,163,99920,163,100011,263,99871,163,100028,163,99864,163,100043,163,99858,163,100058,263,99840,100,100070,100,99830,100,100093,100,99798,100,100101,100,99733,100,100135,100,99729,100
2019-06-28 09:50:20.000000000,99933,163,99932,105,100004,163,99920,163,100011,263,99871,163,100028,163,99864,163,100043,163,99858,163,100058,200,99840,100,100070,100,99830,100,100093,100,99798,100,100101,100,99733,100,100135,100,99729,100
2019-06-28 09:50:29.193938860,99933,163,99932,5,100004,163,99920,163,100011,263,99871,163,100028,163,99864,163,100043,163,99858,163,100058,200,99840,100,100070,100,99830,100,100093,100,99798,100,100101,100,99733,100,100135,100,99729,100
2019-06-28 09:50:30.000000000,99933,416,99920,416,100004,100,99871,100,100011,200,99864,100,100028,100,99858,100,100043,100,99840,100,100058,200,99830,100,100070,100,99798,100,100093,100,99733,100,100101,100,99729,100,100135,100,99617,100
2019-06-28 09:50:33.206441702,99933,416,99920,416,100004,100,99871,100,100011,200,99864,100,100028,100,99858,100,100043,100,99840,100,100058,200,99830,100,100070,100,99798,100,100093,100,99733,100,100101,100,99729,100,100135,100,99672,100
2019-06-28 09:50:40.000000000,99933,163,99920,163,100004,163,99871,163,100011,263,99864,163,100028,163,99858,163,100043,163,99840,163,100058,200,99830,100,100070,100,99798,100,100093,100,99733,100,100101,100,99729,100,100135,100,99672,100
2019-06-28 09:50:50.000000000,99933,258,99920,258,100004,258,99871,258,100011,200,99864,100,100028,100,99858,100,100043,100,99840,100,100058,200,99830,100,100070,100,99798,100,100093,100,99733,100,100101,100,99729,100,100135,100,99672,100
2019-06-28 09:51:00.000000000,99933,207,99920,207,100004,204,99871,204,100011,304,99864,204,100028,100,99858,100,100043,100,99840,100,100058,200,99830,100,100070,100,99798,100,100093,100,99733,100,100101,100,99729,100,100135,100,99672,100
2019-06-28 09:51:10.000000000,99933,258,99920,258,100004,258,99871,258,100011,200,99864,100,100028,100,99858,100,100043,100,99840,100,100058,200,99830,100,100070,100,99798,100,100093,100,99733,100,100101,100,99729,100,100135,100,99672,100
2019-06-28 09:51:10.633593309,99933,258,99920,258,100004,258,99871,258,100011,200,99864,100,100028,100,99858,100,100043,100,99840,100,100058,200,99830,100,100070,100,99798,100,100093,100,99733,100,100101,100,99729,100,100135,100,99672,100
2019-06-28 09:51:19.515547919,99933,258,99920,258,100004,258,99871,258,100011,200,99864,100,100028,100,99858,100,100043,100,99840,100,100058,200,99830,100,100070,100,99798,100,100093,100,99733,100,100101,100,99729,100,100135,100,99672,100
2019-06-28 09:51:20.000000000,99933,258,99920,258,100004,258,99871,258,100011,200,99864,100,100028,100,99858,100,100043,100,99840,100,100058,200,99830,100,100070,100,99798,100,100093,100,99733,100,100101,100,99729,100,100135,100,99672,100
2019-06-28 09:51:26.309447251,99933,258,99920,258,100004,258,99871,258,100011,200,99864,100,100028,100,99858,100,100043,100,99830,100,100058,200,99798,100,100070,100,99733,100,100093,100,99729,100,100101,100,99672,100,100135,100,99659,100
2019-06-28 09:51:30.000000000,99933,163,99920,163,100004,163,99871,163,100011,263,99864,163,100028,163,99858,163,100043,163,99830,163,100058,200,99798,100,100070,100,99733,100,100093,100,99729,100,100101,100,99672,100,100135,100,99659,100
2019-06-28 09:51:40.000000000,99933,207,99920,207,100004,204,99871,204,100011,304,99864,204,100028,100,99858,100,100043,100,99830,100,100058,200,99798,100,100070,100,99733,100,100093,100,99729,100,100101,100,99672,100,100135,100,99659,100
2019-06-28 09:51:50.000000000,99933,258,99920,258,100004,258,99871,258,100011,200,99864,100,100028,100,99858,100,100043,100,99830,100,100058,200,99798,100,100070,100,99733,100,100093,100,99729,100,100101,100,99672,100,100135,100,99659,100
2019-06-28 09:52:00.000000000,99933,163,99920,163,100004,163,99871,163,100011,263,99864,163,100028,163,99858,163,100043,163,99830,163,100058,200,99798,100,100070,100,99733,100,100093,100,99729,100,100101,100,99672,100,100135,100,99659,100
2019-06-28 09:52:10.000000000,99933,258,99920,258,100004,258,99871,258,100011,200,99864,100,100028,100,99858,100,100043,100,99830,100,100058,200,99798,100,100070,100,99733,100,100093,100,99729,100,100101,100,99672,100,100135,100,99659,100
2019-06-28 09:52:20.000000000,99933,179,99920,179,100004,179,99871,179,100011,279,99864,179,100028,179,99858,179,100043,100,99830,100,100058,200,99798,100,100070,100,99733,100,100093,100,99729,100,100101,100,99672,100,100135,100,99659,100
2019-06-28 09:52:30.000000000,99933,207,99920,207,100004,204,99871,204,100011,304,99864,204,100028,100,99858,100,100043,100,99830,100,100058,200,99798,100,100070,100,99733,100,100093,100,99729,100,100101,100,99672,100,100135,100,99659,100
2019-06-28 09:52:40.000000000,99933,163,99920,163,100004,163,99871,163,100011,263,99864,163,100028,163,99858,163,100043,163,99830,163,100058,200,99798,100,100070,100,99733,100,100093,100,99729,100,100101,100,99672,100,100135,100,99659,100
2019-06-28 09:52:50.000000000,99933,207,99920,207,100004,204,99871,204,100011,304,99864,204,100028,100,99858,100,100043,100,99830,100,100058,200,99798,100,100070,100,99733,100,100093,100,99729,100,100101,100,99672,100,100135,100,99659,100
2019-06-28 09:53:00.000000000,99933,163,99920,163,100004,163,99871,163,100011,263,99864,163,100028,163,99858,163,100043,163,99830,163,100058,200,99798,100,100070,100,99733,100,100093,100,99729,100,100101,100,99672,100,100135,100,99659,100
2019-06-28 09:53:10.000000000,99933,163,99920,163,100004,163,99871,163,100011,263,99864,163,100028,163,99858,163,100043,163,99830,163,100058,200,99798,100,100070,100,99733,100,100093,100,99729,100,100101,100,99672,100,100135,100,99659,100
2019-06-28 09:53:20.000000000,99933,207,99920,207,100004,204,99871,204,100011,304,99864,204,100028,100,99858,100,100043,100,99830,100,100058,200,99798,100,100070,100,99733,100,100093,100,99729,100,100101,100,99672,100,100135,100,99659,100
2019-06-28 09:53:21.272329717,99933,107,99920,207,100004,204,99871,204,100011,304,99864,204,100028,100,99858,100,100043,100,99830,100,100058,200,99798,100,100070,100,99733,100,100093,100,99729,100,100101,100,99672,100,100135,100,99659,100
2019-06-28 09:53:30.000000000,100004,258,99920,258,100011,358,99871,258,100028,100,99864,100,100043,100,99858,100,100058,200,99830,100,100070,100,99798,100,100093,100,99733,100,100101,100,99729,100,100135,100,99672,100,100164,100,99659,100
2019-06-28 09:53:40.000000000,100004,179,99920,179,100011,279,99871,179,100028,179,99864,179,100043,179,99858,179,100058,200,99830,100,100070,100,99798,100,100093,100,99733,100,100101,100,99729,100,100135,100,99672,100,100164,100,99659,100
2019-06-28 09:53:50.000000000,100004,179,99920,179,100011,279,99871,179,100028,179,99864,179,100043,179,99858,179,100058,200,99830,100,100070,100,99798,100,100093,100,99733,100,100101,100,99729,100,100135,100,99672,100,100164,100,99659,100
2019-06-28 09:53:50.231815536,99957,100,99920,179,100004,179,99871,179,100011,279,99864,179,100028,179,99858,179,100043,179,99830,100,100058,200,99798,100,100070,100,99733,100,100093,100,99729,100,100101,100,99672,100,100135,100,99659,100
2019-06-28 09:54:00.000000000,99957,207,99920,207,100004,204,99871,204,100011,304,99864,204,100028,100,99858,100,100043,100,99830,100,100058,200,99798,100,100070,100,99733,100,100093,100,99729,100,100101,100,99672,100,100135,100,99659,100
2019-06-28 09:54:04.579456979,99932,100,99920,207,99957,207,99871,204,100004,204,99864,204,100011,304,99858,100,100028,100,99830,100,100043,100,99798,100,100058,200,99733,100,100070,100,99729,100,100093,100,99672,100,100101,100,99659,100
2019-06-28 09:54:07.158126262,99957,207,99920,207,100004,204,99871,204,100011,304,99864,204,100028,100,99858,100,100043,100,99830,100,100058,200,99798,100,100070,100,99733,100,100093,100,99729,100,100101,100,99672,100,100135,100,99659,100
2019-06-28 09:54:10.000000000,99957,179,99920,179,100004,179,99871,179,100011,279,99864,179,100028,179,99858,179,100043,100,99830,100,100058,200,99798,100,100070,100,99733,100,100093,100,99729,100,100101,100,99672,100,100135,100,99659,100
2019-06-28 09:54:13.858406017,99957,179,99920,179,100004,179,99871,179,100011,279,99864,179,100028,179,99858,179,100043,100,99830,100,100058,100,99798,100,100070,100,99733,100,100093,100,99729,100,100101,100,99672,100,100135,100,99659,100
2019-06-28 09:54:19.240334275,99957,179,99932,100,100004,179,99920,179,100011,279,99871,179,100028,179,99864,179,100043,100,99858,179,100058,100,99830,100,100070,100,99798,100,100093,100,99733,100,100101,100,99729,100,100135,100,99672,100
2019-06-28 09:54:20.000000000,99957,416,99932,416,100004,100,99920,100,100011,200,99871,100,100028,100,99864,100,100043,100,99858,100,100058,100,99830,100,100070,100,99798,100,100093,100,99733,100,100101,100,99729,100,100135,100,99672,100
2019-06-28 09:54:25.423605598,99957,316,99932,416,100004,100,99920,100,100011,200,99871,100,100028,100,99864,100,100043,100,99858,100,100058,100,99830,100,100070,100,99798,100,100093,100,99733,100,100101,100,99729,100,100135,100,99672,100
2019-06-28 09:54:30.000000000,100004,416,99932,416,100011,200,99920,100,100028,100,99871,100,100043,100,99864,100,100058,100,99858,100,100070,100,99830,100,100093,100,99798,100,100101,100,99733,100,100135,100,99729,100,100221,100,99672,100
2019-06-28 09:54:40.000000000,100004,258,99932,258,100011,358,99920,258,100028,100,99871,100,100043,100,99864,100,100058,100,99858,100,100070,100,99830,100,100093,100,99798,100,100101,100,99733,100,100135,100,99729,100,100221,100,99672,100
2019-06-28 09:54:41.052171191,100004,258,99995,100,100011,358,99932,258,100028,100,99920,258,100043,100,99871,100,100058,100,99864,100,100070,100,99858,100,100093,100,99830,100,100101,100,99798,100,100135,100,99733,100,100221,100,99729,100
2019-06-28 09:54:50.000000000,100004,207,99995,207,100011,304,99932,204,100028,204,99920,204,100043,100,99871,100,100058,100,99864,100,100070,100,99858,100,100093,100,99830,100,100101,100,99798,100,100135,100,99733,100,100221,100,99729,100
2019-06-28 09:55:00.000000000,100004,207,99995,207,100011,304,99932,204,100028,204,99920,204,100043,100,99871,100,100058,100,99864,100,100070,100,99858,100,100093,100,99830,100,100101,100,99798,100,100135,100,99733,100,100221,100,99729,100
2019-06-28 09:55:09.788493559,100004,207,99995,207,100011,304,99932,204,100028,204,99920,204,100043,100,99871,100,100070,100,99864,100,100093,100,99858,100,100101,100,99830,100,100135,100,99798,100,100221,100,99733,100,100269,100,99729,100
2019-06-28 09:55:10.000000000,100004,207,99995,207,100011,304,99932,204,100028,204,99920,204,100043,100,99871,100,100070,100,99864,100,100093,100,99858,100,100101,100,99830,100,100135,100,99798,100,100221,100,99733,100,100269,100,99729,100
2019-06-28 09:55:14.613672891,100004,107,99995,207,100011,304,99932,204,100028,204,99920,204,100043,100,99871,100,100070,100,99864,100,100093,100,99858,100,100101,100,99830,100,100135,100,99798,100,100221,100,99733,100,100269,100,99729,100
2019-06-28 09:55:18.193711509,100004,107,99995,207,100011,304,99932,204,100028,204,99920,204,100043,100,99871,100,100070,100,99864,100,100093,100,99858,100,100101,100,99830,100,100135,100,99798,100,100221,100,99733,100,100269,100,99729,100
2019-06-28 09:55:20.000000000,100011,358,99995,258,100028,258,99932,258,100043,100,99920,100,100070,100,99871,100,100093,100,99864,100,100101,100,99858,100,100135,100,99830,100,100221,100,99798,100,100269,100,99733,100,100359,100,99729,100
2019-06-28 09:55:26.443487578,100011,258,99995,258,100028,258,99932,258,100043,100,99920,100,100070,100,99871,100,100093,100,99864,100,100101,100,99858,100,100135,100,99830,100,100221,100,99798,100,100269,100,99733,100,100359,100,99729,100
2019-06-28 09:55:30.000000000,100011,179,99995,179,100028,179,99932,179,100043,179,99920,179,100070,179,99871,179,100093,100,99864,100,100101,100,99858,100,100135,100,99830,100,100221,100,99798,100,100269,100,99733,100,100359,100,99729,100
2019-06-28 09:55:31.036709590,100011,79,99995,179,100028,179,99932,179,100043,179,99920,179,100070,179,99871,179,100093,100,99864,100,100101,100,99858,100,100135,100,99830,100,100221,100,99798,100,100269,100,99733,100,100359,100,99729,100
2019-06-28 09:55:40.000000000,100028,258,99995,258,100043,258,99932,258,100070,100,99920,100,100093,100,99871,100,100101,100,99864,100,100135,100,99858,100,100221,100,99830,100,100269,100,99798,100,100359,100,99733,100,100611,100,99729,100
2019-06-28 09:55:43.811638872,100028,258,99995,258,100043,258,99932,258,100093,100,99920,100,100101,100,99871,100,100135,100,99864,100,100221,100,99858,100,100269,100,99830,100,100330,100,99798,100,100359,100,99733,100,100611,100,99729,100
2019-06-28 09:55:50.000000000,100028,258,99995,258,100043,258,99932,258,100093,100,99920,100,100101,100,99871,100,100135,100,99864,100,100221,100,99858,100,100269,100,99830,100,100330,100,99798,100,100359,100,99733,100,100611,100,99729,100
2019-06-28 09:56:00.000000000,100028,207,99995,207,100043,204,99932,204,100093,204,99920,204,100101,100,99871,100,100135,100,99864,100,100221,100,99858,100,100269,100,99830,100,100330,100,99798,100,100359,100,99733,100,100611,100,99729,100
2019-06-28 09:56:03.293702263,100028,107,99995,207,100043,204,99932,204,100093,204,99920,204,100101,100,99871,100,100135,100,99864,100,100221,100,99858,100,100269,100,99830,100,100330,100,99798,100,100359,100,99733,100,100611,100,99729,100
2019-06-28 09:56:10.000000000,100043,207,99995,207,100093,204,99932,204,100101,204,99920,204,100135,100,99871,100,100221,100,99864,100,100269,100,99858,100,100330,100,99830,100,100359,100,99798,100,100611,100,99733,100,100656,100,99729,100
2019-06-28 09:56:20.000000000,100043,179,99995,179,100093,179,99932,179,100101,179,99920,179,100135,179,99871,179,100221,100,99864,100,100269,100,99858,100,100330,100,99830,100,100359,100,99798,100,100611,100,99733,100,100656,100,99729,100
2019-06-28 09:56:27.853658761,100043,79,99995,179,100093,179,99932,179,100101,179,99920,179,100135,179,99871,179,100221,100,99864,100,100269,100,99858,100,100330,100,99830,100,100359,100,99798,100,100611,100,99733,100,100656,100,99729,100
2019-06-28 09:56:28.282301827,100043,79,99995,179,100093,179,99932,179,100101,179,99920,179,100135,179,99871,179,100221,100,99864,100,100269,100,99858,100,100359,100,99830,100,100611,100,99798,100,100656,100,99733,100,101712,100,99729,100
2019-06-28 09:56:30.000000000,100093,207,99995,207,100101,204,99932,204,100135,204,99920,204,100221,100,99871,100,100269,100,99864,100,100359,100,99858,100,100611,100,99830,100,100656,100,99798,100,101712,100,99733,100,,,99729,100
2019-06-28 09:56:40.000000000,100093,163,99995,163,100101,163,99932,163,100135,163,99920,163,100221,163,99871,163,100269,163,99864,163,100359,100,99858,100,100611,100,99830,100,100656,100,99798,100,101712,100,99733,100,,,99729,100
2019-06-28 09:56:50.000000000,100093,207,99995,207,100101,204,99932,204,100135,204,99920,204,100221,100,99871,100,100269,100,99864,100,100359,100,99858,100,100611,100,99830,100,100656,100,99798,100,101712,100,99733,100,,,99729,100
2019-06-28 09:57:00.000000000,100093,207,99995,207,100101,204,99932,204,100135,204,99920,204,100221,100,99871,100,100269,100,99864,100,100359,100,99858,100,100611,100,99830,100,100656,100,99798,100,101712,100,99733,100,,,99729,100
2019-06-28 09:57:02.521068834,100093,107,99995,207,100101,204,99932,204,100135,204,99920,204,100221,100,99871,100,100269,100,99864,100,100359,100,99858,100,100611,100,99830,100,100656,100,99798,100,101712,100,99733,100,,,99729,100
2019-06-28 09:57:03.598959009,100093,7,99995,207,100101,204,99932,204,100135,204,99920,204,100221,100,99871,100,100269,100,99864,100,100359,100,99858,100,100611,100,99830,100,100656,100,99798,100,,,99733,100,,,99729,100
2019-06-28 09:57:10.000000000,100101,207,99995,207,100135,204,99932,204,100221,204,99920,204,100269,100,99871,100,100359,100,99864,100,100611,100,99858,100,100656,100,99830,100,,,99798,100,,,99733,100,,,99729,100
2019-06-28 09:57:12.367576042,100101,107,99995,207,100135,204,99932,204,100221,204,99920,204,100269,100,99871,100,100359,100,99864,100,100611,100,99858,100,100656,100,99830,100,,,99798,100,,,99733,100,,,99729,100
2019-06-28 09:57:20.000000000,100135,416,99995,416,100221,100,99932,100,100269,100,99920,100,100359,100,99871,100,100611,100,99864,100,100656,100,99858,100,,,99830,100,,,99798,100,,,99733,100,,,99729,100
2019-06-28 09:57:30.000000000,100135,207,99995,207,100221,204,99932,204,100269,204,99920,204,100359,100,99871,100,100611,100,99864,100,100656,100,99858,100,,,99830,100,,,99798,100,,,99733,100,,,99729,100
2019-06-28 09:57:40.000000000,100135,416,99995,416,100221,100,99932,100,100269,100,99920,100,100359,100,99871,100,100611,100,99864,100,100656,100,99858,100,,,99830,100,,,99798,100,,,99733,100,,,99729,100
2019-06-28 09:57:43.756751261,100135,316,99995,416,100221,100,99932,100,100269,100,99920,100,100359,100,99871,100,100611,100,99864,100,100656,100,99858,100,,,99830,100,,,99798,100,,,99733,100,,,99729,100
2019-06-28 09:57:45.400982058,100135,216,99995,416,100221,100,99932,100,100269,100,99920,100,100359,100,99871,100,100611,100,99864,100,100656,100,99858,100,,,99830,100,,,99798,100,,,99733,100,,,99729,100
2019-06-28 09:57:50.000000000,100221,258,99995,258,100269,258,99932,258,100359,100,99920,100,100611,100,99871,100,100656,100,99864,100,,,99858,100,,,99830,100,,,99798,100,,,99733,100,,,99729,100
2019-06-28 09:58:00.000000000,100221,416,99995,416,100269,100,99932,100,100359,100,99920,100,100611,100,99871,100,100656,100,99864,100,,,99858,100,,,99830,100,,,99798,100,,,99733,100,,,99729,100
2019-06-28 09:58:10.000000000,100221,163,99995,163,100269,163,99932,163,100359,163,99920,163,100611,163,99871,163,100656,163,99864,163,,,99858,100,,,99830,100,,,99798,100,,,99733,100,,,99729,100
2019-06-28 09:58:11.510099596,100221,63,99995,163,100269,163,99932,163,100359,163,99920,163,100611,163,99871,163,100656,163,99864,163,,,99858,100,,,99830,100,,,99798,100,,,99733,100,,,99729,100
2019-06-28 09:58:20.000000000,100269,258,99995,258,100359,258,99932,258,100611,100,99920,100,100656,100,99871,100,,,99864,100,,,99858,100,,,99830,100,,,99798,100,,,99733,100,,,99729,100
2019-06-28 09:58:29.592929397,100269,158,99995,258,100359,258,99932,258,100611,100,99920,100,100656,100,99871,100,,,99864,100,,,99858,100,,,99830,100,,,99798,100,,,99733,100,,,99729,100
2019-06-28 09:58:30.000000000,100359,416,99995,416,100611,100,99932,100,100656,100,99920,100,,,99871,100,,,99864,100,,,99858,100,,,99830,100,,,99798,100,,,99733,100,,,99729,100
2019-06-28 09:58:34.626271120,100359,416,100221,100,100611,100,99995,416,100656,100,99932,100,,,99920,100,,,99871,100,,,99864,100,,,99858,100,,,99830,100,,,99798,100,,,99733,100
2019-06-28 09:58:40.000000000,100359,416,100221,416,100611,100,99995,100,100656,100,99932,100,,,99920,100,,,99871,100,,,99864,100,,,99858,100,,,99830,100,,,99798,100,,,99733,100
2019-06-28 09:58:40.002486137,100359,416,100221,316,100611,100,99995,100,100656,100,99932,100,,,99920,100,,,99871,100,,,99864,100,,,99858,100,,,99830,100,,,99798,100,,,99733,100
2019-06-28 09:58:50.000000000,100359,163,99995,163,100611,163,99932,163,100656,163,99920,163,100657,63,99871,163,,,99864,163,,,99858,100,,,99830,100,,,99798,100,,,99733,100,,,99729,100
2019-06-28 09:59:00.000000000,100359,207,99995,207,100611,204,99932,204,100656,204,99920,204,,,99871,100,,,99864,100,,,99858,100,,,99830,100,,,99798,100,,,99733,100,,,99729,100
2019-06-28 09:59:07.622308126,100359,107,99995,207,100611,204,99932,204,100656,204,99920,204,,,99871,100,,,99864,100,,,99858,100,,,99830,100,,,99798,100,,,99729,100,,,99659,100
2019-06-28 09:59:10.000000000,100611,258,99995,258,100656,258,99932,258,,,99920,100,,,99871,100,,,99864,100,,,99858,100,,,99830,100,,,99798,100,,,99729,100,,,99659,100
2019-06-28 09:59:20.000000000,100611,179,99995,179,100656,179,99932,179,100657,79,99920,179,,,99871,179,,,99864,100,,,99858,100,,,99830,100,,,99798,100,,,99729,100,,,99659,100
2019-06-28 09:59:22.566067211,100611,179,99995,179,100656,179,99932,179,100657,79,99920,179,101667,100,99871,179,,,99864,100,,,99858,100,,,99830,100,,,99798,100,,,99729,100,,,99659,100
2019-06-28 09:59:30.000000000,100611,179,99995,179,100656,179,99932,179,101667,179,99920,179,101668,79,99871,179,,,99864,100,,,99858,100,,,99830,100,,,99798,100,,,99729,100,,,99659,100
2019-06-28 09:59:33.258357967,100611,179,100269,100,100656,179,99995,179,101667,179,99932,179,101668,79,99920,179,,,99871,179,,,99864,100,,,99858,100,,,99830,100,,,99798,100,,,99729,100
2019-06-28 09:59:40.000000000,100611,179,100269,179,100656,179,99995,179,101667,179,99932,179,101668,79,99920,179,,,99871,100,,,99864,100,,,99858,100,,,99830,100,,,99798,100,,,99729,100
2019-06-28 09:59:44.301674865,100611,179,100269,179,100656,179,99995,179,101605,100,99932,179,101667,179,99920,179,101668,79,99871,100,,,99858,100,,,99830,100,,,99798,100,,,99729,100,,,99659,100
2019-06-28 09:59:50.000000000,100611,416,100269,416,100656,100,99995,100,101605,100,99932,100,101667,100,99920,100,,,99871,100,,,99858,100,,,99830,100,,,99798,100,,,99729,100,,,99659,100
2019-06-28 09:59:50.507165862,100611,416,100269,516,100656,100,99995,100,101605,100,99932,100,101667,100,99920,100,,,99871,100,,,99858,100,,,99830,100,,,99798,100,,,99729,100,,,99659,100
2019-06-28 10:00:00.000000000,100611,258,100269,358,100656,258,99995,258,101605,100,99932,100,101667,100,99920,100,,,99871,100,,,99858,100,,,99830,100,,,99798,100,,,99729,100,,,99659,100
2019-06-28 10:00:10.000000000,100611,416,100269,516,100656,100,99995,100,101605,100,99932,100,101667,100,99920,100,,,99871,100,,,99858,100,,,99830,100,,,99798,100,,,99729,100,,,99659,100
2019-06-28 10:00:20.000000000,100611,179,100269,279,100656,179,99995,179,101605,179,99932,179,101667,179,99920,179,,,99871,100,,,99858,100,,,99830,100,,,99798,100,,,99729,100,,,99659,100
2019-06-28 10:00:30.000000000,100611,179,100269,279,100656,179,99995,179,101605,179,99932,179,101667,179,99920,179,,,99871,100,,,99858,100,,,99830,100,,,99798,100,,,99729,100,,,99659,100
2019-06-28 10:00:38.673887080,100611,79,100269,279,100656,179,99995,179,101605,179,99932,179,101667,179,99920,179,,,99871,100,,,99858,100,,,99830,100,,,99798,100,,,99729,100,,,99659,100
2019-06-28 10:00:40.000000000,100656,163,100269,263,101605,163,99995,163,101667,163,99932,163,101668,63,99920,163,,,99871,163,,,99858,100,,,99830,100,,,99798,100,,,99729,100,,,99659,100
2019-06-28 10:00:47.933854281,100656,163,100269,263,101429,100,99995,163,101605,163,99932,163,101667,163,99920,163,101668,63,99871,163,,,99858,100,,,99830,100,,,99798,100,,,99729,100,,,99659,100
2019-06-28 10:00:50.000000000,100656,207,100269,307,101429,204,99995,204,101605,204,99932,204,101667,100,99920,100,,,99871,100,,,99858,100,,,99830,100,,,99798,100,,,99729,100,,,99659,100
2019-06-28 10:00:53.791178402,100656,107,100269,307,101429,204,99995,204,101605,204,99932,204,101667,100,99920,100,,,99871,100,,,99858,100,,,99830,100,,,99798,100,,,99729,100,,,99659,100
2019-06-28 10:00:56.192156764,100656,7,100269,307,101429,204,99995,204,101605,204,99932,204,101667,100,99920,100,,,99871,100,,,99858,100,,,99830,100,,,99798,100,,,99729,100,,,99659,100
2019-06-28 10:01:00.000000000,101429,207,100269,307,101605,204,99995,204,101667,204,99932,204,,,99920,100,,,99871,100,,,99858,100,,,99830,100,,,99798,100,,,99729,100,,,99659,100
2019-06-28 10:01:10.000000000,101429,163,100269,263,101605,163,99995,163,101667,163,99932,163,101668,63,99920,163,,,99871,163,,,99858,100,,,99830,100,,,99798,100,,,99729,100,,,99659,100
2019-06-28 10:01:20.000000000,101429,207,100269,307,101605,204,99995,204,101667,204,99932,204,,,99920,100,,,99871,100,,,99858,100,,,99830,100,,,99798,100,,,99729,100,,,99659,100
2019-06-28 10:01:20.051893803,101429,207,101219,100,101605,204,100269,307,101667,204,99995,204,,,99932,204,,,99920,100,,,99871,100,,,99858,100,,,99830,100,,,99798,100,,,99729,100
2019-06-28 10:01:30.000000000,101429,416,101219,416,101605,100,100269,200,101667,100,99995,100,,,99932,100,,,99920,100,,,99871,100,,,99858,100,,,99830,100,,,99798,100,,,99729,100
2019-06-28 10:01:40.000000000,101429,258,101219,258,101605,258,100269,358,101667,100,99995,100,,,99932,100,,,99920,100,,,99871,100,,,99858,100,,,99830,100,,,99798,100,,,99729,100
2019-06-28 10:01:47.695878706,101429,158,101219,258,101605,258,100269,358,101667,100,99995,100,,,99932,100,,,99920,100,,,99871,100,,,99858,100,,,99830,100,,,99798,100,,,99729,100
2019-06-28 10:01:50.000000000,101605,258,101219,258,101667,258,100269,358,,,99995,100,,,99932,100,,,99920,100,,,99871,100,,,99858,100,,,99830,100,,,99798,100,,,99729,100
2019-06-28 10:02:00.000000000,101605,258,101219,258,101667,258,100269,358,,,99995,100,,,99932,100,,,99920,100,,,99871,100,,,99858,100,,,99830,100,,,99798,100,,,99729,100
2019-06-28 10:02:10.000000000,101605,416,101219,416,101667,100,100269,200,,,99995,100,,,99932,100,,,99920,100,,,99871,100,,,99858,100,,,99830,100,,,99798,100,,,99729,100
2019-06-28 10:02:10.581330898,101605,316,101219,416,101667,100,100269,200,,,99995,100,,,99932,100,,,99920,100,,,99871,100,,,99858,100,,,99830,100,,,99798,100,,,99729,100
2019-06-28 10:02:14.840873845,101605,316,101345,100,101667,100,101219,416,,,100269,200,,,99995,100,,,99932,100,,,99920,100,,,99871,100,,,99858,100,,,99798,100,,,99729,100
2019-06-28 10:02:20.000000000,101667,258,101345,258,101668,158,101219,258,,,100269,200,,,99995,100,,,99932,100,,,99920,100,,,99871,100,,,99858,100,,,99798,100,,,99729,100
2019-06-28 10:02:21.919362973,101667,258,101634,100,101668,158,101345,258,,,101219,258,,,100269,200,,,99995,100,,,99932,100,,,99920,100,,,99871,100,,,99858,100,,,99798,100
2019-06-28 10:02:30.000000000,101667,258,101634,258,101668,158,101345,258,,,101219,100,,,100269,200,,,99995,100,,,99932,100,,,99920,100,,,99871,100,,,99858,100,,,99798,100
2019-06-28 10:02:40.000000000,101667,179,101634,179,101668,79,101345,179,,,101219,179,,,100269,279,,,99995,100,,,99932,100,,,99920,100,,,99871,100,,,99858,100,,,99798,100
2019-06-28 10:02:50.000000000,101667,163,101634,163,101668,63,101345,163,,,101219,163,,,100269,263,,,99995,163,,,99932,100,,,99920,100,,,99871,100,,,99858,100,,,99798,100
2019-06-28 10:02:56.657444758,101667,163,101634,163,101668,63,101345,163,102037,100,101219,163,,,100269,263,,,99995,163,,,99932,100,,,99920,100,,,99871,100,,,99858,100,,,99798,100
2019-06-28 10:03:00.000000000,101667,207,101634,207,102037,204,101345,204,102038,104,101219,204,,,100269,200,,,99995,100,,,99932,100,,,99920,100,,,99871,100,,,99858,100,,,99798,100
2019-06-28 10:03:10.000000000,101667,416,101634,416,102037,100,101345,100,,,101219,100,,,100269,200,,,99995,100,,,99932,100,,,99920,100,,,99871,100,,,99858,100,,,99798,100
2019-06-28 10:03:20.000000000,101667,207,101634,207,102037,204,101345,204,102038,104,101219,204,,,100269,200,,,99995,100,,,99932,100,,,99920,100,,,99871,100,,,99858,100,,,99798,100
2019-06-28 10:03:24.155810229,101667,107,101634,207,102037,204,101345,204,102038,104,101219,204,,,100269,200,,,99995,100,,,99932,100,,,99920,100,,,99871,100,,,99858,100,,,99798,100
2019-06-28 10:03:30.000000000,102037,163,101634,163,102038,63,101345,163,,,101219,163,,,100269,263,,,99995,163,,,99932,100,,,99920,100,,,99871,100,,,99858,100,,,99798,100
2019-06-28 10:03:40.000000000,102037,163,101634,163,102038,63,101345,163,,,101219,163,,,100269,263,,,99995,163,,,99932,100,,,99920,100,,,99871,100,,,99858,100,,,99798,100
2019-06-28 10:03:47.538545923,102037,163,101634,63,102038,63,101345,163,,,101219,163,,,100269,263,,,99995,163,,,99932,100,,,99920,100,,,99871,100,,,99858,100,,,99798,100
2019-06-28 10:03:48.454351298,101679,100,101634,63,102037,163,101345,163,102038,63,101219,163,,,100269,263,,,99995,163,,,99932,100,,,99920,100,,,99871,100,,,99858,100,,,99798,100
2019-06-28 10:03:50.000000000,101679,207,101345,207,102037,204,101219,204,102038,104,100269,304,,,99995,100,,,99932,100,,,99920,100,,,99871,100,,,99858,100,,,99798,100,,,99659,100
2019-06-28 10:04:00.000000000,101679,416,101345,416,102037,100,101219,100,,,100269,200,,,99995,100,,,99932,100,,,99920,100,,,99871,100,,,99858,100,,,99798,100,,,99659,100
2019-06-28 10:04:10.000000000,101679,163,101345,163,102037,163,101219,163,102038,63,100269,263,,,99995,163,,,99932,163,,,99920,100,,,99871,100,,,99858,100,,,99798,100,,,99659,100
2019-06-28 10:04:14.416630471,101679,163,101345,163,101708,100,101219,163,102037,163,100269,263,102038,63,99995,163,,,99932,163,,,99920,100,,,99858,100,,,99798,100,,,99659,100,,,99617,100
2019-06-28 10:04:20.000000000,101679,163,101345,163,101708,163,101219,163,102037,163,100269,263,102038,63,99995,163,,,99932,163,,,99920,100,,,99858,100,,,99798,100,,,99659,100,,,99617,100
2019-06-28 10:04:25.871319744,101627,100,101345,163,101679,163,101219,163,101708,163,100269,263,102037,63,99995,163,102038,63,99932,163,,,99920,100,,,99858,100,,,99798,100,,,99659,100,,,99617,100
2019-06-28 10:04:30.000000000,101627,179,101345,179,101679,179,101219,179,101708,179,100269,279,101709,79,99995,179,,,99932,100,,,99920,100,,,99858,100,,,99798,100,,,99659,100,,,99617,100
2019-06-28 10:04:35.061169918,101627,79,101345,179,101679,179,101219,179,101708,179,100269,279,101709,79,99995,179,,,99932,100,,,99920,100,,,99858,100,,,99798,100,,,99659,100,,,99617,100
2019-06-28 10:04:40.000000000,101679,207,101345,207,101708,204,101219,204,101709,104,100269,304,,,99995,100,,,99932,100,,,99920,100,,,99858,100,,,99798,100,,,99659,100,,,99617,100
2019-06-28 10:04:50.000000000,101679,258,101345,258,101708,258,101219,258,,,100269,200,,,99995,100,,,99932,100,,,99920,100,,,99858,100,,,99798,100,,,99659,100,,,99617,100
2019-06-28 10:05:00.000000000,101679,207,101345,207,101708,204,101219,204,101709,104,100269,304,,,99995,100,,,99932,100,,,99920,100,,,99858,100,,,99798,100,,,99659,100,,,99617,100
2019-06-28 10:05:10.000000000,101679,207,101345,207,101708,204,101219,204,101709,104,100269,304,,,99995,100,,,99932,100,,,99920,100,,,99858,100,,,99798,100,,,99659,100,,,99617,100
2019-06-28 10:05:12.446738693,101679,107,101463,100,101708,204,101345,207,101709,104,101219,204,,,100269,304,,,99995,100,,,99932,100,,,99920,100,,,99858,100,,,99798,100,,,99659,100
2019-06-28 10:05:20.000000000,101708,163,101463,163,101709,63,101345,163,,,101219,163,,,100269,263,,,99995,163,,,99932,100,,,99920,100,,,99858,100,,,99798,100,,,99659,100
2019-06-28 10:05:21.942834266,101708,163,101463,63,101709,63,101345,163,,,101219,163,,,100269,263,,,99995,163,,,99932,100,,,99920,100,,,99858,100,,,99798,100,,,99659,100
2019-06-28 10:05:29.062434373,101708,163,101463,63,101709,63,101460,100,,,101345,163,,,101219,163,,,100269,263,,,99995,163,,,99932,100,,,99920,100,,,99858,100,,,99798,100
2019-06-28 10:05:30.000000000,101708,416,101460,416,,,101345,100,,,101219,100,,,100269,200,,,99995,100,,,99932,100,,,99920,100,,,99858,100,,,99798,100,,,99659,100
2019-06-28 10:05:35.063680401,101708,416,101460,416,,,101400,100,,,101345,100,,,101219,100,,,100269,200,,,99995,100,,,99932,100,,,99920,100,,,99858,100,,,99798,100
2019-06-28 10:05:40.000000000,101708,207,101460,207,101709,104,101400,204,,,101345,204,,,101219,100,,,100269,200,,,99995,100,,,99932,100,,,99920,100,,,99858,100,,,99798,100
2019-06-28 10:05:43.028505462,101626,100,101460,207,101708,207,101400,204,101709,104,101345,204,,,101219,100,,,100269,200,,,99995,100,,,99932,100,,,99920,100,,,99858,100,,,99798,100
2019-06-28 10:05:47.333041730,101626,100,101460,207,101708,207,101400,204,101709,104,101345,204,,,101219,100,,,101133,100,,,100269,200,,,99995,100,,,99932,100,,,99920,100,,,99798,100
2019-06-28 10:05:49.536981835,101626,100,101460,207,101708,207,101400,204,101709,104,101345,104,,,101272,100,,,101219,100,,,101133,100,,,100269,200,,,99995,100,,,99932,100,,,99920,100
2019-06-28 10:05:50.000000000,101626,163,101460,163,101708,163,101400,163,101709,63,101272,163,,,101219,163,,,101133,163,,,100269,200,,,99995,100,,,99932,100,,,99920,100,,,99798,100
2019-06-28 10:05:55.665426092,101626,163,101460,63,101708,163,101400,163,101709,63,101272,63,,,101219,163,,,101133,163,,,100269,200,,,99995,100,,,99932,100,,,99920,100,,,99798,100
2019-06-28 10:06:00.000000000,101626,179,101400,179,101708,179,101219,179,101709,79,101133,179,,,100269,279,,,99995,100,,,99932,100,,,99920,100,,,99798,100,,,99659,100,,,99617,100
2019-06-28 10:06:10.000000000,101626,163,101400,163,101708,163,101219,163,101709,63,101133,163,,,100269,263,,,99995,163,,,99932,100,,,99920,100,,,99798,100,,,99659,100,,,99617,100
2019-06-28 10:06:20.000000000,101626,258,101400,258,101708,258,101219,258,,,101133,100,,,100269,200,,,99995,100,,,99932,100,,,99920,100,,,99798,100,,,99659,100,,,99617,100
2019-06-28 10:06:30.000000000,101626,416,101400,416,101708,100,101219,100,,,101133,100,,,100269,200,,,99995,100,,,99932,100,,,99920,100,,,99798,100,,,99659,100,,,99617,100
2019-06-28 10:06:38.901873704,101626,416,101400,416,101708,100,101219,100,,,101133,100,,,101020,100,,,100269,200,,,99995,100,,,99932,100,,,99920,100,,,99798,100,,,99659,100
2019-06-28 10:06:40.000000000,101626,163,101400,163,101708,163,101219,163,101709,63,101133,163,,,101020,163,,,100269,263,,,99995,100,,,99932,100,,,99920,100,,,99798,100,,,99659,100
2019-06-28 10:06:50.000000000,101626,207,101400,207,101708,204,101219,204,101709,104,101133,204,,,101020,100,,,100269,200,,,99995,100,,,99932,100,,,99920,100,,,99798,100,,,99659,100
2019-06-28 10:07:00.000000000,101626,207,101400,207,101708,204,101219,204,101709,104,101133,204,,,101020,100,,,100269,200,,,99995,100,,,99932,100,,,99920,100,,,99798,100,,,99659,100
2019-06-28 10:07:03.581219793,101626,207,101400,207,101708,204,101219,204,101709,104,101133,204,,,101020,100,,,100269,200,,,100201,100,,,99995,100,,,99932,100,,,99920,100,,,99798,100
2019-06-28 10:07:05.510587263,101626,207,101400,207,101708,204,101219,204,101709,104,101133,204,,,101020,100,,,100455,100,,,100269,200,,,100201,100,,,99995,100,,,99932,100,,,99920,100
2019-06-28 10:07:10.000000000,101626,179,101400,179,101708,179,101219,179,101709,79,101133,179,,,101020,179,,,100455,100,,,100269,200,,,100201,100,,,99995,100,,,99932,100,,,99920,100
2019-06-28 10:07:14.171857193,101626,179,101400,79,101708,179,101219,179,101709,79,101133,179,,,101020,179,,,100455,100,,,100269,200,,,100201,100,,,99995,100,,,99932,100,,,99920,100
2019-06-28 10:07:20.000000000,101626,163,101219,163,101708,163,101133,163,101709,63,101020,163,,,100455,163,,,100269,263,,,100201,100,,,99995,100,,,99932,100,,,99920,100,,,99798,100
2019-06-28 10:07:30.000000000,101626,179,101219,179,101708,179,101133,179,101709,79,101020,179,,,100455,179,,,100269,200,,,100201,100,,,99995,100,,,99932,100,,,99920,100,,,99798,100
2019-06-28 10:07:38.099253723,101460,100,101219,179,101626,179,101133,179,101708,179,101020,179,101709,79,100455,179,,,100269,200,,,100201,100,,,99995,100,,,99932,100,,,99920,100,,,99798,100
2019-06-28 10:07:40.000000000,101460,258,101219,258,101626,258,101133,258,101708,100,101020,100,,,100455,100,,,100269,200,,,100201,100,,,99995,100,,,99932,100,,,99920,100,,,99798,100
2019-06-28 10:07:45.371505539,101460,258,101219,258,101626,258,101133,258,101708,100,101020,100,,,100455,100,,,100430,100,,,100269,200,,,100201,100,,,99995,100,,,99932,100,,,99920,100
2019-06-28 10:07:50.000000000,101460,207,101219,207,101626,204,101133,204,101708,204,101020,204,,,100455,100,,,100430,100,,,100269,200,,,100201,100,,,99995,100,,,99932,100,,,99920,100
2019-06-28 10:07:54.445090284,101460,207,101219,107,101626,204,101133,204,101708,204,101020,204,,,100455,100,,,100430,100,,,100269,200,,,100201,100,,,99995,100,,,99932,100,,,99920,100
2019-06-28 10:08:00.000000000,101460,179,101133,179,101626,179,101020,179,101708,179,100455,179,101709,79,100430,179,,,100269,200,,,100201,100,,,99995,100,,,99932,100,,,99920,100,,,99798,100
2019-06-28 10:08:07.210855241,101133,21,101020,179,101460,179,100455,179,101626,179,100430,179,101708,179,100269,200,101709,79,100201,100,,,99995,100,,,99932,100,,,99920,100,,,99798,100,,,99659,100
2019-06-28 10:08:10.000000000,101133,337,101020,416,101460,100,100455,100,101626,100,100430,100,101708,100,100269,200,,,100201,100,,,99995,100,,,99932,100,,,99920,100,,,99798,100,,,99659,100
2019-06-28 10:08:20.000000000,101133,337,101020,416,101460,100,100455,100,101626,100,100430,100,101708,100,100269,200,,,100201,100,,,99995,100,,,99932,100,,,99920,100,,,99798,100,,,99659,100
2019-06-28 10:08:30.000000000,101133,128,101020,207,101460,204,100455,204,101626,204,100430,204,101708,100,100269,200,,,100201,100,,,99995,100,,,99932,100,,,99920,100,,,99798,100,,,99659,100
2019-06-28 10:08:35.764936062,101133,128,101020,207,101460,204,100455,204,101626,204,100430,204,101708,100,100269,200,,,100201,100,,,99995,100,,,99932,100,,,99920,100,,,99798,100,,,99689,100
2019-06-28 10:08:36.346427083,101133,128,101020,207,101460,204,100455,204,101626,204,100430,204,101708,100,100269,200,,,100201,100,,,99995,100,,,99932,100,,,99920,100,,,99798,100,,,99742,100
2019-06-28 10:08:40.000000000,101133,84,101020,163,101460,163,100455,163,101626,163,100430,163,101708,163,100269,263,101709,63,100201,163,,,99995,100,,,99932,100,,,99920,100,,,99798,100,,,99742,100
2019-06-28 10:08:41.393696989,101133,84,101020,163,101219,100,100455,163,101460,163,100430,163,101626,163,100269,263,101708,163,100201,163,101709,63,99995,100,,,99932,100,,,99920,100,,,99798,100,,,99742,100
2019-06-28 10:08:50.000000000,101133,84,101020,163,101219,163,100455,163,101460,163,100430,163,101626,163,100269,263,101708,163,100201,163,,,99995,100,,,99932,100,,,99920,100,,,99798,100,,,99742,100
2019-06-28 10:08:50.594083776,101133,84,101020,63,101219,163,100455,163,101460,163,100430,163,101626,163,100269,263,101708,163,100201,163,,,99995,100,,,99932,100,,,99920,100,,,99798,100,,,99742,100
2019-06-28 10:08:55.315242653,101133,84,101020,63,101219,163,100455,163,101460,163,100430,163,101626,163,100269,263,101708,163,100201,163,,,99995,100,,,99932,100,,,99920,100,,,99801,100,,,99798,100
2019-06-28 10:09:00.000000000,101133,337,100455,416,101219,100,100430,100,101460,100,100269,200,101626,100,100201,100,101708,100,99995,100,,,99932,100,,,99920,100,,,99801,100,,,99798,100,,,99742,100
2019-06-28 10:09:10.000000000,101133,100,100455,179,101219,179,100430,179,101460,179,100269,279,101626,179,100201,179,101708,100,99995,100,,,99932,100,,,99920,100,,,99801,100,,,99798,100,,,99742,100
2019-06-28 10:09:15.024656115,101133,100,100455,79,101219,179,100430,179,101460,179,100269,279,101626,179,100201,179,101708,100,99995,100,,,99932,100,,,99920,100,,,99801,100,,,99798,100,,,99742,100
2019-06-28 10:09:20.000000000,101133,337,100430,416,101219,100,100269,200,101460,100,100201,100,101626,100,99995,100,101708,100,99932,100,,,99920,100,,,99801,100,,,99798,100,,,99742,100,,,99689,100
2019-06-28 10:09:30.000000000,101133,128,100430,207,101219,204,100269,304,101460,204,100201,204,101626,100,99995,100,101708,100,99932,100,,,99920,100,,,99801,100,,,99798,100,,,99742,100,,,99689,100
2019-06-28 10:09:40.000000000,101133,128,100430,207,101219,204,100269,304,101460,204,100201,204,101626,100,99995,100,101708,100,99932,100,,,99920,100,,,99801,100,,,99798,100,,,99742,100,,,99689,100
2019-06-28 10:09:50.000000000,101133,337,100430,416,101219,100,100269,200,101460,100,100201,100,101626,100,99995,100,101708,100,99932,100,,,99920,100,,,99801,100,,,99798,100,,,99742,100,,,99689,100
2019-06-28 10:09:50.857320657,101133,337,100430,316,101219,100,100269,200,101460,100,100201,100,101626,100,99995,100,101708,100,99932,100,,,99920,100,,,99801,100,,,99798,100,,,99742,100,,,99689,100
2019-06-28 10:10:00.000000000,101133,84,100269,263,101219,163,100201,163,101460,163,99995,163,101626,163,99932,163,101708,163,99920,163,,,99801,100,,,99798,100,,,99742,100,,,99689,100,,,99226,100
2019-06-28 10:10:10.000000000,101133,337,100269,516,101219,100,100201,100,101460,100,99995,100,101626,100,99932,100,101708,100,99920,100,,,99801,100,,,99798,100,,,99742,100,,,99689,100,,,99226,100
2019-06-28 10:10:14.908238437,101133,337,100269,516,101219,100,100201,100,101460,100,99995,100,101626,100,99932,100,101708,100,99920,100,,,99801,100,,,99798,100,,,99742,100,,,99722,100,,,99689,100
2019-06-28 10:10:20.000000000,101133,84,100269,263,101219,163,100201,163,101460,163,99995,163,101626,163,99932,163,101708,163,99920,163,,,99801,100,,,99798,100,,,99742,100,,,99722,100,,,99689,100
2019-06-28 10:10:30.000000000,101133,337,100269,516,101219,100,100201,100,101460,100,99995,100,101626,100,99932,100,101708,100,99920,100,,,99801,100,,,99798,100,,,99742,100,,,99722,100,,,99689,100
2019-06-28 10:10:40.000000000,101133,100,100269,279,101219,179,100201,179,101460,179,99995,179,101626,179,99932,179,101708,100,99920,100,,,99801,100,,,99798,100,,,99742,100,,,99722,100,,,99689,100
2019-06-28 10:10:42.339403011,101133,100,100269,279,101219,179,100201,179,101460,179,99995,179,101626,179,99932,179,101708,100,99920,100,,,99801,100,,,99798,100,,,99759,100,,,99742,100,,,99722,100
2019-06-28 10:10:50.000000000,101133,84,100269,263,101219,163,100201,163,101460,163,99995,163,101626,163,99932,163,101708,163,99920,163,,,99801,100,,,99798,100,,,99759,100,,,99742,100,,,99722,100
2019-06-28 10:11:00.000000000,101133,100,100269,279,101219,179,100201,179,101460,179,99995,179,101626,179,99932,179,101708,100,99920,100,,,99801,100,,,99798,100,,,99759,100,,,99742,100,,,99722,100
2019-06-28 10:11:00.460542805,101133,100,100269,279,101219,179,100201,179,101460,179,99995,179,101626,179,99932,179,101708,100,99920,100,,,99801,100,,,99798,100,,,99759,100,,,99742,200,,,99722,100
2019-06-28 10:11:02.680326356,100455,100,100269,279,101133,100,100201,179,101219,179,99995,179,101460,179,99932,179,101626,179,99920,100,101708,100,99801,100,,,99798,100,,,99759,100,,,99742,200,,,99722,100
2019-06-28 10:11:10.000000000,100455,163,100269,263,101133,84,100201,163,101219,163,99995,163,101460,163,99932,163,101626,163,99920,163,101708,100,99801,100,,,99798,100,,,99759,100,,,99742,200,,,99722,100
2019-06-28 10:11:20.000000000,100455,163,100269,263,101133,84,100201,163,101219,163,99995,163,101460,163,99932,163,101626,163,99920,163,101708,100,99801,100,,,99798,100,,,99759,100,,,99742,200,,,99722,100
2019-06-28 10:11:28.914815984,100455,163,100269,263,101133,84,100201,163,101219,163,99995,163,101460,163,99932,163,101626,163,99920,163,101708,100,99801,100,,,99798,100,,,99759,100,,,99742,200,,,99722,100
2019-06-28 10:11:30.000000000,100455,163,100269,263,101133,84,100201,163,101219,163,99995,163,101460,163,99932,163,101626,163,99920,163,101708,100,99801,100,,,99798,100,,,99759,100,,,99742,200,,,99722,100
2019-06-28 10:11:40.000000000,100455,163,100269,263,101133,84,100201,163,101219,163,99995,163,101460,163,99932,163,101626,163,99920,163,101708,100,99801,100,,,99798,100,,,99759,100,,,99742,200,,,99722,100
2019-06-28 10:11:48.937082318,100455,163,100269,263,101133,84,100201,163,101219,163,99995,163,101460,163,99932,163,101626,163,99920,163,101708,100,99801,100,,,99798,100,,,99759,100,,,99742,100,,,99722,100
2019-06-28 10:11:50.000000000,100455,258,100269,358,101133,179,100201,258,101219,100,99995,100,101460,100,99932,100,101626,100,99920,100,101708,100,99801,100,,,99798,100,,,99759,100,,,99742,100,,,99722,100
2019-06-28 10:12:00.000000000,100455,179,100269,279,101133,100,100201,179,101219,179,99995,179,101460,179,99932,179,101626,100,99920,100,101708,100,99801,100,,,99798,100,,,99759,100,,,99742,100,,,99722,100
2019-06-28 10:12:10.000000000,100455,416,100269,516,101133,21,100201,100,101219,100,99995,100,101460,100,99932,100,101626,100,99920,100,101708,100,99801,100,,,99798,100,,,99759,100,,,99742,100,,,99722,100
