,ask_price_1,ask_size_1,bid_price_1,bid_size_1,ask_price_2,ask_size_2,bid_price_2,bid_size_2,ask_price_3,ask_size_3,bid_price_3,bid_size_3,ask_price_4,ask_size_4,bid_price_4,bid_size_4,ask_price_5,ask_size_5,bid_price_5,bid_size_5,ask_price_6,ask_size_6,bid_price_6,bid_size_6,ask_price_7,ask_size_7,bid_price_7,bid_size_7,ask_price_8,ask_size_8,bid_price_8,bid_size_8,ask_price_9,ask_size_9,bid_price_9,bid_size_9,ask_price_10,ask_size_10,bid_price_10,bid_size_10
2019-06-28 09:30:00.000000000,,,99816,100,,,,,,,,,,,,,,,,,,,,,,,,,,,,,,,,,,,,
2019-06-28 09:30:00.000000002,,,99929,100,,,99816,100,,,,,,,,,,,,,,,,,,,,,,,,,,,,,,,,
2019-06-28 09:30:00.000000003,99999,100,99947,100,,,99929,100,,,99816,100,,,,,,,,,,,,,,,,,,,,,,,,,,,,
2019-06-28 09:30:00.000000004,99994,100,99993,100,99999,100,99947,100,100012,100,99929,100,100050,100,99852,100,,,99816,100,,,,,,,,,,,,,,,,,,,,
2019-06-28 09:30:00.000000006,99994,100,99993,100,99999,100,99947,100,100012,100,99929,100,100050,100,99852,100,100082,100,99816,100,,,,,,,,,,,,,,,,,,,,
2019-06-28 09:30:00.000000009,99994,100,99993,100,99999,100,99947,100,100012,100,99945,100,100050,100,99929,100,100082,100,99852,100,,,99816,100,,,,,,,,,,,,,,,,
2019-06-28 09:30:00.000000011,99994,100,99993,100,99999,100,99947,100,100012,100,99945,100,100050,100,99929,100,100061,100,99852,100,100082,100,99816,100,,,,,,,,,,,,,,,,
2019-06-28 09:30:00.000000012,99994,100,99993,100,99999,100,99947,100,100012,100,99945,100,100050,100,99929,100,100061,100,99900,100,100082,100,99852,100,,,99816,100,,,,,,,,,,,,
2019-06-28 09:30:00.000000014,99994,100,99947,100,99999,100,99945,100,100012,100,99929,100,100050,100,99900,100,100061,100,99852,100,100082,100,99816,100,,,,,,,,,,,,,,,,
2019-06-28 09:30:00.000000016,99999,100,99993,100,100012,100,99947,100,100050,100,99945,100,100061,100,99929,100,100082,100,99900,100,,,99852,100,,,99816,100,,,,,,,,,,,,
2019-06-28 09:30:00.000000018,99999,100,99993,100,100012,100,99947,100,100050,100,99945,100,100061,100,99929,100,100082,100,99910,100,,,99900,100,,,99852,100,,,99816,100,,,,,,,,
2019-06-28 09:30:00.000000023,99999,100,99993,100,100012,100,99947,100,100050,100,99945,100,100061,100,99929,100,100082,100,99910,100,,,99900,100,,,99852,100,,,99822,100,,,99816,100,,,,
2019-06-28 09:30:00.000000027,99999,100,99993,100,100012,100,99947,100,100050,100,99945,100,100051,100,99929,100,100061,100,99910,100,100082,100,99900,100,,,99871,100,,,99852,100,,,99822,100,,,99816,100
2019-06-28 09:30:00.000000029,99999,100,99993,100,100012,100,99947,100,100050,100,99945,100,100051,100,99929,100,100061,100,99910,100,100082,100,99900,100,,,99876,100,,,99871,100,,,99852,100,,,99822,100
2019-06-28 09:30:00.000000030,99994,100,99993,100,99999,100,99947,100,100012,100,99945,100,100050,100,99929,100,100051,100,99910,100,100061,100,99900,100,100082,100,99876,100,,,99871,100,,,99852,100,,,99822,100
2019-06-28 09:30:00.000000034,99994,100,99993,100,99999,100,99947,100,100012,100,99945,100,100050,100,99929,100,100051,100,99917,100,100061,100,99910,100,100082,100,99900,100,,,99876,100,,,99871,100,,,99852,100
2019-06-28 09:30:00.000000035,99994,100,99993,100,99999,100,99947,100,100005,100,99945,100,100012,100,99931,100,100050,100,99929,100,100051,100,99917,100,100061,100,99910,100,100082,100,99900,100,,,99876,100,,,99871,100
2019-06-28 09:30:00.000000042,99994,100,99956,100,99999,100,99947,100,100005,100,99945,100,100012,100,99931,100,100050,100,99929,100,100051,100,99917,100,100061,100,99910,100,100062,100,99900,100,100082,100,99876,100,,,99871,100
2019-06-28 09:30:00.000000045,99994,100,99956,200,99999,100,99947,100,100005,100,99945,100,100012,100,99931,100,100050,100,99929,100,100051,100,99917,100,100061,100,99910,100,100062,100,99900,100,100082,100,99876,100,,,99871,100
2019-06-28 09:30:00.000000047,99970,100,99956,200,99994,100,99947,100,99999,100,99945,100,100005,100,99931,100,100012,100,99929,100,100050,100,99917,100,100051,100,99910,100,100061,100,99900,100,100062,100,99876,100,100082,100,99871,100
2019-06-28 09:30:00.000000054,99994,100,99956,200,99999,100,99947,100,100005,100,99945,100,100012,100,99931,100,100050,100,99929,100,100051,100,99917,100,100061,100,99910,100,100062,100,99900,100,100082,100,99876,100,,,99871,100
2019-06-28 09:30:00.000000056,99994,100,99963,100,99999,100,99956,200,100005,100,99947,100,100012,100,99945,100,100050,100,99931,100,100051,100,99929,100,100061,100,99917,100,100062,100,99910,100,100082,100,99900,100,,,99876,100
2019-06-28 09:30:00.000000059,99994,100,99963,100,99999,100,99956,200,100005,100,99947,100,100012,100,99945,100,100050,100,99931,100,100051,100,99929,100,100061,100,99917,100,100062,100,99910,100,100077,100,99900,100,100082,100,99876,100
2019-06-28 09:30:00.000000060,99994,100,99970,100,99999,100,99963,100,100005,100,99956,200,100012,100,99947,100,100050,100,99945,100,100051,100,99931,100,100061,100,99929,100,100062,100,99917,100,100077,100,99910,100,100082,100,99900,100
2019-06-28 09:30:00.000000062,99994,100,99970,100,99999,100,99963,100,100005,100,99956,200,100012,100,99947,100,100050,100,99945,100,100051,100,99931,100,100061,100,99929,100,100062,100,99917,100,100065,100,99910,100,100077,100,99900,100
2019-06-28 09:30:00.000000066,99994,100,99970,100,99999,100,99963,100,100005,100,99956,200,100012,100,99947,100,100050,200,99945,100,100051,100,99931,100,100061,100,99929,100,100062,100,99917,100,100065,100,99910,100,100077,100,99900,100
2019-06-28 09:30:00.000000067,99994,100,99974,100,99999,100,99970,100,100005,100,99963,100,100012,100,99956,200,100050,200,99947,100,100051,100,99945,100,100061,100,99931,100,100062,100,99929,100,100065,100,99917,100,100077,100,99910,100
2019-06-28 09:30:00.000000068,99999,100,99974,100,100005,100,99970,100,100012,100,99963,100,100050,200,99956,200,100051,100,99947,100,100061,100,99945,100,100062,100,99931,100,100065,100,99929,100,100077,100,99928,100,100082,100,99917,100
2019-06-28 09:30:00.000000069,99999,100,99970,100,100005,100,99963,100,100012,100,99956,200,100050,200,99947,100,100051,100,99945,100,100061,100,99931,100,100062,100,99929,100,100065,100,99928,100,100077,100,99917,100,100082,100,99910,100
2019-06-28 09:30:00.000000070,99999,100,99970,100,100005,100,99963,100,100012,100,99956,200,100050,200,99947,100,100051,100,99945,100,100061,100,99931,100,100062,100,99929,100,100065,100,99928,100,100077,100,99917,100,100082,100,99910,100
2019-06-28 09:30:00.000000073,99999,100,99995,100,100005,100,99970,100,100012,100,99963,100,100050,200,99956,200,100051,100,99947,100,100061,100,99945,100,100062,100,99931,100,100065,100,99929,100,100077,100,99928,100,100082,100,99917,100
2019-06-28 09:30:00.000000075,99999,100,99995,100,100005,100,99970,100,100012,100,99963,100,100050,200,99956,200,100051,100,99947,100,100061,100,99945,100,100062,100,99935,100,100065,100,99931,100,100077,100,99929,100,100082,100,99928,100
2019-06-28 09:30:00.000000078,99999,100,99995,100,100005,100,99970,100,100012,100,99963,100,100034,100,99956,200,100050,200,99947,100,100051,100,99945,100,100061,100,99935,100,100062,100,99931,100,100065,100,99929,100,100077,100,99928,100
2019-06-28 09:30:00.000000079,99999,100,99995,100,100005,100,99970,100,100012,100,99963,100,100034,100,99956,200,100050,200,99947,100,100051,100,99945,100,100059,100,99935,100,100061,100,99931,100,100062,100,99929,100,100065,100,99928,100
2019-06-28 09:30:00.000000081,99999,100,99995,100,100005,100,99970,100,100012,100,99963,100,100034,100,99956,200,100050,200,99947,100,100051,100,99945,100,100059,100,99935,100,100061,100,99931,100,100062,100,99929,100,100065,100,99928,100
2019-06-28 09:30:00.000000082,100005,100,99995,100,100012,100,99970,100,100034,100,99963,100,100050,200,99956,200,100051,100,99947,100,100059,100,99945,100,100061,100,99935,100,100062,100,99931,100,100065,100,99929,100,100076,100,99928,100
2019-06-28 09:30:00.000000085,99999,100,99995,100,100005,100,99970,100,100012,100,99963,100,100034,100,99956,200,100050,200,99947,100,100051,100,99945,100,100059,100,99935,100,100061,100,99931,100,100062,100,99929,100,100065,100,99928,100
2019-06-28 09:30:00.000000086,99999,100,99995,100,100005,100,99970,100,100012,100,99963,100,100023,100,99956,200,100034,100,99947,100,100042,100,99945,100,100050,200,99935,100,100051,100,99931,100,100059,100,99929,100,100061,100,99928,100
2019-06-28 09:30:00.000000093,99999,100,99995,100,100005,100,99970,100,100012,100,99963,100,100023,100,99956,200,100034,100,99947,100,100042,100,99945,100,100047,100,99935,100,100050,200,99931,100,100051,100,99929,100,100059,100,99928,100
2019-06-28 09:30:00.000000094,99999,100,99995,100,100005,100,99970,100,100012,100,99963,100,100023,100,99956,200,100034,100,99947,100,100042,100,99945,100,100047,100,99935,100,100050,200,99931,100,100051,100,99929,100,100059,100,99928,100
2019-06-28 09:30:00.000000096,99999,100,99995,100,100005,100,99979,100,100012,100,99970,100,100023,100,99963,100,100034,100,99956,200,100042,100,99947,100,100047,100,99945,100,100050,200,99935,100,100051,100,99931,100,100059,100,99929,100
2019-06-28 09:30:00.000000097,99999,100,99995,100,100005,100,99979,100,100012,100,99970,100,100023,100,99963,100,100034,100,99956,200,100042,100,99947,100,100047,100,99945,100,100050,200,99935,100,100051,100,99931,100,100059,100,99929,100
2019-06-28 09:30:00.000000098,99999,100,99996,100,100005,100,99995,100,100012,100,99994,100,100023,100,99979,100,100034,100,99970,100,100042,100,99963,100,100047,100,99956,200,100050,200,99947,100,100051,100,99945,100,100059,100,99935,100
2019-06-28 09:30:10.000000000,99999,171,99996,171,100005,171,99995,171,100012,171,99994,171,100023,171,99979,171,100034,171,99970,171,100042,100,99963,100,100047,100,99956,200,100050,200,99947,100,100051,100,99945,100,100059,100,99935,100
2019-06-28 09:30:20.000000000,99999,456,99996,456,100005,100,99995,100,100012,100,99994,100,100023,100,99979,100,100034,100,99970,100,100042,100,99963,100,100047,100,99956,200,100050,200,99947,100,100051,100,99945,100,100059,100,99935,100
2019-06-28 09:30:30.000000000,99999,221,99996,221,100005,217,99995,217,100012,217,99994,217,100023,100,99979,100,100034,100,99970,100,100042,100,99963,100,100047,100,99956,200,100050,200,99947,100,100051,100,99945,100,100059,100,99935,100
2019-06-28 09:30:40.000000000,99999,171,99996,171,100005,171,99995,171,100012,171,99994,171,100023,171,99979,171,100034,171,99970,171,100042,100,99963,100,100047,100,99956,200,100050,200,99947,100,100051,100,99945,100,100059,100,99935,100
2019-06-28 09:30:45.188257384,99999,71,99996,171,100005,171,99995,171,100012,171,99994,171,100023,171,99979,171,100034,171,99970,171,100042,100,99963,100,100047,100,99956,200,100050,200,99947,100,100051,100,99945,100,100059,100,99935,100
2019-06-28 09:30:50.000000000,100005,456,99996,456,100012,100,99995,100,100023,100,99994,100,100034,100,99979,100,100042,100,99970,100,100047,100,99963,100,100050,200,99956,200,100051,100,99947,100,100059,100,99945,100,100061,100,99935,100
2019-06-28 09:30:50.182487650,100005,356,99996,456,100012,100,99995,100,100023,100,99994,100,100034,100,99979,100,100042,100,99970,100,100047,100,99963,100,100050,200,99956,200,100051,100,99947,100,100059,100,99945,100,100061,100,99935,100
2019-06-28 09:30:54.316096609,100005,356,99996,456,100012,100,99995,100,100023,100,99994,100,100034,100,99979,100,100042,100,99970,100,100047,100,99963,100,100050,200,99956,200,100051,100,99947,100,100059,100,99945,100,100061,100,99935,100
2019-06-28 09:30:56.137639269,100005,356,99996,456,100012,100,99995,100,100023,100,99994,100,100034,100,99979,100,100042,100,99970,100,100047,100,99963,100,100050,200,99956,200,100051,100,99947,100,100059,100,99945,100,100061,100,99935,100
2019-06-28 09:30:56.784242366,100005,256,99996,456,100012,100,99995,100,100023,100,99994,100,100034,100,99979,100,100042,100,99970,100,100047,100,99963,100,100050,200,99956,200,100051,100,99947,100,100061,100,99945,100,100062,100,99935,100
2019-06-28 09:31:00.000000000,100012,221,99996,221,100023,217,99995,217,100034,217,99994,217,100042,100,99979,100,100047,100,99970,100,100050,200,99963,100,100051,100,99956,200,100061,100,99947,100,100062,100,99945,100,100076,100,99935,100
2019-06-28 09:31:10.000000000,100012,221,99996,221,100023,217,99995,217,100034,217,99994,217,100042,100,99979,100,100047,100,99970,100,100050,200,99963,100,100051,100,99956,200,100061,100,99947,100,100062,100,99945,100,100076,100,99935,100
2019-06-28 09:31:20.000000000,100012,221,99996,221,100023,217,99995,217,100034,217,99994,217,100042,100,99979,100,100047,100,99970,100,100050,200,99963,100,100051,100,99956,200,100061,100,99947,100,100062,100,99945,100,100076,100,99935,100
2019-06-28 09:31:22.801511378,100012,121,99996,221,100023,217,99995,217,100034,217,99994,217,100042,100,99979,100,100047,100,99970,100,100050,200,99963,100,100051,100,99956,200,100061,100,99947,100,100062,100,99945,100,100076,100,99935,100
2019-06-28 09:31:30.000000000,100023,456,99996,456,100034,100,99995,100,100042,100,99994,100,100047,100,99979,100,100050,200,99970,100,100051,100,99963,100,100061,100,99956,200,100062,100,99947,100,100076,100,99945,100,100077,100,99935,100
2019-06-28 09:31:40.000000000,100023,171,99996,171,100034,171,99995,171,100042,171,99994,171,100047,171,99979,171,100050,271,99970,171,100051,100,99963,100,100061,100,99956,200,100062,100,99947,100,100076,100,99945,100,100077,100,99935,100
2019-06-28 09:31:48.270124823,100023,171,100008,100,100034,171,99996,171,100042,171,99995,171,100047,171,99994,171,100050,271,99979,171,100051,100,99970,171,100061,100,99963,100,100062,100,99956,200,100076,100,99947,100,100077,100,99945,100
2019-06-28 09:31:50.000000000,100023,456,100008,456,100034,100,99996,100,100042,100,99995,100,100047,100,99994,100,100050,200,99979,100,100051,100,99970,100,100061,100,99963,100,100062,100,99956,200,100076,100,99947,100,100077,100,99945,100
2019-06-28 09:31:55.944207997,100023,356,100008,456,100034,100,99996,100,100042,100,99995,100,100047,100,99994,100,100050,200,99979,100,100051,100,99970,100,100061,100,99963,100,100062,100,99956,200,100076,100,99947,100,100077,100,99945,100
2019-06-28 09:32:00.000000000,100034,456,100008,456,100042,100,99996,100,100047,100,99995,100,100050,200,99994,100,100051,100,99979,100,100061,100,99970,100,100062,100,99963,100,100076,100,99956,200,100077,100,99947,100,100082,100,99945,100
2019-06-28 09:32:10.000000000,100034,221,100008,221,100042,217,99996,217,100047,217,99995,217,100050,200,99994,100,100051,100,99979,100,100061,100,99970,100,100062,100,99963,100,100076,100,99956,200,100077,100,99947,100,100082,100,99945,100
2019-06-28 09:32:20.000000000,100034,221,100008,221,100042,217,99996,217,100047,217,99995,217,100050,200,99994,100,100051,100,99979,100,100061,100,99970,100,100062,100,99963,100,100076,100,99956,200,100077,100,99947,100,100082,100,99945,100
2019-06-28 09:32:30.000000000,100034,278,100008,278,100042,278,99996,278,100047,100,99995,100,100050,200,99994,100,100051,100,99979,100,100061,100,99970,100,100062,100,99963,100,100076,100,99956,200,100077,100,99947,100,100082,100,99945,100
2019-06-28 09:32:40.000000000,100034,189,100008,189,100042,189,99996,189,100047,189,99995,189,100050,289,99994,189,100051,100,99979,100,100061,100,99970,100,100062,100,99963,100,100076,100,99956,200,100077,100,99947,100,100082,100,99945,100
2019-06-28 09:32:50.000000000,100034,221,100008,221,100042,217,99996,217,100047,217,99995,217,100050,200,99994,100,100051,100,99979,100,100061,100,99970,100,100062,100,99963,100,100076,100,99956,200,100077,100,99947,100,100082,100,99945,100
2019-06-28 09:32:59.586382831,100034,221,100008,221,100042,217,99996,217,100047,217,99995,217,100050,200,99994,100,100051,100,99979,100,100061,100,99970,100,100062,100,99963,100,100076,100,99956,200,100077,100,99947,100,100082,100,99945,100
2019-06-28 09:33:00.000000000,100034,171,100008,171,100042,171,99996,171,100047,171,99995,171,100050,271,99994,171,100051,171,99979,171,100061,100,99970,100,100062,100,99963,100,100076,100,99956,200,100077,100,99947,100,100082,100,99945,100
2019-06-28 09:33:10.000000000,100034,456,100008,456,100042,100,99996,100,100047,100,99995,100,100050,200,99994,100,100051,100,99979,100,100061,100,99970,100,100062,100,99963,100,100076,100,99956,200,100077,100,99947,100,100082,100,99945,100
2019-06-28 09:33:14.332023300,100034,456,100008,356,100042,100,99996,100,100047,100,99995,100,100050,200,99994,100,100051,100,99970,100,100061,100,99963,100,100062,100,99956,200,100076,100,99947,100,100077,100,99945,100,100082,100,99935,100
2019-06-28 09:33:19.603911289,100034,456,100008,356,100042,100,99996,100,100047,100,99995,100,100050,200,99994,100,100051,100,99970,100,100061,100,99963,100,100062,100,99956,200,100076,100,99947,100,100077,100,99945,100,100082,100,99935,100
2019-06-28 09:33:20.000000000,100034,221,99996,221,100042,217,99995,217,100047,217,99994,217,100050,200,99970,100,100051,100,99963,100,100061,100,99956,200,100062,100,99947,100,100076,100,99945,100,100077,100,99935,100,100082,100,99931,100
2019-06-28 09:33:25.435000305,100022,100,99996,221,100034,221,99995,217,100042,217,99994,217,100047,217,99970,100,100050,200,99963,100,100051,100,99956,200,100061,100,99947,100,100062,100,99945,100,100076,100,99935,100,100077,100,99931,100
2019-06-28 09:33:30.000000000,100022,456,99996,456,100034,100,99995,100,100042,100,99994,100,100047,100,99970,100,100050,200,99963,100,100051,100,99956,200,100061,100,99947,100,100062,100,99945,100,100076,100,99935,100,100077,100,99931,100
2019-06-28 09:33:30.843772980,100022,556,99996,456,100034,100,99995,100,100042,100,99994,100,100047,100,99970,100,100050,200,99963,100,100051,100,99956,200,100061,100,99947,100,100062,100,99945,100,100076,100,99935,100,100077,100,99931,100
2019-06-28 09:33:40.000000000,100022,321,99996,221,100034,217,99995,217,100042,217,99994,217,100047,100,99970,100,100050,200,99963,100,100051,100,99956,200,100061,100,99947,100,100062,100,99945,100,100076,100,99935,100,100077,100,99931,100
2019-06-28 09:33:50.000000000,100022,556,99996,456,100034,100,99995,100,100042,100,99994,100,100047,100,99970,100,100050,200,99963,100,100051,100,99956,200,100061,100,99947,100,100062,100,99945,100,100076,100,99935,100,100077,100,99931,100
2019-06-28 09:33:50.684437807,100022,656,99996,456,100034,100,99995,100,100042,100,99994,100,100047,100,99970,100,100050,200,99963,100,100051,100,99956,200,100061,100,99947,100,100062,100,99945,100,100076,100,99935,100,100077,100,99931,100
2019-06-28 09:33:51.927747221,100022,656,99996,456,100034,100,99995,100,100042,100,99994,100,100047,100,99970,100,100050,200,99963,100,100051,100,99956,200,100061,100,99947,100,100062,100,99945,100,100076,100,99935,100,100077,100,99931,100
2019-06-28 09:34:00.000000000,100022,371,99996,171,100034,171,99995,171,100042,171,99994,171,100047,171,99970,171,100050,271,99963,171,100051,100,99956,200,100061,100,99947,100,100062,100,99945,100,100076,100,99935,100,100077,100,99931,100
2019-06-28 09:34:01.640821599,100022,371,99996,71,100034,171,99995,171,100042,171,99994,171,100047,171,99970,171,100050,271,99963,171,100051,100,99956,200,100061,100,99947,100,100062,100,99945,100,100076,100,99935,100,100077,100,99929,100
2019-06-28 09:34:10.000000000,100022,421,99995,221,100034,217,99994,217,100042,217,99970,217,100047,100,99963,100,100050,200,99956,200,100051,100,99947,100,100061,100,99945,100,100062,100,99935,100,100076,100,99929,100,100077,100,99928,100
2019-06-28 09:34:20.000000000,100022,389,99995,189,100034,189,99994,189,100042,189,99970,189,100047,189,99963,189,100050,200,99956,200,100051,100,99947,100,100061,100,99945,100,100062,100,99935,100,100076,100,99929,100,100077,100,99928,100
2019-06-28 09:34:30.000000000,100022,371,99995,171,100034,171,99994,171,100042,171,99970,171,100047,171,99963,171,100050,271,99956,271,100051,100,99947,100,100061,100,99945,100,100062,100,99935,100,100076,100,99929,100,100077,100,99928,100
2019-06-28 09:34:40.000000000,100022,656,99995,456,100034,100,99994,100,100042,100,99970,100,100047,100,99963,100,100050,200,99956,200,100051,100,99947,100,100061,100,99945,100,100062,100,99935,100,100076,100,99929,100,100077,100,99928,100
2019-06-28 09:34:41.158126531,100022,656,99995,456,100034,100,99994,100,100042,100,99970,100,100047,100,99963,100,100050,200,99956,200,100051,100,99947,100,100061,100,99945,100,100062,100,99935,100,100076,100,99929,100,100077,100,99928,100
2019-06-28 09:34:44.305105287,100022,656,100011,100,100034,100,99995,456,100042,100,99994,100,100047,100,99970,100,100050,200,99963,100,100051,100,99956,200,100061,100,99947,100,100062,100,99945,100,100076,100,99935,100,100077,100,99929,100
2019-06-28 09:34:46.524284836,100022,656,100011,100,100034,100,99995,456,100042,100,99994,100,100047,100,99970,100,100050,100,99963,100,100051,100,99956,200,100061,100,99947,100,100062,100,99945,100,100076,100,99935,100,100077,100,99929,100
2019-06-28 09:34:50.000000000,100022,371,100011,171,100034,171,99995,171,100042,171,99994,171,100047,171,99970,171,100050,171,99963,171,100051,100,99956,200,100061,100,99947,100,100062,100,99945,100,100076,100,99935,100,100077,100,99929,100
2019-06-28 09:34:53.959779917,100022,371,100011,171,100034,171,100009,100,100042,171,99995,171,100047,171,99994,171,100050,171,99970,171,100051,100,99963,171,100061,100,99956,200,100062,100,99947,100,100076,100,99945,100,100077,100,99935,100
2019-06-28 09:35:00.000000000,100022,371,100011,171,100034,171,100009,171,100042,171,99995,171,100047,171,99994,171,100050,171,99970,171,100051,100,99963,100,100061,100,99956,200,100062,100,99947,100,100076,100,99945,100,100077,100,99935,100
2019-06-28 09:35:06.364546521,100022,371,100011,171,100034,171,100009,171,100042,171,99995,171,100047,171,99994,171,100050,171,99970,171,100051,100,99963,100,100061,100,99956,200,100062,100,99947,100,100076,100,99945,100,100077,100,99935,100
2019-06-28 09:35:06.575860261,100022,371,100011,71,100034,171,100009,171,100042,171,99995,171,100047,171,99994,171,100050,171,99970,171,100051,100,99963,100,100061,100,99956,200,100062,100,99947,100,100076,100,99945,100,100077,100,99935,100
2019-06-28 09:35:10.000000000,100022,421,100009,221,100034,217,99995,217,100042,217,99994,217,100047,100,99970,100,100050,100,99963,100,100051,100,99956,200,100061,100,99947,100,100062,100,99945,100,100076,100,99935,100,100077,100,99929,100
2019-06-28 09:35:20.000000000,100022,421,100009,221,100034,217,99995,217,100042,217,99994,217,100047,100,99970,100,100050,100,99963,100,100051,100,99956,200,100061,100,99947,100,100062,100,99945,100,100076,100,99935,100,100077,100,99929,100
2019-06-28 09:35:21.318370827,100022,421,100009,221,100034,217,99995,217,100042,217,99994,217,100047,100,99970,100,100050,100,99963,100,100051,100,99956,200,100061,100,99947,100,100062,100,99945,100,100076,100,99935,100,100077,100,99929,100
2019-06-28 09:35:30.000000000,100022,421,100009,221,100034,217,99995,217,100042,217,99994,217,100047,100,99970,100,100050,100,99963,100,100051,100,99956,200,100061,100,99947,100,100062,100,99945,100,100076,100,99935,100,100077,100,99929,100
2019-06-28 09:35:33.001397141,100022,321,100009,221,100034,217,99995,217,100042,217,99994,217,100047,100,99970,100,100050,100,99963,100,100051,100,99956,200,100061,100,99947,100,100062,100,99945,100,100076,100,99935,100,100077,100,99929,100
2019-06-28 09:35:40.000000000,100022,378,100009,278,100034,278,99995,278,100042,100,99994,100,100047,100,99970,100,100050,100,99963,100,100051,100,99956,200,100061,100,99947,100,100062,100,99945,100,100076,100,99935,100,100077,100,99929,100
2019-06-28 09:35:50.000000000,100022,321,100009,221,100034,217,99995,217,100042,217,99994,217,100047,100,99970,100,100050,100,99963,100,100051,100,99956,200,100061,100,99947,100,100062,100,99945,100,100076,100,99935,100,100077,100,99929,100
2019-06-28 09:36:00.000000000,100022,321,100009,221,100034,217,99995,217,100042,217,99994,217,100047,100,99970,100,100050,100,99963,100,100051,100,99956,200,100061,100,99947,100,100062,100,99945,100,100076,100,99935,100,100077,100,99929,100
2019-06-28 09:36:02.485370010,100022,321,100012,100,100034,217,100009,221,100042,217,99995,217,100047,100,99994,217,100050,100,99970,100,100051,100,99963,100,100061,100,99956,200,100062,100,99947,100,100076,100,99945,100,100077,100,99935,100
2019-06-28 09:36:08.767821651,100022,321,100012,100,100034,217,100009,221,100042,217,99995,217,100047,100,99994,217,100050,100,99970,100,100051,100,99963,100,100061,100,99956,200,100062,100,99947,100,100076,100,99945,100,100077,100,99935,100
2019-06-28 09:36:10.000000000,100022,378,100012,278,100034,278,100009,278,100042,100,99995,100,100047,100,99994,100,100050,100,99970,100,100051,100,99963,100,100061,100,99956,200,100062,100,99947,100,100076,100,99945,100,100077,100,99935,100
2019-06-28 09:36:20.000000000,100022,378,100012,278,100034,278,100009,278,100042,100,99995,100,100047,100,99994,100,100050,100,99970,100,100051,100,99963,100,100061,100,99956,200,100062,100,99947,100,100076,100,99945,100,100077,100,99935,100
2019-06-28 09:36:29.981799230,100022,378,100012,278,100034,278,100009,278,100042,100,99995,100,100047,100,99994,100,100050,100,99970,100,100051,100,99963,100,100061,100,99956,100,100062,100,99947,100,100076,100,99945,100,100077,100,99935,100
2019-06-28 09:36:30.000000000,100022,289,100012,189,100034,189,100009,189,100042,189,99995,189,100047,189,99994,189,100050,100,99970,100,100051,100,99963,100,100061,100,99956,100,100062,100,99947,100,100076,100,99945,100,100077,100,99935,100
2019-06-28 09:36:33.029579299,100022,189,100012,189,100034,189,100009,189,100042,189,99995,189,100047,189,99994,189,100050,100,99970,100,100051,100,99963,100,100061,100,99947,100,100062,100,99945,100,100076,100,99935,100,100077,100,99929,100
2019-06-28 09:36:40.000000000,100022,456,100012,456,100034,100,100009,100,100042,100,99995,100,100047,100,99994,100,100050,100,99970,100,100051,100,99963,100,100061,100,99947,100,100062,100,99945,100,100076,100,99935,100,100077,100,99929,100
2019-06-28 09:36:50.000000000,100022,278,100012,278,100034,278,100009,278,100042,100,99995,100,100047,100,99994,100,100050,100,99970,100,100051,100,99963,100,100061,100,99947,100,100062,100,99945,100,100076,100,99935,100,100077,100,99929,100
2019-06-28 09:37:00.000000000,100022,278,100012,278,100034,278,100009,278,100042,100,99995,100,100047,100,99994,100,100050,100,99970,100,100051,100,99963,100,100061,100,99947,100,100062,100,99945,100,100076,100,99935,100,100077,100,99929,100
2019-06-28 09:37:10.000000000,100022,278,100012,278,100034,278,100009,278,100042,100,99995,100,100047,100,99994,100,100050,100,99970,100,100051,100,99963,100,100061,100,99947,100,100062,100,99945,100,100076,100,99935,100,100077,100,99929,100
2019-06-28 09:37:18.077332542,100022,278,100012,278,100034,278,100009,278,100042,100,99995,100,100047,100,99970,100,100050,100,99963,100,100051,100,99947,100,100061,100,99945,100,100062,100,99935,100,100076,100,99929,100,100077,100,99928,100
2019-06-28 09:37:20.000000000,100022,171,100012,171,100034,171,100009,171,100042,171,99995,171,100047,171,99970,171,100050,171,99963,171,100051,100,99947,100,100061,100,99945,100,100062,100,99935,100,100076,100,99929,100,100077,100,99928,100
2019-06-28 09:37:30.000000000,100022,189,100012,189,100034,189,100009,189,100042,189,99995,189,100047,189,99970,189,100050,100,99963,100,100051,100,99947,100,100061,100,99945,100,100062,100,99935,100,100076,100,99929,100,100077,100,99928,100
2019-06-28 09:37:40.000000000,100022,221,100012,221,100034,217,100009,217,100042,217,99995,217,100047,100,99970,100,100050,100,99963,100,100051,100,99947,100,100061,100,99945,100,100062,100,99935,100,100076,100,99929,100,100077,100,99928,100
2019-06-28 09:37:48.120236497,100022,221,100012,121,100034,217,100009,217,100042,217,99995,217,100050,100,99970,100,100051,100,99963,100,100061,100,99947,100,100062,100,99945,100,100076,100,99935,100,100077,100,99929,100,100082,100,99928,100
2019-06-28 09:37:50.000000000,100022,456,100009,456,100034,100,99995,100,100042,100,99970,100,100050,100,99963,100,100051,100,99947,100,100061,100,99945,100,100062,100,99935,100,100076,100,99929,100,100077,100,99928,100,100082,100,99910,100
2019-06-28 09:38:00.000000000,100022,189,100009,189,100034,189,99995,189,100042,189,99970,189,100050,189,99963,189,100051,100,99947,100,100061,100,99945,100,100062,100,99935,100,100076,100,99929,100,100077,100,99928,100,100082,100,99910,100
2019-06-28 09:38:10.000000000,100022,189,100009,189,100034,189,99995,189,100042,189,99970,189,100050,189,99963,189,100051,100,99947,100,100061,100,99945,100,100062,100,99935,100,100076,100,99929,100,100077,100,99928,100,100082,100,99910,100
2019-06-28 09:38:11.411922753,100022,189,100009,89,100034,189,99995,189,100042,189,99970,189,100050,189,99963,189,100051,100,99947,100,100061,100,99945,100,100062,100,99935,100,100076,100,99929,100,100077,100,99928,100,100082,100,99910,100
2019-06-28 09:38:20.000000000,100022,189,99995,189,100034,189,99970,189,100042,189,99963,189,100050,189,99947,189,100051,100,99945,100,100061,100,99935,100,100062,100,99929,100,100076,100,99928,100,100077,100,99910,100,100082,100,99900,100
2019-06-28 09:38:30.000000000,100022,189,99995,189,100034,189,99970,189,100042,189,99963,189,100050,189,99947,189,100051,100,99945,100,100061,100,99935,100,100062,100,99929,100,100076,100,99928,100,100077,100,99910,100,100082,100,99900,100
2019-06-28 09:38:32.718798010,100022,189,99995,189,100034,189,99970,89,100042,189,99963,189,100050,189,99947,189,100051,100,99945,100,100061,100,99935,100,100062,100,99929,100,100076,100,99928,100,100077,100,99910,100,100082,100,99900,100
2019-06-28 09:38:40.000000000,100022,171,99995,171,100034,171,99963,171,100042,171,99947,171,100050,171,99945,171,100051,171,99935,171,100061,100,99929,100,100062,100,99928,100,100076,100,99910,100,100077,100,99900,100,100082,100,99876,100
2019-06-28 09:38:50.000000000,100022,171,99995,171,100034,171,99963,171,100042,171,99947,171,100050,171,99945,171,100051,171,99935,171,100061,100,99929,100,100062,100,99928,100,100076,100,99910,100,100077,100,99900,100,100082,100,99876,100
2019-06-28 09:39:00.000000000,100022,189,99995,189,100034,189,99963,189,100042,189,99947,189,100050,189,99945,189,100051,100,99935,100,100061,100,99929,100,100062,100,99928,100,100076,100,99910,100,100077,100,99900,100,100082,100,99876,100
2019-06-28 09:39:00.384340312,100022,189,99995,89,100034,189,99963,189,100042,189,99947,189,100050,89,99945,189,100051,100,99935,100,100061,100,99929,100,100062,100,99928,100,100076,100,99910,100,100077,100,99900,100,100082,100,99876,100
2019-06-28 09:39:01.068506214,99995,11,99963,189,100022,189,99947,189,100034,189,99945,189,100042,189,99935,100,100050,89,99929,100,100051,100,99928,100,100061,100,99910,100,100062,100,99900,100,100076,100,99876,100,100077,100,99871,100
2019-06-28 09:39:10.000000000,99995,367,99963,456,100022,100,99947,100,100034,100,99945,100,100042,100,99935,100,100051,100,99929,100,100061,100,99928,100,100062,100,99910,100,100076,100,99900,100,100077,100,99876,100,100082,100,99871,100
2019-06-28 09:39:13.436731393,99995,367,99963,356,100022,100,99947,100,100034,100,99945,100,100042,100,99935,100,100051,100,99929,100,100061,100,99928,100,100062,100,99910,100,100076,100,99900,100,100077,100,99876,100,100082,100,99871,100
2019-06-28 09:39:19.832316757,99995,367,99963,256,100022,100,99947,100,100034,100,99945,100,100042,100,99929,100,100051,100,99928,100,100061,100,99910,100,100062,100,99900,100,100076,100,99876,100,100077,100,99871,100,100082,100,99852,100
2019-06-28 09:39:20.000000000,99995,189,99947,278,100022,278,99945,278,100034,100,99929,100,100042,100,99928,100,100051,100,99910,100,100061,100,99900,100,100062,100,99876,100,100076,100,99871,100,100077,100,99852,100,100082,100,99836,100
2019-06-28 09:39:30.000000000,99995,132,99947,221,100022,217,99945,217,100034,217,99929,217,100042,100,99928,100,100051,100,99910,100,100061,100,99900,100,100062,100,99876,100,100076,100,99871,100,100077,100,99852,100,100082,100,99836,100
2019-06-28 09:39:40.000000000,99995,189,99947,278,100022,278,99945,278,100034,100,99929,100,100042,100,99928,100,100051,100,99910,100,100061,100,99900,100,100062,100,99876,100,100076,100,99871,100,100077,100,99852,100,100082,100,99836,100
2019-06-28 09:39:42.297415906,99963,100,99947,278,99995,189,99945,278,100022,278,99929,100,100034,100,99928,100,100042,100,99910,100,100051,100,99900,100,100061,100,99876,100,100062,100,99871,100,100076,100,99852,100,100077,100,99836,100
2019-06-28 09:39:50.000000000,99963,221,99947,221,99995,128,99945,217,100022,217,99929,217,100034,100,99928,100,100042,100,99910,100,100051,100,99900,100,100061,100,99876,100,100062,100,99871,100,100076,100,99852,100,100077,100,99836,100
2019-06-28 09:40:00.000000000,99963,278,99947,278,99995,189,99945,278,100022,100,99929,100,100034,100,99928,100,100042,100,99910,100,100051,100,99900,100,100061,100,99876,100,100062,100,99871,100,100076,100,99852,100,100077,100,99836,100
2019-06-28 09:40:10.000000000,99963,278,99947,278,99995,189,99945,278,100022,100,99929,100,100034,100,99928,100,100042,100,99910,100,100051,100,99900,100,100061,100,99876,100,100062,100,99871,100,100076,100,99852,100,100077,100,99836,100
2019-06-28 09:40:20.000000000,99963,456,99947,456,99995,11,99945,100,100022,100,99929,100,100034,100,99928,100,100042,100,99910,100,100051,100,99900,100,100061,100,99876,100,100062,100,99871,100,100076,100,99852,100,100077,100,99836,100
2019-06-28 09:40:30.000000000,99963,456,99947,456,99995,11,99945,100,100022,100,99929,100,100034,100,99928,100,100042,100,99910,100,100051,100,99900,100,100061,100,99876,100,100062,100,99871,100,100076,100,99852,100,100077,100,99836,100
2019-06-28 09:40:30.428907346,99963,456,99947,456,99995,11,99945,100,100022,100,99929,100,100034,100,99928,100,100042,100,99910,100,100051,100,99900,100,100061,100,99876,100,100062,100,99871,100,100076,100,99852,100,100077,100,99836,100
2019-06-28 09:40:39.916023717,99963,456,99947,456,99995,11,99945,100,100022,100,99929,100,100034,100,99928,100,100042,100,99910,100,100051,100,99900,100,100061,100,99876,100,100062,100,99871,100,100076,100,99852,100,100077,100,99836,100
2019-06-28 09:40:40.000000000,99963,456,99947,456,99995,11,99945,100,100022,100,99929,100,100034,100,99928,100,100042,100,99910,100,100051,100,99900,100,100061,100,99876,100,100062,100,99871,100,100076,100,99852,100,100077,100,99836,100
2019-06-28 09:40:43.339417149,99963,456,99956,100,99995,11,99947,456,100022,100,99945,100,100034,100,99929,100,100042,100,99928,100,100051,100,99910,100,100061,100,99900,100,100062,100,99876,100,100076,100,99871,100,100077,100,99852,100
2019-06-28 09:40:43.848217323,99963,456,99956,100,99995,11,99947,456,100022,100,99945,100,100034,100,99929,100,100042,100,99928,100,100051,100,99910,100,100061,100,99900,100,100062,100,99876,100,100076,100,99871,100,100077,100,99852,100
2019-06-28 09:40:44.051547919,99963,356,99956,100,99995,11,99947,456,100022,100,99945,100,100034,100,99929,100,100042,100,99928,100,100051,100,99910,100,100061,100,99900,100,100062,100,99876,100,100076,100,99871,100,100077,100,99852,100
2019-06-28 09:40:50.000000000,99995,367,99956,456,100022,100,99947,100,100034,100,99945,100,100042,100,99929,100,100051,100,99928,100,100061,100,99910,100,100062,100,99900,100,100076,100,99876,100,100077,100,99871,100,100082,100,99852,100
2019-06-28 09:40:56.195123830,99995,367,99956,456,100022,100,99947,100,100034,100,99945,100,100042,100,99929,100,100051,100,99928,100,100061,100,99910,100,100062,100,99900,100,100076,100,99876,100,100077,100,99871,100,100083,100,99852,100
2019-06-28 09:40:57.233362310,99995,367,99963,100,100022,100,99956,456,100034,100,99947,100,100042,100,99945,100,100051,100,99929,100,100061,100,99928,100,100062,100,99910,100,100076,100,99900,100,100077,100,99876,100,100083,100,99871,100
2019-06-28 09:41:00.000000000,99995,367,99963,456,100022,100,99956,100,100034,100,99947,100,100042,100,99945,100,100051,100,99929,100,100061,100,99928,100,100062,100,99910,100,100076,100,99900,100,100077,100,99876,100,100083,100,99871,100
2019-06-28 09:41:03.685204423,99995,267,99963,456,100022,100,99956,100,100034,100,99947,100,100042,100,99945,100,100051,100,99929,100,100061,100,99928,100,100062,100,99910,100,100076,100,99900,100,100077,100,99871,100,100083,100,99852,100
2019-06-28 09:41:10.000000000,100022,221,99963,221,100034,217,99956,217,100042,217,99947,217,100051,100,99945,100,100061,100,99929,100,100062,100,99928,100,100076,100,99910,100,100077,100,99900,100,100083,100,99871,100,100151,100,99852,100
2019-06-28 09:41:20.000000000,100022,456,99963,456,100034,100,99956,100,100042,100,99947,100,100051,100,99945,100,100061,100,99929,100,100062,100,99928,100,100076,100,99910,100,100077,100,99900,100,100083,100,99871,100,100151,100,99852,100
2019-06-28 09:41:30.000000000,100022,221,99963,221,100034,217,99956,217,100042,217,99947,217,100051,100,99945,100,100061,100,99929,100,100062,100,99928,100,100076,100,99910,100,100077,100,99900,100,100083,100,99871,100,100151,100,99852,100
2019-06-28 09:41:34.938675626,100022,121,99963,221,100034,117,99956,217,100042,217,99947,217,100051,100,99945,100,100061,100,99929,100,100062,100,99928,100,100076,100,99910,100,100077,100,99900,100,100083,100,99871,100,100151,100,99852,100
2019-06-28 09:41:40.000000000,100042,456,99963,456,100051,100,99956,100,100061,100,99947,100,100062,100,99945,100,100076,100,99929,100,100077,100,99928,100,100083,100,99910,100,100151,100,99900,100,100218,100,99871,100,100246,200,99852,100
2019-06-28 09:41:45.206639730,100042,456,99963,456,100051,100,99956,100,100061,100,99947,100,100062,100,99945,100,100076,100,99929,100,100077,100,99928,100,100083,100,99910,100,100151,100,99900,100,100218,100,99871,100,100246,200,99852,100
2019-06-28 09:41:50.000000000,100042,456,99963,456,100051,100,99956,100,100061,100,99947,100,100062,100,99945,100,100076,100,99929,100,100077,100,99928,100,100083,100,99910,100,100151,100,99900,100,100218,100,99871,100,100246,200,99852,100
2019-06-28 09:42:00.000000000,100042,221,99963,221,100051,217,99956,217,100061,217,99947,217,100062,100,99945,100,100076,100,99929,100,100077,100,99928,100,100083,100,99910,100,100151,100,99900,100,100218,100,99871,100,100246,200,99852,100
2019-06-28 09:42:10.000000000,100042,221,99963,221,100051,217,99956,217,100061,217,99947,217,100062,100,99945,100,100076,100,99929,100,100077,100,99928,100,100083,100,99910,100,100151,100,99900,100,100218,100,99871,100,100246,200,99852,100
2019-06-28 09:42:20.000000000,100042,171,99963,171,100051,171,99956,171,100061,171,99947,171,100062,171,99945,171,100076,171,99929,171,100077,100,99928,100,100083,100,99910,100,100151,100,99900,100,100218,100,99871,100,100246,200,99852,100
2019-06-28 09:42:30.000000000,100042,171,99963,171,100051,171,99956,171,100061,171,99947,171,100062,171,99945,171,100076,171,99929,171,100077,100,99928,100,100083,100,99910,100,100151,100,99900,100,100218,100,99871,100,100246,200,99852,100
2019-06-28 09:42:40.000000000,100042,171,99963,171,100051,171,99956,171,100061,171,99947,171,100062,171,99945,171,100076,171,99929,171,100077,100,99928,100,100083,100,99910,100,100151,100,99900,100,100218,100,99871,100,100246,200,99852,100
2019-06-28 09:42:41.196858205,100042,171,99963,171,100051,171,99956,171,100061,171,99947,171,100062,171,99945,171,100076,171,99929,171,100077,100,99928,100,100083,100,99910,100,100151,100,99900,100,100218,100,99871,100,100246,200,99852,100
2019-06-28 09:42:42.099685808,99994,100,99963,171,100042,171,99956,171,100051,171,99947,171,100061,171,99945,171,100062,171,99929,171,100076,171,99928,100,100077,100,99910,100,100083,100,99900,100,100151,100,99871,100,100218,100,99852,100
2019-06-28 09:42:50.000000000,99994,171,99963,171,100042,171,99956,171,100051,171,99947,171,100061,171,99945,171,100062,171,99929,171,100076,100,99928,100,100077,100,99910,100,100083,100,99900,100,100151,100,99871,100,100218,100,99852,100
2019-06-28 09:42:56.127439457,99994,171,99963,71,100042,171,99956,171,100051,171,99947,171,100061,171,99945,171,100062,171,99929,171,100076,100,99928,100,100077,100,99910,100,100083,100,99900,100,100151,100,99871,100,100218,100,99852,100
2019-06-28 09:43:00.000000000,99994,189,99956,189,100042,189,99947,189,100051,189,99945,189,100061,189,99929,189,100062,100,99928,100,100076,100,99910,100,100077,100,99900,100,100083,100,99871,100,100151,100,99852,100,100218,100,99836,100
2019-06-28 09:43:05.225685773,99993,100,99956,189,99994,189,99947,189,100042,189,99945,189,100051,189,99929,189,100061,189,99928,100,100062,100,99910,100,100076,100,99900,100,100077,100,99871,100,100083,100,99852,100,100151,100,99836,100
2019-06-28 09:43:10.000000000,99993,456,99956,456,99994,100,99947,100,100042,100,99945,100,100051,100,99929,100,100061,100,99928,100,100062,100,99910,100,100076,100,99900,100,100077,100,99871,100,100083,100,99852,100,100151,100,99836,100
2019-06-28 09:43:12.137898005,99993,356,99956,456,99994,100,99947,100,100042,100,99945,100,100051,100,99929,100,100061,100,99928,100,100062,100,99910,100,100076,100,99900,100,100077,100,99871,100,100083,100,99852,100,100151,100,99836,100
2019-06-28 09:43:20.000000000,99994,456,99956,456,100042,100,99947,100,100051,100,99945,100,100061,100,99929,100,100062,100,99928,100,100076,100,99910,100,100077,100,99900,100,100083,100,99871,100,100151,100,99852,100,100218,100,99836,100
2019-06-28 09:43:30.000000000,99994,456,99956,456,100042,100,99947,100,100051,100,99945,100,100061,100,99929,100,100062,100,99928,100,100076,100,99910,100,100077,100,99900,100,100083,100,99871,100,100151,100,99852,100,100218,100,99836,100
2019-06-28 09:43:32.157389259,99994,456,99956,356,100042,100,99947,100,100051,100,99945,100,100061,100,99929,100,100062,100,99928,100,100077,100,99910,100,100083,100,99900,100,100151,100,99871,100,100218,100,99852,100,100246,200,99836,100
2019-06-28 09:43:40.000000000,99994,278,99947,278,100042,278,99945,278,100051,100,99929,100,100061,100,99928,100,100062,100,99910,100,100077,100,99900,100,100083,100,99871,100,100151,100,99852,100,100218,100,99836,100,100246,200,99816,100
2019-06-28 09:43:50.000000000,99994,171,99947,171,100042,171,99945,171,100051,171,99929,171,100061,171,99928,171,100062,171,99910,171,100077,100,99900,100,100083,100,99871,100,100151,100,99852,100,100218,100,99836,100,100246,200,99816,100
2019-06-28 09:44:00.000000000,99994,171,99947,171,100042,171,99945,171,100051,171,99929,171,100061,171,99928,171,100062,171,99910,171,100077,100,99900,100,100083,100,99871,100,100151,100,99852,100,100218,100,99836,100,100246,200,99816,100
2019-06-28 09:44:00.697749736,99994,171,99947,171,100042,171,99945,171,100051,171,99929,171,100061,171,99928,171,100062,171,99910,171,100077,100,99900,100,100083,100,99871,100,100151,100,99836,100,100218,100,99816,100,100246,200,99698,100
2019-06-28 09:44:06.313148868,99994,171,99947,71,100042,171,99945,171,100051,171,99929,171,100061,171,99928,71,100062,171,99910,171,100077,100,99900,100,100083,100,99871,100,100151,100,99836,100,100218,100,99816,100,100246,200,99698,100
2019-06-28 09:44:10.000000000,99994,221,99945,221,100042,217,99929,217,100051,217,99910,217,100061,100,99900,100,100062,100,99871,100,100077,100,99836,100,100083,100,99816,100,100151,100,99698,100,100218,100,99565,100,100246,200,99373,100
2019-06-28 09:44:20.000000000,99994,278,99945,278,100042,278,99929,278,100051,100,99910,100,100061,100,99900,100,100062,100,99871,100,100077,100,99836,100,100083,100,99816,100,100151,100,99698,100,100218,100,99565,100,100246,200,99373,100
2019-06-28 09:44:23.402297378,99956,100,99945,278,99994,278,99929,278,100042,278,99910,100,100051,100,99900,100,100061,100,99871,100,100062,100,99836,100,100077,100,99816,100,100083,100,99698,100,100151,100,99565,100,100218,100,99373,100
2019-06-28 09:44:30.000000000,99956,189,99945,189,99994,189,99929,189,100042,189,99910,189,100051,189,99900,189,100061,100,99871,100,100062,100,99836,100,100077,100,99816,100,100083,100,99698,100,100151,100,99565,100,100218,100,99373,100
2019-06-28 09:44:38.325783473,99956,189,99945,189,99994,189,99929,189,100042,189,99910,189,100051,189,99900,189,100061,100,99871,100,100062,100,99836,100,100077,100,99816,100,100083,100,99698,100,100151,100,99565,100,100218,100,99420,100
2019-06-28 09:44:40.000000000,99956,456,99945,456,99994,100,99929,100,100042,100,99910,100,100051,100,99900,100,100061,100,99871,100,100062,100,99836,100,100077,100,99816,100,100083,100,99698,100,100151,100,99565,100,100218,100,99420,100
2019-06-28 09:44:50.000000000,99956,189,99945,189,99994,189,99929,189,100042,189,99910,189,100051,189,99900,189,100061,100,99871,100,100062,100,99836,100,100077,100,99816,100,100083,100,99698,100,100151,100,99565,100,100218,100,99420,100
2019-06-28 09:45:00.000000000,99956,221,99945,221,99994,217,99929,217,100042,217,99910,217,100051,100,99900,100,100061,100,99871,100,100062,100,99836,100,100077,100,99816,100,100083,100,99698,100,100151,100,99565,100,100218,100,99420,100
2019-06-28 09:45:02.932034301,99956,221,99945,121,99994,217,99929,217,100042,217,99910,217,100051,100,99900,100,100061,100,99871,100,100062,100,99836,100,100077,100,99816,100,100083,100,99698,100,100218,100,99565,100,100246,200,99420,100
2019-06-28 09:45:10.000000000,99956,456,99929,456,99994,100,99910,100,100042,100,99900,100,100051,100,99871,100,100061,100,99836,100,100062,100,99816,100,100077,100,99698,100,100083,100,99565,100,100218,100,99420,100,100246,200,99373,100
2019-06-28 09:45:19.982881766,99956,456,99929,356,99994,100,99910,100,100042,100,99900,100,100051,100,99871,100,100061,100,99836,100,100062,100,99816,100,100077,100,99698,100,100083,100,99565,100,100218,100,99420,100,100246,200,99373,100
2019-06-28 09:45:20.000000000,99956,189,99910,189,99994,189,99900,189,100042,189,99871,189,100051,189,99836,189,100061,100,99816,100,100062,100,99698,100,100077,100,99565,100,100083,100,99420,100,100218,100,99373,100,100246,200,99046,100
2019-06-28 09:45:24.405686521,99956,189,99910,189,99994,189,99900,189,100042,189,99871,189,100051,189,99836,89,100061,100,99816,100,100062,100,99698,100,100077,100,99565,100,100083,100,99420,100,100139,100,99373,100,100218,100,99046,100
2019-06-28 09:45:30.000000000,99956,221,99910,221,99994,217,99900,217,100042,217,99871,217,100051,100,99816,100,100061,100,99698,100,100062,100,99565,100,100077,100,99420,100,100083,100,99373,100,100139,100,99046,100,100218,100,,
2019-06-28 09:45:40.000000000,99956,456,99910,456,99994,100,99900,100,100042,100,99871,100,100051,100,99816,100,100061,100,99698,100,100062,100,99565,100,100077,100,99420,100,100083,100,99373,100,100139,100,99046,100,100218,100,,
2019-06-28 09:45:42.273753587,99956,456,99910,456,99994,100,99900,100,100042,100,99871,100,100051,100,99827,100,100061,100,99816,100,100062,100,99565,100,100077,100,99420,100,100083,100,99373,100,100139,100,99046,100,100218,100,,
2019-06-28 09:45:50.000000000,99956,189,99910,189,99994,189,99900,189,100042,189,99871,189,100051,189,99827,189,100061,100,99816,100,100062,100,99565,100,100077,100,99420,100,100083,100,99373,100,100139,100,99046,100,100218,100,,
2019-06-28 09:45:54.869481909,99928,100,99910,189,99956,189,99900,189,99994,189,99871,189,100042,189,99827,189,100051,189,99816,100,100061,100,99420,100,100062,100,99373,100,100077,100,99046,100,100083,100,,,100139,100,,
2019-06-28 09:46:00.000000000,99928,221,99910,221,99956,217,99900,217,99994,217,99871,217,100042,100,99827,100,100051,100,99816,100,100061,100,99420,100,100062,100,99373,100,100077,100,99046,100,100083,100,,,100139,100,,
2019-06-28 09:46:10.000000000,99928,189,99910,189,99956,189,99900,189,99994,189,99871,189,100042,189,99827,189,100051,100,99816,100,100061,100,99420,100,100062,100,99373,100,100077,100,99046,100,100083,100,,,100139,100,,
2019-06-28 09:46:15.705567692,99928,189,99910,89,99956,189,99900,189,99994,189,99871,189,100042,189,99827,189,100051,100,99816,100,100061,100,99420,100,100062,100,99373,100,100077,100,99046,100,100083,100,,,100139,100,,
2019-06-28 09:46:20.000000000,99928,189,99900,189,99956,189,99871,189,99994,189,99827,189,100042,189,99816,189,100051,100,99420,100,100061,100,99373,100,100062,100,99046,100,100077,100,,,100083,100,,,100139,100,,
2019-06-28 09:46:29.298827044,99928,189,99900,189,99956,189,99871,189,99994,189,99827,189,100042,189,99816,189,100051,100,99441,100,100061,100,99420,100,100062,100,99373,100,100077,100,99046,100,100083,100,,,100139,100,,
2019-06-28 09:46:30.000000000,99928,189,99900,189,99956,189,99871,189,99994,189,99827,189,100042,189,99816,189,100051,100,99441,100,100061,100,99420,100,100062,100,99373,100,100077,100,99046,100,100083,100,,,100139,100,,
2019-06-28 09:46:32.328132948,99928,189,99900,89,99956,189,99871,189,99994,189,99827,189,100042,189,99816,189,100051,100,99441,100,100061,100,99420,100,100062,100,99373,100,100077,100,99046,100,100083,100,,,100139,100,,
2019-06-28 09:46:40.000000000,99928,171,99871,171,99956,171,99827,171,99994,171,99816,171,100042,171,99441,171,100051,171,99420,171,100061,100,99373,100,100062,100,99046,100,100077,100,,,100083,100,,,100139,100,,
2019-06-28 09:46:50.000000000,99928,278,99871,278,99956,278,99827,278,99994,100,99816,100,100042,100,99441,100,100051,100,99420,100,100061,100,99373,100,100062,100,99046,100,100077,100,,,100083,100,,,100139,100,,
2019-06-28 09:46:53.688300232,99928,278,99871,278,99956,278,99827,278,99994,100,99816,100,100042,100,99441,100,100051,100,99373,100,100061,100,99367,100,100062,100,99046,100,100077,100,,,100083,100,,,100139,100,,
2019-06-28 09:47:00.000000000,99928,221,99871,221,99956,217,99827,217,99994,217,99816,217,100042,100,99441,100,100051,100,99373,100,100061,100,99367,100,100062,100,99046,100,100077,100,,,100083,100,,,100139,100,,
2019-06-28 09:47:01.448716643,99927,100,99871,221,99928,221,99827,217,99956,217,99816,217,99994,217,99441,100,100042,100,99373,100,100051,100,99367,100,100061,100,99046,100,100062,100,,,100077,100,,,100083,100,,
2019-06-28 09:47:10.000000000,99927,456,99871,456,99928,100,99827,100,99956,100,99816,100,99994,100,99441,100,100042,100,99373,100,100051,100,99367,100,100061,100,99046,100,100062,100,,,100077,100,,,100083,100,,
2019-06-28 09:47:12.411625124,99927,456,99871,356,99928,100,99827,100,99956,100,99816,100,99994,100,99441,100,100042,100,99373,100,100051,100,99367,100,100061,100,99046,100,100062,100,,,100077,100,,,100083,100,,
2019-06-28 09:47:20.000000000,99927,171,99827,171,99928,171,99816,171,99956,171,99441,171,99994,171,99373,171,100042,171,99367,171,100051,100,99046,100,100061,100,,,100062,100,,,100077,100,,,100083,100,,
2019-06-28 09:47:30.000000000,99927,221,99827,221,99928,217,99816,217,99956,217,99441,217,99994,100,99373,100,100042,100,99367,100,100051,100,99046,100,100061,100,,,100062,100,,,100077,100,,,100083,100,,
2019-06-28 09:47:37.934046355,99927,221,99827,121,99928,217,99816,217,99956,217,99441,217,99994,100,99373,100,100042,100,99367,100,100051,100,,,100061,100,,,100062,100,,,100077,100,,,100083,100,,
2019-06-28 09:47:38.884235312,99871,100,99827,121,99927,221,99816,217,99928,217,99441,217,99956,217,99373,100,99994,100,99367,100,100042,100,,,100051,100,,,100061,100,,,100062,100,,,100077,100,,
2019-06-28 09:47:40.000000000,99871,278,99816,278,99927,278,99441,278,99928,100,99373,100,99956,100,99367,100,99994,100,,,100042,100,,,100051,100,,,100061,100,,,100062,100,,,100077,100,,
2019-06-28 09:47:49.276350476,99871,278,99816,178,99927,278,99441,278,99928,100,99373,100,99956,100,99367,100,99994,100,,,100042,100,,,100051,100,,,100061,100,,,100062,100,,,100083,100,,
2019-06-28 09:47:50.000000000,99871,456,99441,456,99927,100,99373,100,99928,100,99367,100,99956,100,,,99994,100,,,100042,100,,,100051,100,,,100061,100,,,100062,100,,,100083,100,,
2019-06-28 09:48:00.000000000,99871,278,99441,278,99927,278,99373,278,99928,100,99367,100,99956,100,,,99994,100,,,100042,100,,,100051,100,,,100061,100,,,100062,100,,,100083,100,,
2019-06-28 09:48:00.426939911,99827,100,99441,278,99871,278,99373,278,99927,278,99367,100,99928,100,,,99956,100,,,99994,100,,,100042,100,,,100051,100,,,100061,100,,,100062,100,,
2019-06-28 09:48:00.740579929,99827,200,99441,278,99871,278,99373,278,99927,278,99367,100,99928,100,,,99956,100,,,99994,100,,,100042,100,,,100051,100,,,100061,100,,,100062,100,,
2019-06-28 09:48:09.842243057,99827,300,99441,278,99871,278,99373,278,99927,278,99367,100,99928,100,,,99956,100,,,99994,100,,,100042,100,,,100051,100,,,100061,100,,,100062,100,,
2019-06-28 09:48:10.000000000,99827,389,99441,189,99871,189,99373,189,99927,189,99367,189,99928,189,99366,89,99956,100,,,99994,100,,,100042,100,,,100051,100,,,100061,100,,,100062,100,,
2019-06-28 09:48:20.000000000,99827,421,99441,221,99871,217,99373,217,99927,217,99367,217,99928,100,,,99956,100,,,99994,100,,,100042,100,,,100051,100,,,100061,100,,,100062,100,,
2019-06-28 09:48:25.383633528,99827,421,99441,221,99871,217,99373,217,99927,217,99367,217,99928,100,,,99956,100,,,99994,100,,,100042,100,,,100051,100,,,100061,100,,,100062,100,,
2019-06-28 09:48:30.000000000,99827,478,99441,278,99871,278,99373,278,99927,100,99367,100,99928,100,,,99956,100,,,99994,100,,,100042,100,,,100051,100,,,100061,100,,,100062,100,,
2019-06-28 09:48:40.000000000,99827,656,99441,456,99871,100,99373,100,99927,100,99367,100,99928,100,,,99956,100,,,99994,100,,,100042,100,,,100051,100,,,100061,100,,,100062,100,,
2019-06-28 09:48:46.801489377,99827,656,99441,356,99871,100,99373,100,99927,100,99367,100,99928,100,,,99956,100,,,99994,100,,,100042,100,,,100051,100,,,100061,100,,,100062,100,,
2019-06-28 09:48:50.000000000,99827,371,99373,171,99871,171,99367,171,99927,171,99366,71,99928,171,,,99956,171,,,99994,100,,,100042,100,,,100051,100,,,100061,100,,,100062,100,,
2019-06-28 09:48:57.699263455,99827,371,99373,71,99871,171,99367,171,99927,171,99366,71,99928,171,,,99956,171,,,99994,100,,,100042,100,,,100051,100,,,100061,100,,,100062,100,,
2019-06-28 09:49:00.000000000,99827,371,99367,171,99871,171,99366,71,99927,171,,,99928,171,,,99956,171,,,99994,100,,,100042,100,,,100051,100,,,100061,100,,,100062,100,,
2019-06-28 09:49:07.899114099,99827,371,99367,71,99871,171,99366,71,99927,171,,,99928,171,,,99956,171,,,99994,100,,,100042,100,,,100051,100,,,100061,100,,,100062,100,,
2019-06-28 09:49:10.000000000,99827,300,,,99871,100,,,99927,100,,,99928,100,,,99956,100,,,99994,100,,,100042,100,,,100051,100,,,100061,100,,,100062,100,,
2019-06-28 09:49:20.395640093,99827,300,99056,100,99871,100,,,99927,100,,,99928,100,,,99956,100,,,99994,100,,,100042,100,,,100051,100,,,100061,100,,,100062,100,,
2019-06-28 09:49:20.498695132,99324,100,99056,100,99827,300,,,99871,100,,,99927,100,,,99928,100,,,99956,100,,,99994,100,,,100042,100,,,100061,100,,,100062,100,,
2019-06-28 09:49:30.000000000,99324,221,99056,221,99827,417,99055,117,99871,217,,,99927,100,,,99928,100,,,99956,100,,,99994,100,,,100042,100,,,100061,100,,,100062,100,,
2019-06-28 09:49:38.011853277,99324,221,99312,100,99827,417,99056,221,99871,217,99055,117,99927,100,,,99928,100,,,99956,100,,,99994,100,,,100042,100,,,100061,100,,,100062,100,,
2019-06-28 09:49:40.000000000,99324,456,99312,456,99827,300,99056,100,99871,100,,,99927,100,,,99928,100,,,99956,100,,,99994,100,,,100042,100,,,100061,100,,,100062,100,,
2019-06-28 09:49:46.920338683,99324,456,99312,456,99518,100,99056,100,99827,300,,,99871,100,,,99927,100,,,99928,100,,,99956,100,,,99994,100,,,100042,100,,,100061,100,,
2019-06-28 09:49:50.000000000,99324,221,99312,221,99518,217,99056,217,99827,417,99055,117,99871,100,,,99927,100,,,99928,100,,,99956,100,,,99994,100,,,100042,100,,,100061,100,,
2019-06-28 09:50:00.000000000,99324,221,99312,221,99518,217,99056,217,99827,417,99055,117,99871,100,,,99927,100,,,99928,100,,,99956,100,,,99994,100,,,100042,100,,,100061,100,,
2019-06-28 09:50:07.923025816,99324,221,99312,121,99518,217,99056,217,99827,417,99055,117,99871,100,,,99927,100,,,99928,100,,,99956,100,,,99994,100,,,100042,100,,,100061,100,,
2019-06-28 09:50:08.180885338,99324,221,99312,21,99518,217,99056,217,99827,417,99055,117,99871,100,,,99927,100,,,99928,100,,,99956,100,,,99994,100,,,100042,100,,,100061,100,,
2019-06-28 09:50:10.000000000,99324,456,99056,456,99518,100,,,99827,300,,,99871,100,,,99927,100,,,99928,100,,,99956,100,,,99994,100,,,100042,100,,,100061,100,,
2019-06-28 09:50:20.000000000,99324,189,99056,189,99518,189,99055,89,99827,389,,,99871,189,,,99927,100,,,99928,100,,,99956,100,,,99994,100,,,100042,100,,,100061,100,,
2019-06-28 09:50:30.000000000,99324,189,99056,189,99518,189,99055,89,99827,389,,,99871,189,,,99927,100,,,99928,100,,,99956,100,,,99994,100,,,100042,100,,,100061,100,,
2019-06-28 09:50:33.007077491,99122,100,99056,189,99324,189,99055,89,99518,189,,,99827,389,,,99871,189,,,99927,100,,,99928,100,,,99956,100,,,99994,100,,,100042,100,,
2019-06-28 09:50:40.000000000,99122,189,99056,189,99324,189,99055,89,99518,189,,,99827,389,,,99871,100,,,99927,100,,,99928,100,,,99956,100,,,99994,100,,,100042,100,,
2019-06-28 09:50:50.000000000,99122,221,99056,221,99324,217,99055,117,99518,217,,,99827,300,,,99871,100,,,99927,100,,,99928,100,,,99956,100,,,99994,100,,,100042,100,,
2019-06-28 09:51:00.000000000,99122,278,99056,278,99324,278,99055,178,99518,100,,,99827,300,,,99871,100,,,99927,100,,,99928,100,,,99956,100,,,99994,100,,,100042,100,,
2019-06-28 09:51:10.000000000,99122,456,99056,456,99324,100,,,99518,100,,,99827,300,,,99871,100,,,99927,100,,,99928,100,,,99956,100,,,99994,100,,,100042,100,,
2019-06-28 09:51:12.206728923,99122,356,99056,456,99324,100,,,99518,100,,,99827,200,,,99871,100,,,99927,100,,,99928,100,,,99956,100,,,99994,100,,,100042,100,,
2019-06-28 09:51:19.720239661,99122,256,99056,456,99324,100,,,99518,100,,,99827,200,,,99871,100,,,99927,100,,,99928,100,,,99956,100,,,99994,100,,,100042,100,,
2019-06-28 09:51:19.749941323,99122,156,99056,456,99324,100,,,99518,100,,,99827,200,,,99871,100,,,99927,100,,,99928,100,,,99956,100,,,99994,100,,,100042,100,,
2019-06-28 09:51:20.000000000,99324,221,99056,221,99518,217,99055,117,99827,317,,,99871,100,,,99927,100,,,99928,100,,,99956,100,,,99994,100,,,100042,100,,,100062,100,,
2019-06-28 09:51:28.211646636,99271,100,99056,221,99324,221,99055,117,99518,217,,,99827,317,,,99871,100,,,99927,100,,,99928,100,,,99956,100,,,99994,100,,,100042,100,,
2019-06-28 09:51:30.000000000,99271,278,99056,278,99324,278,99055,178,99518,100,,,99827,200,,,99871,100,,,99927,100,,,99928,100,,,99956,100,,,99994,100,,,100042,100,,
2019-06-28 09:51:40.000000000,99271,456,99056,456,99324,100,,,99518,100,,,99827,200,,,99871,100,,,99927,100,,,99928,100,,,99956,100,,,99994,100,,,100042,100,,
2019-06-28 09:51:50.000000000,99271,171,99056,171,99324,171,99055,71,99518,171,,,99827,271,,,99871,171,,,99927,100,,,99928,100,,,99956,100,,,99994,100,,,100042,100,,
2019-06-28 09:52:00.000000000,99271,171,99056,171,99324,171,99055,71,99518,171,,,99827,271,,,99871,171,,,99927,100,,,99928,100,,,99956,100,,,99994,100,,,100042,100,,
2019-06-28 09:52:06.094570377,99122,100,99056,171,99271,171,99055,71,99324,171,,,99518,171,,,99827,271,,,99871,171,,,99927,100,,,99928,100,,,99956,100,,,99994,100,,
2019-06-28 09:52:10.000000000,99122,456,99056,456,99271,100,,,99324,100,,,99518,100,,,99827,200,,,99871,100,,,99927,100,,,99928,100,,,99956,100,,,99994,100,,
2019-06-28 09:52:16.516372130,99122,456,99056,456,99245,100,,,99271,100,,,99324,100,,,99518,100,,,99827,200,,,99871,100,,,99927,100,,,99928,100,,,99956,100,,
2019-06-28 09:52:20.000000000,99122,221,99056,221,99245,217,99055,117,99271,217,,,99324,100,,,99518,100,,,99827,200,,,99871,100,,,99927,100,,,99928,100,,,99956,100,,
2019-06-28 09:52:30.000000000,99122,171,99056,171,99245,171,99055,71,99271,171,,,99324,171,,,99518,171,,,99827,200,,,99871,100,,,99927,100,,,99928,100,,,99956,100,,
2019-06-28 09:52:38.560847282,99122,171,99056,171,99245,171,99055,71,99271,171,,,99324,171,,,99518,171,,,99827,200,,,99927,100,,,99928,100,,,99956,100,,,99994,100,,
2019-06-28 09:52:40.000000000,99122,456,99056,456,99245,100,,,99271,100,,,99324,100,,,99518,100,,,99827,200,,,99927,100,,,99928,100,,,99956,100,,,99994,100,,
2019-06-28 09:52:50.000000000,99122,456,99056,456,99245,100,,,99271,100,,,99324,100,,,99518,100,,,99827,200,,,99927,100,,,99928,100,,,99956,100,,,99994,100,,
2019-06-28 09:52:55.800442875,99122,456,99056,456,99191,100,,,99245,100,,,99271,100,,,99324,100,,,99518,100,,,99827,200,,,99927,100,,,99928,100,,,99956,100,,
2019-06-28 09:53:00.000000000,99122,278,99056,278,99191,278,99055,178,99245,100,,,99271,100,,,99324,100,,,99518,100,,,99827,200,,,99927,100,,,99928,100,,,99956,100,,
2019-06-28 09:53:10.000000000,99122,278,99056,278,99191,278,99055,178,99245,100,,,99271,100,,,99324,100,,,99518,100,,,99827,200,,,99927,100,,,99928,100,,,99956,100,,
2019-06-28 09:53:20.000000000,99122,189,99056,189,99191,189,99055,89,99245,189,,,99271,189,,,99324,100,,,99518,100,,,99827,200,,,99927,100,,,99928,100,,,99956,100,,
2019-06-28 09:53:30.000000000,99122,189,99056,189,99191,189,99055,89,99245,189,,,99271,189,,,99324,100,,,99518,100,,,99827,200,,,99927,100,,,99928,100,,,99956,100,,
2019-06-28 09:53:31.794602702,99122,289,99056,189,99191,189,99055,89,99245,189,,,99271,189,,,99324,100,,,99518,100,,,99827,200,,,99927,100,,,99928,100,,,99956,100,,
2019-06-28 09:53:36.519707063,99122,289,99056,89,99191,189,99055,89,99245,189,,,99271,189,,,99324,100,,,99518,100,,,99827,200,,,99927,100,,,99928,100,,,99956,100,,
2019-06-28 09:53:36.635173776,99122,289,99056,89,99158,100,99055,89,99191,189,,,99245,189,,,99271,189,,,99324,100,,,99518,100,,,99827,200,,,99927,100,,,99928,100,,
2019-06-28 09:53:40.000000000,99122,200,,,99158,100,,,99191,100,,,99245,100,,,99271,100,,,99324,100,,,99518,100,,,99827,200,,,99927,100,,,99928,100,,
2019-06-28 09:54:55.078031292,99122,200,,,99158,100,,,99191,100,,,99245,100,,,99271,100,,,99324,100,,,99518,100,,,99566,100,,,99827,200,,,99927,100,,
2019-06-28 09:54:57.991902976,99122,100,,,99158,100,,,99191,100,,,99245,100,,,99271,100,,,99324,100,,,99518,100,,,99566,100,,,99827,200,,,99927,100,,
2019-06-28 09:55:22.343692399,99122,100,,,99158,100,,,99191,100,,,99245,100,,,99271,100,,,99324,100,,,99566,100,,,99827,200,,,99927,100,,,99928,100,,
2019-06-28 09:55:30.229118608,99122,100,,,99158,100,,,99191,100,,,99245,100,,,99271,100,,,99324,100,,,99558,100,,,99566,100,,,99827,200,,,99927,100,,
2019-06-28 09:55:53.483882188,99122,100,,,99158,100,,,99191,100,,,99245,100,,,99271,100,,,99324,100,,,99558,100,,,99566,100,,,99827,200,,,99927,100,,
2019-06-28 09:56:08.092899735,99122,100,,,99158,100,,,99191,100,,,99245,100,,,99271,100,,,99324,100,,,99558,100,,,99566,100,,,99827,200,,,99927,100,,
2019-06-28 09:56:17.922400667,99158,100,,,99191,100,,,99245,100,,,99271,100,,,99324,100,,,99558,100,,,99566,100,,,99827,200,,,99927,100,,,99928,100,,
2019-06-28 09:56:36.623690179,99158,100,,,99191,100,,,99245,100,,,99271,100,,,99324,100,,,99558,100,,,99566,100,,,99827,200,,,99927,100,,,99928,100,,
2019-06-28 09:56:41.296344598,99158,100,99122,100,99191,100,,,99245,100,,,99271,100,,,99324,100,,,99558,100,,,99566,100,,,99827,200,,,99927,100,,,99928,100,,
2019-06-28 09:56:50.000000000,99158,171,99122,171,99191,171,99121,71,99245,171,,,99271,171,,,99324,171,,,99558,100,,,99566,100,,,99827,200,,,99927,100,,,99928,100,,
2019-06-28 09:57:00.000000000,99158,189,99122,189,99191,189,99121,89,99245,189,,,99271,189,,,99324,100,,,99558,100,,,99566,100,,,99827,200,,,99927,100,,,99928,100,,
2019-06-28 09:57:10.000000000,99158,456,99122,456,99191,100,,,99245,100,,,99271,100,,,99324,100,,,99558,100,,,99566,100,,,99827,200,,,99927,100,,,99928,100,,
2019-06-28 09:57:20.000000000,99158,221,99122,221,99191,217,99121,117,99245,217,,,99271,100,,,99324,100,,,99558,100,,,99566,100,,,99827,200,,,99927,100,,,99928,100,,
2019-06-28 09:57:27.962114048,99158,221,99122,221,99191,217,99121,117,99245,217,98900,100,99271,100,,,99324,100,,,99558,100,,,99566,100,,,99827,200,,,99927,100,,,99928,100,,
2019-06-28 09:57:30.000000000,99158,221,99122,221,99191,217,98900,217,99245,217,98899,117,99271,100,,,99324,100,,,99558,100,,,99566,100,,,99827,200,,,99927,100,,,99928,100,,
2019-06-28 09:57:38.192712093,99158,221,99122,321,99191,217,98900,217,99245,217,98899,117,99271,100,,,99324,100,,,99558,100,,,99566,100,,,99827,200,,,99927,100,,,99928,100,,
2019-06-28 09:57:40.000000000,99158,221,99122,321,99191,217,98900,217,99245,217,98899,117,99271,100,,,99324,100,,,99558,100,,,99566,100,,,99827,200,,,99927,100,,,99928,100,,
2019-06-28 09:57:43.964069920,99158,221,99122,221,99191,217,98900,217,99245,217,98899,117,99271,100,,,99324,100,,,99558,100,,,99566,100,,,99827,200,,,99927,100,,,99928,100,,
2019-06-28 09:57:50.000000000,99158,456,99122,456,99191,100,98900,100,99245,100,,,99271,100,,,99324,100,,,99558,100,,,99566,100,,,99827,200,,,99927,100,,,99928,100,,
2019-06-28 09:58:00.000000000,99158,189,99122,189,99191,189,98900,189,99245,189,98899,89,99271,189,,,99324,100,,,99558,100,,,99566,100,,,99827,200,,,99927,100,,,99928,100,,
2019-06-28 09:58:10.000000000,99158,221,99122,221,99191,217,98900,217,99245,217,98899,117,99271,100,,,99324,100,,,99558,100,,,99566,100,,,99827,200,,,99927,100,,,99928,100,,
2019-06-28 09:58:14.306249695,99158,221,99122,221,99191,217,98900,217,99245,217,98899,117,99271,100,,,99324,100,,,99376,100,,,99558,100,,,99566,100,,,99827,200,,,99927,100,,
2019-06-28 09:58:20.000000000,99158,456,99122,456,99191,100,98900,100,99245,100,,,99271,100,,,99324,100,,,99376,100,,,99558,100,,,99566,100,,,99827,200,,,99927,100,,
2019-06-28 09:58:30.000000000,99158,221,99122,221,99191,217,98900,217,99245,217,98899,117,99271,100,,,99324,100,,,99376,100,,,99558,100,,,99566,100,,,99827,200,,,99927,100,,
2019-06-28 09:58:36.518933518,99158,121,99122,221,99191,217,98900,217,99245,217,98899,117,99271,100,,,99376,100,,,99558,100,,,99566,100,,,99827,200,,,99927,100,,,99928,100,,
2019-06-28 09:58:39.307979261,99158,21,99122,221,99191,217,98900,217,99245,217,98899,117,99271,100,,,99376,100,,,99558,100,,,99566,100,,,99827,200,,,99927,100,,,99928,100,,
2019-06-28 09:58:40.000000000,99191,171,99122,171,99245,171,98900,171,99271,171,98899,71,99376,171,,,99558,171,,,99566,100,,,99827,200,,,99927,100,,,99928,100,,,99956,100,,
2019-06-28 09:58:44.066556741,99191,171,99158,100,99245,171,99122,171,99271,171,98900,171,99376,171,98899,71,99558,171,,,99566,100,,,99827,200,,,99927,100,,,99928,100,,,99994,100,,
2019-06-28 09:58:49.683325432,99191,71,99158,100,99245,171,99122,171,99271,171,98900,171,99376,171,98899,71,99558,171,,,99566,100,,,99827,200,,,99927,100,,,99928,100,,,99994,100,,
2019-06-28 09:58:50.000000000,99245,189,99158,189,99271,189,99122,189,99376,189,98900,189,99558,189,98899,89,99566,100,,,99827,200,,,99927,100,,,99928,100,,,99994,100,,,100000,100,,
2019-06-28 09:59:00.000000000,99245,189,99158,189,99271,189,99122,189,99376,189,98900,189,99558,189,98899,89,99566,100,,,99827,200,,,99927,100,,,99928,100,,,99994,100,,,100000,100,,
2019-06-28 09:59:10.000000000,99245,189,99158,189,99271,189,99122,189,99376,189,98900,189,99558,189,98899,89,99566,100,,,99827,200,,,99927,100,,,99928,100,,,99994,100,,,100000,100,,
2019-06-28 09:59:20.000000000,99245,456,99158,456,99271,100,99122,100,99376,100,98900,100,99558,100,,,99566,100,,,99827,200,,,99927,100,,,99928,100,,,99994,100,,,100000,100,,
2019-06-28 09:59:30.000000000,99245,456,99158,456,99271,100,99122,100,99376,100,98900,100,99558,100,,,99566,100,,,99827,200,,,99927,100,,,99928,100,,,99994,100,,,100000,100,,
2019-06-28 09:59:40.000000000,99245,278,99158,278,99271,278,99122,278,99376,100,98900,100,99558,100,,,99566,100,,,99827,200,,,99927,100,,,99928,100,,,99994,100,,,100000,100,,
2019-06-28 09:59:50.000000000,99245,189,99158,189,99271,189,99122,189,99376,189,98900,189,99558,189,98899,89,99566,100,,,99827,200,,,99927,100,,,99928,100,,,99994,100,,,100000,100,,
2019-06-28 10:00:00.000000000,99245,189,99158,189,99271,189,99122,189,99376,189,98900,189,99558,189,98899,89,99566,100,,,99827,200,,,99927,100,,,99928,100,,,99994,100,,,100000,100,,
2019-06-28 10:00:02.050637866,99245,189,99158,89,99271,189,99122,189,99376,189,98900,189,99558,189,98899,89,99566,100,,,99827,200,,,99927,100,,,99928,100,,,99994,100,,,100000,100,,
2019-06-28 10:00:10.000000000,99245,278,99122,278,99271,278,98900,278,99376,100,,,99558,100,,,99566,100,,,99827,200,,,99927,100,,,99928,100,,,99994,100,,,100000,100,,
2019-06-28 10:00:20.000000000,99245,221,99122,221,99271,217,98900,217,99376,217,98899,117,99558,100,,,99566,100,,,99827,200,,,99927,100,,,99928,100,,,99994,100,,,100000,100,,
2019-06-28 10:00:24.974599836,99245,221,99122,221,99271,217,98900,217,99376,217,98899,117,99558,100,98841,100,99566,100,,,99827,200,,,99927,100,,,99928,100,,,99994,100,,,100000,100,,
2019-06-28 10:00:30.000000000,99245,456,99122,456,99271,100,98900,100,99376,100,98841,100,99558,100,,,99566,100,,,99827,200,,,99927,100,,,99928,100,,,99994,100,,,100000,100,,
2019-06-28 10:00:38.479736887,99245,456,99122,456,99271,100,98900,100,99376,100,98841,100,99558,100,98830,100,99566,100,,,99827,200,,,99927,100,,,99928,100,,,99994,100,,,100000,100,,
2019-06-28 10:00:40.000000000,99245,456,99122,456,99271,100,98900,100,99376,100,98841,100,99558,100,98830,100,99566,100,,,99827,200,,,99927,100,,,99928,100,,,99994,100,,,100000,100,,
2019-06-28 10:00:50.000000000,99245,189,99122,189,99271,189,98900,189,99376,189,98841,189,99558,189,98830,189,99566,100,,,99827,200,,,99927,100,,,99928,100,,,99994,100,,,100000,100,,
2019-06-28 10:00:59.874278395,99192,100,99122,189,99245,189,98900,189,99271,189,98841,189,99376,189,98830,189,99558,189,,,99566,100,,,99827,200,,,99927,100,,,99928,100,,,99994,100,,
2019-06-28 10:01:00.000000000,99192,171,99122,171,99245,171,98900,171,99271,171,98841,171,99376,171,98830,171,99558,171,98829,71,99566,100,,,99827,200,,,99927,100,,,99928,100,,,99994,100,,
2019-06-28 10:01:10.000000000,99192,189,99122,189,99245,189,98900,189,99271,189,98841,189,99376,189,98830,189,99558,100,,,99566,100,,,99827,200,,,99927,100,,,99928,100,,,99994,100,,
2019-06-28 10:01:12.138301015,99192,189,99122,189,99245,189,98900,189,99271,189,98841,189,99376,189,98830,189,99521,100,,,99558,100,,,99566,100,,,99827,200,,,99927,100,,,99928,100,,
2019-06-28 10:01:14.700590415,99192,89,99122,189,99245,189,98900,189,99271,189,98841,189,99376,189,98830,189,99521,100,,,99558,100,,,99566,100,,,99827,200,,,99927,100,,,99928,100,,
2019-06-28 10:01:20.000000000,99245,189,99122,189,99271,189,98900,189,99376,189,98841,189,99521,189,98830,189,99558,100,,,99566,100,,,99827,200,,,99927,100,,,99928,100,,,99994,100,,
2019-06-28 10:01:20.193156387,99245,189,99122,189,99271,189,98900,189,99376,189,98841,189,99521,189,98830,189,99558,100,,,99566,100,,,99760,100,,,99827,200,,,99927,100,,,99928,100,,
2019-06-28 10:01:30.000000000,99245,189,99122,189,99271,189,98900,189,99376,189,98841,189,99521,189,98830,189,99558,100,,,99566,100,,,99760,100,,,99827,200,,,99927,100,,,99928,100,,
2019-06-28 10:01:40.000000000,99245,171,99122,171,99271,171,98900,171,99376,171,98841,171,99521,171,98830,171,99558,171,98829,71,99566,100,,,99760,100,,,99827,200,,,99927,100,,,99928,100,,
2019-06-28 10:01:46.444030297,99245,171,99122,171,99271,171,98900,171,99376,171,98841,171,99521,171,98830,171,99558,171,98829,71,99566,100,,,99612,100,,,99760,100,,,99827,200,,,99927,100,,
2019-06-28 10:01:50.000000000,99245,189,99122,189,99271,189,98900,189,99376,189,98841,189,99521,189,98830,189,99558,100,,,99566,100,,,99612,100,,,99760,100,,,99827,200,,,99927,100,,
2019-06-28 10:02:00.000000000,99245,171,99122,171,99271,171,98900,171,99376,171,98841,171,99521,171,98830,171,99558,171,98829,71,99566,100,,,99612,100,,,99760,100,,,99827,200,,,99927,100,,
2019-06-28 10:02:10.000000000,99245,171,99122,171,99271,171,98900,171,99376,171,98841,171,99521,171,98830,171,99558,171,98829,71,99566,100,,,99612,100,,,99760,100,,,99827,200,,,99927,100,,
2019-06-28 10:02:20.000000000,99245,456,99122,456,99271,100,98900,100,99376,100,98841,100,99521,100,98830,100,99558,100,,,99566,100,,,99612,100,,,99760,100,,,99827,200,,,99927,100,,
2019-06-28 10:02:21.797918204,99245,356,99122,456,99271,100,98900,100,99376,100,98841,100,99521,100,98830,100,99558,100,,,99566,100,,,99612,100,,,99760,100,,,99827,200,,,99927,100,,
2019-06-28 10:02:23.737820088,99245,356,99140,100,99271,100,99122,456,99376,100,98900,100,99521,100,98841,100,99558,100,98830,100,99566,100,,,99612,100,,,99760,100,,,99827,200,,,99927,100,,
2019-06-28 10:02:24.481759316,99245,356,99140,100,99271,100,99122,456,99278,100,98900,100,99376,100,98841,100,99521,100,98830,100,99558,100,,,99566,100,,,99612,100,,,99760,100,,,99827,200,,
2019-06-28 10:02:30.000000000,99271,171,99140,171,99278,171,99122,171,99376,171,98900,171,99521,171,98841,171,99558,171,98830,171,99566,100,,,99612,100,,,99760,100,,,99827,200,,,99927,100,,
2019-06-28 10:02:40.000000000,99271,221,99140,221,99278,217,99122,217,99376,217,98900,217,99521,100,98841,100,99558,100,98830,100,99566,100,,,99612,100,,,99760,100,,,99827,200,,,99927,100,,
2019-06-28 10:02:50.000000000,99271,221,99140,221,99278,217,99122,217,99376,217,98900,217,99521,100,98841,100,99558,100,98830,100,99566,100,,,99612,100,,,99760,100,,,99827,200,,,99927,100,,
2019-06-28 10:03:00.000000000,99271,278,99140,278,99278,278,99122,278,99376,100,98900,100,99521,100,98841,100,99558,100,98830,100,99566,100,,,99612,100,,,99760,100,,,99827,200,,,99927,100,,
2019-06-28 10:03:10.000000000,99271,456,99140,456,99278,100,99122,100,99376,100,98900,100,99521,100,98841,100,99558,100,98830,100,99566,100,,,99612,100,,,99760,100,,,99827,200,,,99927,100,,
2019-06-28 10:03:20.000000000,99271,221,99140,221,99278,217,99122,217,99376,217,98900,217,99521,100,98841,100,99558,100,98830,100,99566,100,,,99612,100,,,99760,100,,,99827,200,,,99927,100,,
2019-06-28 10:03:30.000000000,99271,171,99140,171,99278,171,99122,171,99376,171,98900,171,99521,171,98841,171,99558,171,98830,171,99566,100,,,99612,100,,,99760,100,,,99827,200,,,99927,100,,
2019-06-28 10:03:40.000000000,99271,171,99140,171,99278,171,99122,171,99376,171,98900,171,99521,171,98841,171,99558,171,98830,171,99566,100,,,99612,100,,,99760,100,,,99827,200,,,99927,100,,
2019-06-28 10:03:50.000000000,99271,456,99140,456,99278,100,99122,100,99376,100,98900,100,99521,100,98841,100,99558,100,98830,100,99566,100,,,99612,100,,,99760,100,,,99827,200,,,99927,100,,
2019-06-28 10:04:00.000000000,99271,456,99140,456,99278,100,99122,100,99376,100,98900,100,99521,100,98841,100,99558,100,98830,100,99566,100,,,99612,100,,,99760,100,,,99827,200,,,99927,100,,
2019-06-28 10:04:10.000000000,99271,189,99140,189,99278,189,99122,189,99376,189,98900,189,99521,189,98841,189,99558,100,98830,100,99566,100,,,99612,100,,,99760,100,,,99827,200,,,99927,100,,
2019-06-28 10:04:19.832369792,99271,189,99192,100,99278,189,99140,189,99376,189,99122,189,99521,189,98900,189,99558,100,98841,189,99566,100,98830,100,99612,100,,,99760,100,,,99827,200,,,99927,100,,
2019-06-28 10:04:20.000000000,99271,456,99192,456,99278,100,99140,100,99376,100,99122,100,99521,100,98900,100,99558,100,98841,100,99566,100,98830,100,99612,100,,,99760,100,,,99827,200,,,99927,100,,
2019-06-28 10:04:30.000000000,99271,456,99192,456,99278,100,99140,100,99376,100,99122,100,99521,100,98900,100,99558,100,98841,100,99566,100,98830,100,99612,100,,,99760,100,,,99827,200,,,99927,100,,
2019-06-28 10:04:33.821671198,99271,356,99192,456,99278,100,99140,100,99376,100,99122,100,99521,100,98900,100,99558,100,98841,100,99566,100,98830,100,99612,100,,,99760,100,,,99827,200,,,99927,100,,
2019-06-28 10:04:40.000000000,99278,456,99192,456,99376,100,99140,100,99521,100,99122,100,99558,100,98900,100,99566,100,98841,100,99612,100,98830,100,99760,100,,,99827,200,,,99927,100,,,99928,100,,
2019-06-28 10:04:44.245731086,99278,356,99192,456,99376,100,99140,100,99521,100,99122,100,99558,100,98900,100,99566,100,98841,100,99612,100,98830,100,99760,100,,,99827,200,,,99927,100,,,99928,100,,
2019-06-28 10:04:50.000000000,99376,221,99192,221,99521,217,99140,217,99558,217,99122,217,99566,100,98900,100,99612,100,98841,100,99760,100,98830,100,99827,200,,,99927,100,,,99928,100,,,99994,100,,
2019-06-28 10:05:00.000000000,99376,456,99192,456,99521,100,99140,100,99558,100,99122,100,99566,100,98900,100,99612,100,98841,100,99760,100,98830,100,99827,200,,,99927,100,,,99928,100,,,99994,100,,
2019-06-28 10:05:05.595285956,99376,456,99192,456,99521,100,99140,100,99558,100,99122,100,99566,100,98900,100,99612,100,98841,100,99760,100,98830,100,99827,200,,,99896,100,,,99927,100,,,99928,100,,
2019-06-28 10:05:10.000000000,99376,221,99192,221,99521,217,99140,217,99558,217,99122,217,99566,100,98900,100,99612,100,98841,100,99760,100,98830,100,99827,200,,,99896,100,,,99927,100,,,99928,100,,
2019-06-28 10:05:11.095590518,99376,121,99192,221,99521,217,99140,217,99558,217,99122,217,99566,100,98900,100,99612,100,98841,100,99827,200,98830,100,99896,100,,,99927,100,,,99928,100,,,99994,100,,
2019-06-28 10:05:20.000000000,99521,171,99192,171,99558,171,99140,171,99566,171,99122,171,99612,171,98900,171,99827,271,98841,171,99896,100,98830,100,99927,100,,,99928,100,,,99994,100,,,100078,100,,
2019-06-28 10:05:24.928305202,99521,71,99192,171,99558,171,99140,171,99566,171,99122,171,99612,171,98900,171,99827,271,98841,171,99896,100,98830,100,99927,100,,,99928,100,,,99994,100,,,100078,100,,
2019-06-28 10:05:27.595455114,99521,71,99192,171,99558,171,99140,171,99566,171,99122,171,99612,171,98900,171,99713,100,98841,171,99827,271,98830,100,99896,100,,,99927,100,,,99928,100,,,99994,100,,
2019-06-28 10:05:30.000000000,99558,171,99192,171,99566,171,99140,171,99612,171,99122,171,99713,171,98900,171,99827,271,98841,171,99896,100,98830,100,99927,100,,,99928,100,,,99994,100,,,100078,100,,
2019-06-28 10:05:40.000000000,99558,278,99192,278,99566,278,99140,278,99612,100,99122,100,99713,100,98900,100,99827,200,98841,100,99896,100,98830,100,99927,100,,,99928,100,,,99994,100,,,100078,100,,
2019-06-28 10:05:50.000000000,99558,221,99192,221,99566,217,99140,217,99612,217,99122,217,99713,100,98900,100,99827,200,98841,100,99896,100,98830,100,99927,100,,,99928,100,,,99994,100,,,100078,100,,
2019-06-28 10:05:51.902008010,99558,221,99192,221,99566,217,99140,217,99612,217,99122,217,99699,100,98900,100,99713,100,98830,100,99827,200,,,99896,100,,,99927,100,,,99928,100,,,99994,100,,
2019-06-28 10:06:00.000000000,99558,171,99192,171,99566,171,99140,171,99612,171,99122,171,99699,171,98900,171,99713,171,98830,171,99827,200,,,99896,100,,,99927,100,,,99928,100,,,99994,100,,
2019-06-28 10:06:06.813862647,99558,171,99192,171,99566,171,99140,171,99612,171,99122,171,99699,171,98900,171,99713,171,98830,171,99827,200,,,99839,100,,,99896,100,,,99927,100,,,99928,100,,
2019-06-28 10:06:10.000000000,99558,189,99192,189,99566,189,99140,189,99612,189,99122,189,99699,189,98900,189,99713,100,98830,100,99827,200,,,99839,100,,,99896,100,,,99927,100,,,99928,100,,
2019-06-28 10:06:20.000000000,99558,278,99192,278,99566,278,99140,278,99612,100,99122,100,99699,100,98900,100,99713,100,98830,100,99827,200,,,99839,100,,,99896,100,,,99927,100,,,99928,100,,
2019-06-28 10:06:30.000000000,99558,189,99192,189,99566,189,99140,189,99612,189,99122,189,99699,189,98900,189,99713,100,98830,100,99827,200,,,99839,100,,,99896,100,,,99927,100,,,99928,100,,
2019-06-28 10:06:40.000000000,99558,171,99192,171,99566,171,99140,171,99612,171,99122,171,99699,171,98900,171,99713,171,98830,171,99827,200,,,99839,100,,,99896,100,,,99927,100,,,99928,100,,
2019-06-28 10:06:40.556302058,99558,171,99376,100,99566,171,99192,171,99612,171,99140,171,99699,171,99122,171,99713,171,98900,171,99827,200,98830,171,99839,100,,,99896,100,,,99927,100,,,99928,100,,
2019-06-28 10:06:43.831824948,99520,100,99376,100,99558,171,99192,171,99566,171,99140,171,99612,171,99122,171,99699,171,98900,171,99713,171,98830,171,99827,200,,,99839,100,,,99896,100,,,99927,100,,
2019-06-28 10:06:50.000000000,99520,171,99376,171,99558,171,99192,171,99566,171,99140,171,99612,171,99122,171,99699,171,98900,171,99713,100,98830,100,99827,200,,,99839,100,,,99896,100,,,99927,100,,
2019-06-28 10:06:53.824218521,99520,171,99376,171,99558,171,99241,100,99566,171,99192,171,99612,171,99140,71,99699,171,99122,171,99713,100,98900,171,99827,200,98830,100,99839,100,,,99896,100,,,99927,100,,
2019-06-28 10:07:00.000000000,99520,221,99376,221,99558,217,99241,217,99566,217,99192,217,99612,100,99122,100,99699,100,98900,100,99713,100,98830,100,99827,200,,,99839,100,,,99896,100,,,99927,100,,
2019-06-28 10:07:10.000000000,99520,171,99376,171,99558,171,99241,171,99566,171,99192,171,99612,171,99122,171,99699,171,98900,171,99713,100,98830,100,99827,200,,,99839,100,,,99896,100,,,99927,100,,
2019-06-28 10:07:20.000000000,99520,221,99376,221,99558,217,99241,217,99566,217,99192,217,99612,100,99122,100,99699,100,98900,100,99713,100,98830,100,99827,200,,,99839,100,,,99896,100,,,99927,100,,
2019-06-28 10:07:24.688823895,99520,221,99376,221,99558,217,99241,217,99566,217,99192,217,99612,100,99122,100,99699,100,98900,100,99713,100,98830,100,99827,200,,,99839,100,,,99896,100,,,99927,100,,
2019-06-28 10:07:30.000000000,99520,456,99376,456,99558,100,99241,100,99566,100,99192,100,99612,100,99122,100,99699,100,98900,100,99713,100,98830,100,99827,200,,,99839,100,,,99896,100,,,99927,100,,
2019-06-28 10:07:32.542469433,99520,456,99376,456,99558,100,99241,100,99566,100,99192,100,99612,100,99122,100,99699,100,98900,100,99713,100,98830,100,99827,200,,,99839,100,,,99896,100,,,99927,100,,
2019-06-28 10:07:38.259318104,99520,356,99376,456,99558,100,99241,100,99566,100,99192,100,99612,100,99122,100,99699,100,98900,100,99713,100,98830,100,99827,200,,,99896,100,,,99927,100,,,99928,100,,
2019-06-28 10:07:40.000000000,99558,456,99376,456,99566,100,99241,100,99612,100,99192,100,99699,100,99122,100,99713,100,98900,100,99827,200,98830,100,99896,100,,,99927,100,,,99928,100,,,99979,100,,
2019-06-28 10:07:50.000000000,99558,189,99376,189,99566,189,99241,189,99612,189,99192,189,99699,189,99122,189,99713,100,98900,100,99827,200,98830,100,99896,100,,,99927,100,,,99928,100,,,99979,100,,
2019-06-28 10:08:00.000000000,99558,221,99376,221,99566,217,99241,217,99612,217,99192,217,99699,100,99122,100,99713,100,98900,100,99827,200,98830,100,99896,100,,,99927,100,,,99928,100,,,99979,100,,
2019-06-28 10:08:10.000000000,99558,456,99376,456,99566,100,99241,100,99612,100,99192,100,99699,100,99122,100,99713,100,98900,100,99827,200,98830,100,99896,100,,,99927,100,,,99928,100,,,99979,100,,
2019-06-28 10:08:17.963904615,99558,456,99376,456,99566,100,99267,100,99612,100,99241,100,99699,100,99192,100,99713,100,99122,100,99827,200,98900,100,99896,100,98830,100,99927,100,,,99928,100,,,99979,100,,
2019-06-28 10:08:20.000000000,99558,456,99376,456,99566,100,99267,100,99612,100,99241,100,99699,100,99192,100,99713,100,99122,100,99827,200,98900,100,99896,100,98830,100,99927,100,,,99928,100,,,99979,100,,
2019-06-28 10:08:30.000000000,99558,278,99376,278,99566,278,99267,278,99612,100,99241,100,99699,100,99192,100,99713,100,99122,100,99827,200,98900,100,99896,100,98830,100,99927,100,,,99928,100,,,99979,100,,
2019-06-28 10:08:32.837469270,99558,278,99520,100,99566,278,99376,278,99612,100,99267,278,99699,100,99241,100,99713,100,99192,100,99827,200,99122,100,99896,100,98900,100,99927,100,98830,100,99928,100,,,99979,100,,
2019-06-28 10:08:40.000000000,99558,189,99520,189,99566,189,99376,189,99612,189,99267,189,99699,189,99241,189,99713,100,99192,100,99827,200,99122,100,99896,100,98900,100,99927,100,98830,100,99928,100,,,99979,100,,
2019-06-28 10:08:50.000000000,99558,456,99520,456,99566,100,99376,100,99612,100,99267,100,99699,100,99241,100,99713,100,99192,100,99827,200,99122,100,99896,100,98900,100,99927,100,98830,100,99928,100,,,99979,100,,
2019-06-28 10:09:00.000000000,99558,171,99520,171,99566,171,99376,171,99612,171,99267,171,99699,171,99241,171,99713,171,99192,171,99827,200,99122,100,99896,100,98900,100,99927,100,98830,100,99928,100,,,99979,100,,
2019-06-28 10:09:03.425221409,99558,171,99520,171,99566,171,99376,171,99612,171,99267,171,99699,171,99241,171,99713,171,99192,171,99827,200,99122,100,99896,100,98900,100,99927,100,98830,100,99928,100,,,99979,100,,
2019-06-28 10:09:03.625674335,99558,171,99520,271,99566,171,99376,171,99612,171,99267,171,99699,171,99241,171,99713,171,99192,71,99827,200,99122,100,99896,100,98900,100,99927,100,98830,100,99928,100,,,99979,100,,
2019-06-28 10:09:10.000000000,99558,456,99520,556,99566,100,99376,100,99612,100,99267,100,99699,100,99241,100,99713,100,99122,100,99827,200,98900,100,99896,100,98830,100,99927,100,,,99928,100,,,99979,100,,
2019-06-28 10:09:20.000000000,99558,221,99520,321,99566,217,99376,217,99612,217,99267,217,99699,100,99241,100,99713,100,99122,100,99827,200,98900,100,99896,100,98830,100,99927,100,,,99928,100,,,99979,100,,
2019-06-28 10:09:27.614606716,99558,221,99520,321,99566,217,99376,217,99612,217,99267,217,99699,100,99241,100,99713,100,99122,100,99827,200,98900,100,99896,100,98830,100,99927,100,,,99928,100,,,99979,100,,
2019-06-28 10:09:28.599698573,99558,121,99520,321,99566,217,99376,217,99612,217,99267,217,99699,100,99241,100,99713,100,99122,100,99827,200,98900,100,99896,100,98830,100,99927,100,,,99928,100,,,99979,100,,
2019-06-28 10:09:30.000000000,99566,171,99520,271,99612,171,99376,171,99699,171,99267,171,99713,171,99241,171,99827,271,99122,171,99896,100,98900,100,99927,100,98830,100,99928,100,,,99979,100,,,99994,100,,
2019-06-28 10:09:33.203116538,99566,171,99520,271,99612,171,99376,171,99699,171,99267,171,99713,171,99241,171,99827,271,99122,171,99896,100,98900,100,99927,100,98830,100,99928,100,,,99979,100,,,99994,100,,
2019-06-28 10:09:40.000000000,99566,171,99520,271,99612,171,99376,171,99699,171,99267,171,99713,171,99241,171,99827,271,99122,171,99896,100,98900,100,99927,100,98830,100,99928,100,,,99979,100,,,99994,100,,
2019-06-28 10:09:50.000000000,99566,456,99520,556,99612,100,99376,100,99699,100,99267,100,99713,100,99241,100,99827,200,99122,100,99896,100,98900,100,99927,100,98830,100,99928,100,,,99979,100,,,99994,100,,
2019-06-28 10:10:00.000000000,99566,278,99520,378,99612,278,99376,278,99699,100,99267,100,99713,100,99241,100,99827,200,99122,100,99896,100,98900,100,99927,100,98830,100,99928,100,,,99979,100,,,99994,100,,
2019-06-28 10:10:03.984524896,99566,178,99520,378,99612,278,99376,278,99699,100,99267,100,99713,100,99241,100,99827,200,99122,100,99896,100,98900,100,99927,100,98830,100,99928,100,,,99979,100,,,99994,100,,
2019-06-28 10:10:10.000000000,99612,171,99520,271,99699,171,99376,171,99713,171,99267,171,99827,271,99241,171,99896,171,99122,171,99927,100,98900,100,99928,100,98830,100,99979,100,,,99994,100,,,100001,100,,
2019-06-28 10:10:15.922637687,99612,171,99520,271,99699,171,99376,171,99713,171,99267,171,99827,271,99241,171,99896,171,99122,171,99927,100,98900,100,99928,100,98830,100,99979,100,,,99994,100,,,100078,100,,
2019-06-28 10:10:20.000000000,99612,171,99520,271,99699,171,99376,171,99713,171,99267,171,99827,271,99241,171,99896,171,99122,171,99927,100,98900,100,99928,100,98830,100,99979,100,,,99994,100,,,100078,100,,
2019-06-28 10:10:30.000000000,99612,171,99520,271,99699,171,99376,171,99713,171,99267,171,99827,271,99241,171,99896,171,99122,171,99927,100,98900,100,99928,100,98830,100,99979,100,,,99994,100,,,100078,100,,
2019-06-28 10:10:35.489894765,99612,171,99520,271,99699,171,99376,171,99713,171,99267,171,99827,271,99241,171,99896,171,99122,171,99927,100,98900,100,99928,100,98830,100,99979,100,,,99994,100,,,100078,100,,
2019-06-28 10:10:40.000000000,99612,189,99520,289,99699,189,99376,189,99713,189,99267,189,99827,289,99241,189,99896,100,99122,100,99927,100,98900,100,99928,100,98830,100,99979,100,,,99994,100,,,100078,100,,
2019-06-28 10:10:48.787921692,99612,189,99520,289,99699,189,99376,189,99713,189,99267,189,99827,289,99241,189,99896,100,99122,100,99927,100,98900,100,99928,100,,,99979,100,,,99994,100,,,100078,100,,
2019-06-28 10:10:50.000000000,99612,278,99520,378,99699,278,99376,278,99713,100,99267,100,99827,200,99241,100,99896,100,99122,100,99927,100,98900,100,99928,100,,,99979,100,,,99994,100,,,100078,100,,
2019-06-28 10:10:54.592180382,99612,278,99558,100,99699,278,99520,378,99713,100,99376,278,99827,200,99267,100,99896,100,99241,100,99927,100,99122,100,99928,100,98900,100,99979,100,,,99994,100,,,100078,100,,
2019-06-28 10:11:00.000000000,99612,278,99558,278,99699,278,99520,378,99713,100,99376,100,99827,200,99267,100,99896,100,99241,100,99927,100,99122,100,99928,100,98900,100,99979,100,,,99994,100,,,100078,100,,
2019-06-28 10:11:10.000000000,99612,456,99558,456,99699,100,99520,200,99713,100,99376,100,99827,200,99267,100,99896,100,99241,100,99927,100,99122,100,99928,100,98900,100,99979,100,,,99994,100,,,100078,100,,
2019-06-28 10:11:20.000000000,99612,456,99558,456,99699,100,99520,200,99713,100,99376,100,99827,200,99267,100,99896,100,99241,100,99927,100,99122,100,99928,100,98900,100,99979,100,,,99994,100,,,100078,100,,
2019-06-28 10:11:30.000000000,99612,221,99558,221,99699,217,99520,317,99713,217,99376,217,99827,200,99267,100,99896,100,99241,100,99927,100,99122,100,99928,100,98900,100,99979,100,,,99994,100,,,100078,100,,
2019-06-28 10:11:40.000000000,99612,171,99558,171,99699,171,99520,271,99713,171,99376,171,99827,271,99267,171,99896,171,99241,171,99927,100,99122,100,99928,100,98900,100,99979,100,,,99994,100,,,100078,100,,
2019-06-28 10:11:50.000000000,99612,278,99558,278,99699,278,99520,378,99713,100,99376,100,99827,200,99267,100,99896,100,99241,100,99927,100,99122,100,99928,100,98900,100,99979,100,,,99994,100,,,100078,100,,
2019-06-28 10:11:50.552142506,99612,178,99558,278,99699,278,99520,378,99827,200,99376,100,99896,100,99267,100,99927,100,99241,100,99928,100,99122,100,99979,100,98900,100,99994,100,,,100078,100,,,100083,100,,
2019-06-28 10:12:00.000000000,99699,278,99558,278,99827,378,99520,378,99896,100,99376,100,99927,100,99267,100,99928,100,99241,100,99979,100,99122,100,99994,100,98900,100,100078,100,,,100083,100,,,100090,100,,
2019-06-28 10:12:00.365985347,99699,278,99566,100,99827,378,99558,278,99896,100,99520,378,99927,100,99376,100,99928,100,99267,100,99979,100,99241,100,99994,100,99122,100,100078,100,98900,100,100083,100,,,100090,100,,
2019-06-28 10:12:10.000000000,99699,171,99566,171,99827,271,99558,171,99896,171,99520,271,99927,171,99376,171,99928,171,99267,171,99979,100,99241,100,99994,100,99122,100,100078,100,98900,100,100083,100,,,100090,100,,
2019-06-28 10:12:20.000000000,99699,171,99566,171,99827,271,99558,171,99896,171,99520,271,99927,171,99376,171,99928,171,99267,171,99979,100,99241,100,99994,100,99122,100,100078,100,98900,100,100083,100,,,100090,100,,
2019-06-28 10:12:30.000000000,99699,221,99566,221,99827,317,99558,217,99896,217,99520,317,99927,100,99376,100,99928,100,99267,100,99979,100,99241,100,99994,100,99122,100,100078,100,98900,100,100083,100,,,100090,100,,
2019-06-28 10:12:40.000000000,99699,278,99566,278,99827,378,99558,278,99896,100,99520,200,99927,100,99376,100,99928,100,99267,100,99979,100,99241,100,99994,100,99122,100,100078,100,98900,100,100083,100,,,100090,100,,
2019-06-28 10:12:50.000000000,99699,221,99566,221,99827,317,99558,217,99896,217,99520,317,99927,100,99376,100,99928,100,99267,100,99979,100,99241,100,99994,100,99122,100,100078,100,98900,100,100083,100,,,100090,100,,
2019-06-28 10:13:00.000000000,99699,171,99566,171,99827,271,99558,171,99896,171,99520,271,99927,171,99376,171,99928,171,99267,171,99979,100,99241,100,99994,100,99122,100,100078,100,98900,100,100083,100,,,100090,100,,
2019-06-28 10:13:10.000000000,99699,221,99566,221,99827,317,99558,217,99896,217,99520,317,99927,100,99376,100,99928,100,99267,100,99979,100,99241,100,99994,100,99122,100,100078,100,98900,100,100083,100,,,100090,100,,
2019-06-28 10:13:20.000000000,99699,189,99566,189,99827,289,99558,189,99896,189,99520,289,99927,189,99376,189,99928,100,99267,100,99979,100,99241,100,99994,100,99122,100,100078,100,98900,100,100083,100,,,100090,100,,
2019-06-28 10:13:25.924500260,99699,189,99566,189,99827,289,99558,189,99896,189,99520,289,99927,189,99376,189,99928,100,99267,100,99979,100,99241,100,99994,100,99122,100,100078,100,98900,100,100083,100,,,100090,100,,
2019-06-28 10:13:30.000000000,99699,278,99566,278,99827,378,99558,278,99896,100,99520,200,99927,100,99376,100,99928,100,99267,100,99979,100,99241,100,99994,100,99122,100,100078,100,98900,100,100083,100,,,100090,100,,
2019-06-28 10:13:40.000000000,99699,278,99566,278,99827,378,99558,278,99896,100,99520,200,99927,100,99376,100,99928,100,99267,100,99979,100,99241,100,99994,100,99122,100,100078,100,98900,100,100083,100,,,100090,100,,
2019-06-28 10:13:50.000000000,99699,456,99566,456,99827,200,99558,100,99896,100,99520,200,99927,100,99376,100,99928,100,99267,100,99979,100,99241,100,99994,100,99122,100,100078,100,98900,100,100083,100,,,100090,100,,
2019-06-28 10:13:50.342832135,99699,456,99566,456,99827,200,99558,100,99896,100,99520,200,99927,100,99376,100,99928,100,99267,100,99979,100,99241,100,99994,100,99122,100,100078,100,98900,100,100083,100,,,100090,100,,
2019-06-28 10:14:00.000000000,99699,221,99566,221,99827,317,99558,217,99896,217,99520,317,99927,100,99376,100,99928,100,99267,100,99979,100,99241,100,99994,100,99122,100,100078,100,98900,100,100083,100,,,100090,100,,
2019-06-28 10:14:01.577571053,99699,221,99566,321,99827,317,99558,217,99896,217,99520,317,99928,100,99376,100,99979,100,99267,100,99994,100,99241,100,100078,100,99122,100,100083,100,98900,100,100090,100,,,100139,100,,
2019-06-28 10:14:10.000000000,99699,456,99566,556,99827,200,99558,100,99896,100,99520,200,99928,100,99376,100,99979,100,99267,100,99994,100,99241,100,100078,100,99122,100,100083,100,98900,100,100090,100,,,100139,100,,
2019-06-28 10:14:20.000000000,99699,278,99566,378,99827,378,99558,278,99896,100,99520,200,99928,100,99376,100,99979,100,99267,100,99994,100,99241,100,100078,100,99122,100,100083,100,98900,100,100090,100,,,100139,100,,
2019-06-28 10:14:25.225136229,99699,278,99566,478,99827,378,99558,278,99896,100,99520,200,99928,100,99376,100,99979,100,99267,100,99994,100,99241,100,100078,100,99122,100,100083,100,98900,100,100090,100,,,100139,100,,
2019-06-28 10:14:30.000000000,99699,278,99566,478,99827,378,99558,278,99896,100,99520,200,99928,100,99376,100,99979,100,99267,100,99994,100,99241,100,100078,100,99122,100,100083,100,98900,100,100090,100,,,100139,100,,
2019-06-28 10:14:34.125018262,99699,278,99566,478,99827,378,99558,278,99896,100,99520,200,99928,100,99267,100,99979,100,99241,100,99994,100,99122,100,100078,100,98900,100,100083,100,,,100090,100,,,100139,100,,
2019-06-28 10:14:40.000000000,99699,221,99566,421,99827,317,99558,217,99896,217,99520,317,99928,100,99267,100,99979,100,99241,100,99994,100,99122,100,100078,100,98900,100,100083,100,,,100090,100,,,100139,100,,
2019-06-28 10:14:50.000000000,99699,278,99566,478,99827,378,99558,278,99896,100,99520,200,99928,100,99267,100,99979,100,99241,100,99994,100,99122,100,100078,100,98900,100,100083,100,,,100090,100,,,100139,100,,
2019-06-28 10:14:57.280473610,99699,178,99566,478,99827,378,99558,278,99896,100,99520,200,99928,100,99267,100,99979,100,99241,100,99994,100,99122,100,100078,100,,,100083,100,,,100090,100,,,100139,100,,
2019-06-28 10:15:00.000000000,99827,271,99566,371,99896,171,99558,171,99928,171,99520,271,99979,171,99267,171,99994,171,99241,171,100078,100,99122,100,100083,100,,,100090,100,,,100139,100,,,100199,100,,
2019-06-28 10:15:05.454571188,99827,171,99566,371,99896,171,99558,171,99928,171,99520,271,99979,171,99267,171,99994,171,99241,171,100078,100,99122,100,100083,100,,,100090,100,,,100139,100,,,100199,100,,
2019-06-28 10:15:10.000000000,99827,456,99566,656,99896,100,99558,100,99928,100,99520,200,99979,100,99267,100,99994,100,99241,100,100078,100,99122,100,100083,100,,,100090,100,,,100139,100,,,100199,100,,
2019-06-28 10:15:11.957344688,99827,456,99699,100,99896,100,99566,656,99928,100,99558,100,99979,100,99520,200,99994,100,99267,100,100078,100,99241,100,100083,100,99122,100,100090,100,,,100139,100,,,100199,100,,
2019-06-28 10:15:20.000000000,99827,171,99699,171,99896,171,99566,371,99928,171,99558,171,99979,171,99520,271,99994,171,99267,171,100078,100,99241,100,100083,100,99122,100,100090,100,,,100139,100,,,100199,100,,
2019-06-28 10:15:30.000000000,99827,456,99699,456,99896,100,99566,300,99928,100,99558,100,99979,100,99520,200,99994,100,99267,100,100078,100,99241,100,100083,100,99122,100,100090,100,,,100139,100,,,100199,100,,
2019-06-28 10:15:40.000000000,99827,456,99699,456,99896,100,99566,300,99928,100,99558,100,99979,100,99520,200,99994,100,99267,100,100078,100,99241,100,100083,100,99122,100,100090,100,,,100139,100,,,100199,100,,
2019-06-28 10:15:48.175853256,99827,456,99699,456,99896,100,99566,300,99928,100,99558,100,99979,100,99520,200,99994,100,99267,100,100078,100,99241,100,100083,100,99122,100,100090,100,,,100139,100,,,100199,100,,
2019-06-28 10:15:50.000000000,99827,189,99699,189,99896,189,99566,389,99928,189,99558,189,99979,189,99520,289,99994,100,99267,100,100078,100,99241,100,100083,100,99122,100,100090,100,,,100139,100,,,100199,100,,
2019-06-28 10:16:00.000000000,99827,189,99699,189,99896,189,99566,389,99928,189,99558,189,99979,189,99520,289,99994,100,99267,100,100078,100,99241,100,100083,100,99122,100,100090,100,,,100139,100,,,100199,100,,
2019-06-28 10:16:10.000000000,99827,171,99699,171,99896,171,99566,371,99928,171,99558,171,99979,171,99520,271,99994,171,99267,171,100078,100,99241,100,100083,100,99122,100,100090,100,,,100139,100,,,100199,100,,
2019-06-28 10:16:20.000000000,99827,189,99699,189,99896,189,99566,389,99928,189,99558,189,99979,189,99520,289,99994,100,99267,100,100078,100,99241,100,100083,100,99122,100,100090,100,,,100139,100,,,100199,100,,
2019-06-28 10:16:30.000000000,99827,171,99699,171,99896,171,99566,371,99928,171,99558,171,99979,171,99520,271,99994,171,99267,171,100078,100,99241,100,100083,100,99122,100,100090,100,,,100139,100,,,100199,100,,
2019-06-28 10:16:40.000000000,99827,189,99699,189,99896,189,99566,389,99928,189,99558,189,99979,189,99520,289,99994,100,99267,100,100078,100,99241,100,100083,100,99122,100,100090,100,,,100139,100,,,100199,100,,
2019-06-28 10:16:41.256662537,99827,89,99699,189,99896,189,99566,389,99928,189,99558,189,99979,189,99520,289,99994,100,99267,100,100078,100,99241,100,100083,100,99122,100,100090,100,,,100139,100,,,100199,100,,
2019-06-28 10:16:48.140480815,99827,89,99699,189,99896,189,99566,389,99928,189,99558,189,99979,189,99520,289,99994,100,99267,100,100078,100,99241,100,100083,100,,,100090,100,,,100139,100,,,100199,100,,
2019-06-28 10:16:50.000000000,99896,189,99699,189,99928,189,99566,389,99979,189,99558,189,99994,189,99520,289,100078,100,99267,100,100083,100,99241,100,100090,100,,,100139,100,,,100199,100,,,100217,100,,
2019-06-28 10:16:53.028654695,99896,189,99699,289,99928,189,99566,389,99979,189,99558,189,99994,189,99520,289,100078,100,99267,100,100083,100,99241,100,100090,100,,,100139,100,,,100199,100,,,100217,100,,
2019-06-28 10:16:56.491441131,99896,189,99699,289,99928,189,99566,389,99979,189,99558,189,99994,89,99520,289,100078,100,99267,100,100083,100,99241,100,100090,100,,,100139,100,,,100199,100,,,100217,100,,
2019-06-28 10:17:00.000000000,99896,189,99699,289,99928,189,99566,389,99979,189,99558,189,100078,189,99520,289,100083,100,99267,100,100090,100,99241,100,100139,100,,,100199,100,,,100217,100,,,100218,100,,
2019-06-28 10:17:10.000000000,99896,171,99699,271,99928,171,99566,371,99979,171,99558,171,100078,171,99520,271,100083,171,99267,171,100090,100,99241,100,100139,100,,,100199,100,,,100217,100,,,100218,100,,
2019-06-28 10:17:18.888746884,99896,171,99699,371,99928,171,99566,371,99979,171,99558,171,100078,171,99520,271,100083,171,99267,171,100090,100,99241,100,100139,100,,,100199,100,,,100217,100,,,100218,100,,
2019-06-28 10:17:20.000000000,99896,221,99699,421,99928,217,99566,417,99979,217,99558,217,100078,100,99520,200,100083,100,99267,100,100090,100,99241,100,100139,100,,,100199,100,,,100217,100,,,100218,100,,
2019-06-28 10:17:30.000000000,99896,171,99699,371,99928,171,99566,371,99979,171,99558,171,100078,171,99520,271,100083,171,99267,171,100090,100,99241,100,100139,100,,,100199,100,,,100217,100,,,100218,100,,
2019-06-28 10:17:39.998319959,99896,171,99699,371,99928,171,99566,371,99979,171,99558,171,100078,171,99520,271,100083,171,99267,171,100090,100,99241,100,100139,100,,,100199,100,,,100217,100,,,100218,100,,
2019-06-28 10:17:40.000000000,99896,189,99699,389,99928,189,99566,389,99979,189,99558,189,100078,189,99520,289,100083,100,99267,100,100090,100,99241,100,100139,100,,,100199,100,,,100217,100,,,100218,100,,
