,ask_price_1,ask_size_1,bid_price_1,bid_size_1,ask_price_2,ask_size_2,bid_price_2,bid_size_2,ask_price_3,ask_size_3,bid_price_3,bid_size_3,ask_price_4,ask_size_4,bid_price_4,bid_size_4,ask_price_5,ask_size_5,bid_price_5,bid_size_5,ask_price_6,ask_size_6,bid_price_6,bid_size_6,ask_price_7,ask_size_7,bid_price_7,bid_size_7,ask_price_8,ask_size_8,bid_price_8,bid_size_8,ask_price_9,ask_size_9,bid_price_9,bid_size_9,ask_price_10,ask_size_10,bid_price_10,bid_size_10
2019-06-28 09:30:00.000000001,100180,100,100112,100,,,,,,,,,,,,,,,,,,,,,,,,,,,,,,,,,,,,
2019-06-28 09:30:00.000000002,100180,100,99871,100,,,,,,,,,,,,,,,,,,,,,,,,,,,,,,,,,,,,
2019-06-28 09:30:00.000000003,100056,100,99871,100,100180,100,,,,,,,,,,,,,,,,,,,,,,,,,,,,,,,,,,
2019-06-28 09:30:00.000000004,100056,100,99871,100,100180,100,99811,100,,,,,,,,,,,,,,,,,,,,,,,,,,,,,,,,
2019-06-28 09:30:00.000000009,100056,100,99871,100,100085,100,99811,100,100180,100,,,,,,,,,,,,,,,,,,,,,,,,,,,,,,
2019-06-28 09:30:00.000000011,100056,100,100017,100,100085,100,99871,100,100180,100,99811,100,,,,,,,,,,,,,,,,,,,,,,,,,,,,
2019-06-28 09:30:00.000000013,100032,100,100017,100,100039,100,99897,100,100056,100,99871,100,100085,100,99811,100,100180,100,,,,,,,,,,,,,,,,,,,,,,
2019-06-28 09:30:00.000000018,100032,100,100017,100,100039,100,99976,100,100056,100,99897,100,100085,100,99871,100,100180,100,99811,100,,,,,,,,,,,,,,,,,,,,
2019-06-28 09:30:00.000000020,100032,100,99976,100,100039,100,99897,100,100056,100,99871,100,100085,100,99811,100,100180,100,,,,,,,,,,,,,,,,,,,,,,
2019-06-28 09:30:00.000000021,100032,100,99976,100,100039,100,99939,100,100056,100,99897,100,100085,100,99871,100,100180,100,99811,100,,,,,,,,,,,,,,,,,,,,
2019-06-28 09:30:00.000000023,100032,100,99976,100,100034,100,99939,100,100039,100,99897,100,100056,100,99871,100,100085,100,99854,100,100180,100,99811,100,,,,,,,,,,,,,,,,
2019-06-28 09:30:00.000000027,100031,100,99976,100,100032,100,99939,100,100034,100,99897,100,100039,100,99894,100,100056,100,99871,100,100085,100,99854,100,100180,100,99811,100,100196,100,,,,,,,,,,
2019-06-28 09:30:00.000000031,100031,100,99976,100,100032,100,99939,100,100034,100,99897,100,100039,100,99895,100,100056,100,99894,100,100085,100,99871,100,100180,100,99854,100,100196,100,99811,100,,,,,,,,
2019-06-28 09:30:00.000000033,100031,100,99939,100,100032,100,99897,100,100034,100,99895,100,100039,100,99894,100,100056,100,99871,100,100085,100,99854,100,100180,100,99811,100,100196,100,,,,,,,,,,
2019-06-28 09:30:00.000000034,100031,100,99939,100,100032,100,99897,100,100034,200,99895,100,100039,100,99894,100,100056,100,99871,100,100085,100,99854,100,100180,100,99811,100,100196,100,,,,,,,,,,
2019-06-28 09:30:00.000000035,100017,100,99961,100,100031,100,99939,100,100032,100,99897,100,100034,200,99895,100,100039,100,99894,100,100056,100,99871,100,100085,100,99854,100,100180,100,99811,100,100196,100,,,,,,
2019-06-28 09:30:00.000000037,100017,100,100008,100,100031,100,99961,100,100032,100,99939,100,100034,200,99897,100,100039,100,99895,100,100056,100,99894,100,100085,100,99871,100,100180,100,99854,100,100196,100,99811,100,,,,
2019-06-28 09:30:00.000000038,100017,100,99992,100,100031,100,99961,100,100032,100,99939,100,100034,200,99897,100,100039,100,99895,100,100056,100,99894,100,100085,100,99871,100,100180,100,99854,100,100196,100,99811,100,,,,
2019-06-28 09:30:00.000000039,100017,100,100010,100,100031,100,99992,100,100032,100,99961,100,100034,200,99939,100,100039,100,99897,100,100056,100,99895,100,100085,100,99894,100,100180,100,99871,100,100196,100,99854,100,,,99811,100
2019-06-28 09:30:00.000000040,100017,100,99992,100,100031,100,99961,100,100032,100,99939,100,100034,200,99897,100,100039,100,99895,100,100056,100,99894,100,100085,100,99871,100,100180,100,99854,100,100196,100,99811,100,,,,
2019-06-28 09:30:00.000000046,100017,100,99961,100,100031,100,99939,100,100032,100,99897,100,100034,300,99895,100,100039,100,99894,100,100056,100,99871,100,100085,100,99854,100,100180,100,99811,100,100196,100,,,,,,
2019-06-28 09:30:00.000000047,100017,100,99961,100,100031,100,99948,100,100032,100,99939,100,100034,300,99897,100,100039,100,99895,100,100056,100,99894,200,100085,100,99871,100,100150,100,99854,100,100180,100,99811,100,100196,100,,
2019-06-28 09:30:00.000000050,100017,100,99961,100,100031,100,99948,100,100032,100,99939,100,100034,400,99897,100,100039,100,99895,100,100056,100,99894,200,100085,100,99871,100,100150,100,99854,100,100180,100,99811,100,100196,100,,
2019-06-28 09:30:00.000000051,99988,100,99961,100,99992,100,99948,100,100010,100,99939,100,100017,100,99897,100,100031,100,99895,100,100032,100,99894,200,100034,400,99871,100,100039,100,99854,100,100056,100,99811,100,100085,100,,
2019-06-28 09:30:00.000000053,99963,100,99961,100,99988,100,99948,100,99992,100,99939,100,100010,100,99897,100,100017,100,99895,100,100031,100,99894,200,100032,100,99871,100,100034,400,99854,100,100039,100,99811,100,100056,100,,
2019-06-28 09:30:00.000000055,99963,100,99961,100,99988,100,99948,100,99992,100,99939,100,100010,100,99897,100,100017,100,99895,200,100031,100,99894,200,100032,100,99871,100,100034,400,99854,100,100039,100,99811,100,100056,100,99787,100
2019-06-28 09:30:00.000000056,99963,100,99961,100,99988,100,99948,100,99992,100,99939,100,100010,200,99897,100,100017,100,99895,200,100031,100,99894,200,100032,100,99871,100,100034,400,99854,100,100039,100,99811,100,100056,100,99787,100
2019-06-28 09:30:00.000000057,99988,100,99961,100,99992,100,99948,100,100010,200,99939,100,100017,100,99897,100,100031,100,99895,200,100032,100,99894,200,100034,400,99871,100,100039,100,99854,100,100056,100,99811,100,100085,100,99787,100
2019-06-28 09:30:00.000000058,99988,100,99962,100,99992,100,99961,100,100010,200,99948,100,100017,100,99939,100,100031,100,99897,100,100032,100,99895,200,100034,400,99894,200,100039,100,99871,100,100056,100,99854,100,100085,100,99811,100
2019-06-28 09:30:00.000000063,99988,100,99963,100,99992,100,99962,100,100010,200,99961,100,100017,100,99948,100,100031,100,99941,100,100032,100,99939,100,100034,400,99897,100,100039,100,99895,200,100056,100,99894,200,100085,100,99871,100
2019-06-28 09:30:00.000000067,99964,100,99963,100,99988,100,99962,100,99992,100,99961,100,100010,200,99948,200,100017,100,99941,100,100027,100,99939,100,100031,100,99897,100,100032,100,99895,200,100034,400,99894,200,100039,100,99871,100
2019-06-28 09:30:00.000000070,99988,100,99964,100,99992,100,99963,100,100010,200,99962,100,100017,100,99961,100,100027,100,99948,200,100031,100,99941,100,100032,100,99939,100,100034,400,99897,100,100039,100,99895,200,100056,100,99894,200
2019-06-28 09:30:00.000000072,99988,100,99964,100,99992,100,99963,100,100010,200,99962,100,100017,100,99961,100,100027,100,99948,200,100031,100,99941,100,100032,100,99939,100,100034,400,99897,100,100039,100,99895,200,100056,100,99894,200
2019-06-28 09:30:00.000000074,99988,100,99964,100,99992,100,99963,100,100010,200,99962,100,100017,100,99961,100,100027,100,99948,200,100031,100,99941,100,100032,100,99939,100,100034,400,99930,100,100039,100,99897,100,100056,100,99895,200
2019-06-28 09:30:00.000000076,99992,100,99964,100,100010,200,99963,100,100017,100,99962,100,100027,100,99961,100,100031,100,99948,200,100032,100,99941,100,100034,400,99939,100,100039,100,99930,100,100056,100,99897,100,100085,100,99895,200
2019-06-28 09:30:00.000000077,99992,100,99964,100,100010,200,99963,100,100017,100,99962,100,100027,100,99961,100,100031,100,99948,200,100032,100,99941,100,100034,400,99939,100,100039,100,99930,100,100048,100,99897,100,100056,100,99895,200
2019-06-28 09:30:00.000000079,99988,100,99964,100,99992,100,99963,100,100010,200,99962,100,100017,100,99961,100,100027,100,99948,200,100031,100,99941,100,100032,100,99939,100,100034,400,99930,100,100039,100,99897,100,100048,100,99895,200
2019-06-28 09:30:00.000000081,99988,100,99965,100,99992,100,99964,100,100010,200,99963,100,100017,100,99962,100,100027,100,99961,100,100031,100,99948,200,100032,100,99941,100,100034,400,99939,100,100039,100,99930,100,100048,100,99897,100
2019-06-28 09:30:00.000000085,99988,200,99983,100,99992,100,99965,100,100010,200,99964,100,100017,100,99963,100,100027,100,99962,100,100031,100,99961,100,100032,100,99948,200,100034,400,99941,100,100039,100,99939,100,100048,100,99930,100
2019-06-28 09:30:00.000000086,99988,100,99983,100,99992,100,99965,100,100010,200,99964,100,100017,100,99963,100,100027,100,99962,100,100031,100,99961,100,100032,100,99948,200,100034,400,99941,200,100039,100,99939,100,100048,100,99930,100
2019-06-28 09:30:00.000000088,99988,100,99983,100,99992,100,99965,100,100010,200,99964,100,100017,100,99963,100,100027,100,99962,100,100031,100,99961,100,100032,100,99948,200,100034,400,99941,200,100039,100,99939,100,100042,100,99930,100
2019-06-28 09:30:00.000000091,99988,100,99983,100,99992,100,99965,100,100010,200,99964,100,100017,100,99963,200,100027,100,99962,100,100031,100,99961,100,100032,100,99948,200,100034,400,99941,200,100039,100,99939,100,100042,100,99930,100
2019-06-28 09:30:00.000000092,99992,100,99983,100,100010,200,99965,100,100017,100,99964,100,100027,100,99963,200,100031,100,99962,100,100032,100,99961,100,100034,400,99948,200,100039,100,99941,200,100042,100,99939,100,100048,100,99930,100
2019-06-28 09:30:00.000000096,99992,100,99983,100,100010,200,99965,100,100017,100,99964,100,100027,100,99963,200,100031,100,99962,100,100032,100,99961,100,100034,400,99948,200,100039,100,99941,200,100042,100,99939,100,100048,100,99930,100
2019-06-28 09:30:00.000000097,99992,100,99983,100,100010,200,99965,100,100017,100,99964,100,100027,100,99963,200,100031,100,99962,100,100032,100,99961,100,100034,400,99948,200,100039,100,99941,200,100042,100,99939,100,100048,100,99930,100
2019-06-28 09:30:00.000000099,99992,100,99983,100,100010,200,99965,100,100017,100,99964,100,100027,100,99963,200,100031,100,99962,100,100032,100,99961,100,100034,400,99948,200,100039,100,99941,200,100042,100,99939,100,100048,100,99930,100
2019-06-28 09:30:10.000000000,99992,560,99983,560,100010,200,99965,100,100017,100,99964,100,100027,100,99963,200,100031,100,99962,100,100032,100,99961,100,100034,400,99948,200,100039,100,99941,200,100042,100,99939,100,100048,100,99930,100
2019-06-28 09:30:11.781743133,99992,560,99983,560,99998,100,99965,100,100010,200,99964,100,100017,100,99963,200,100027,100,99962,100,100031,100,99961,100,100034,400,99948,200,100039,100,99941,200,100042,100,99939,100,100048,100,99930,100
2019-06-28 09:30:20.000000000,99992,256,99983,256,99998,252,99965,252,100010,352,99964,252,100017,100,99963,200,100027,100,99962,100,100031,100,99961,100,100034,400,99948,200,100039,100,99941,200,100042,100,99939,100,100048,100,99930,100
2019-06-28 09:30:22.958842409,99992,256,99983,256,99998,252,99965,252,100010,352,99964,252,100017,100,99963,200,100027,100,99962,100,100031,100,99961,100,100034,400,99948,200,100039,100,99941,200,100042,100,99939,100,100048,100,99930,100
2019-06-28 09:30:28.312771302,99992,256,99983,256,99998,252,99965,252,100010,352,99964,252,100017,100,99963,200,100027,100,99962,100,100031,100,99961,100,100034,400,99948,200,100039,100,99941,200,100042,100,99939,100,100048,100,99930,100
2019-06-28 09:30:30.000000000,99992,560,99983,560,99998,100,99965,100,100010,200,99964,100,100017,100,99963,200,100027,100,99962,100,100031,100,99961,100,100034,400,99948,200,100039,100,99941,200,100042,100,99939,100,100048,100,99930,100
2019-06-28 09:30:34.071603963,99992,460,99983,560,99998,100,99965,100,100010,200,99964,100,100017,100,99963,200,100027,100,99962,100,100031,100,99961,100,100034,400,99948,200,100039,100,99941,200,100042,100,99939,100,100048,100,99930,100
2019-06-28 09:30:40.000000000,99998,215,99983,215,100010,315,99965,215,100017,215,99964,215,100027,215,99963,315,100031,100,99962,100,100034,400,99961,100,100039,100,99948,200,100042,100,99941,200,100048,100,99939,100,100056,100,99930,100
2019-06-28 09:30:44.834663079,99998,215,99988,100,100010,315,99983,215,100017,215,99965,215,100027,215,99964,215,100031,100,99963,315,100034,400,99962,100,100039,100,99961,100,100042,100,99948,200,100048,100,99941,200,100056,100,99939,100
2019-06-28 09:30:46.309174825,99998,215,99988,100,100010,315,99983,215,100017,215,99965,215,100027,215,99964,215,100031,100,99963,315,100034,400,99962,100,100039,100,99961,100,100042,100,99948,200,100048,100,99941,200,100056,100,99939,100
2019-06-28 09:30:50.000000000,99998,560,99988,560,100010,200,99983,100,100017,100,99965,100,100027,100,99964,100,100031,100,99963,200,100034,400,99962,100,100039,100,99961,100,100042,100,99948,200,100048,100,99941,200,100056,100,99939,100
2019-06-28 09:30:58.031824607,99998,560,99988,560,100010,200,99983,100,100017,100,99965,100,100027,100,99964,100,100031,100,99963,100,100034,400,99962,100,100039,100,99961,100,100042,100,99948,200,100048,100,99941,200,100056,100,99939,100
2019-06-28 09:31:00.000000000,99998,256,99988,256,100010,352,99983,252,100017,252,99965,252,100027,100,99964,100,100031,100,99963,100,100034,400,99962,100,100039,100,99961,100,100042,100,99948,200,100048,100,99941,200,100056,100,99939,100
2019-06-28 09:31:05.150515477,99998,256,99988,256,100010,352,99983,252,100017,252,99965,252,100027,100,99964,100,100031,100,99963,100,100034,400,99962,100,100039,100,99961,100,100042,100,99948,200,100048,100,99941,200,100056,100,99939,100
2019-06-28 09:31:10.000000000,99998,256,99988,256,100010,352,99983,252,100017,252,99965,252,100027,100,99964,100,100031,100,99963,100,100034,400,99962,100,100039,100,99961,100,100042,100,99948,200,100048,100,99941,200,100056,100,99939,100
2019-06-28 09:31:16.402697813,99998,256,99988,256,100010,352,99983,252,100017,252,99965,252,100027,100,99964,100,100031,100,99963,100,100034,400,99962,100,100035,100,99961,100,100039,100,99948,200,100042,100,99941,200,100048,100,99939,100
2019-06-28 09:31:20.000000000,99998,560,99988,560,100010,200,99983,100,100017,100,99965,100,100027,100,99964,100,100031,100,99963,100,100034,400,99962,100,100035,100,99961,100,100039,100,99948,200,100042,100,99941,200,100048,100,99939,100
2019-06-28 09:31:23.451410174,99998,560,99988,460,100010,200,99983,100,100017,100,99965,100,100027,100,99964,100,100031,100,99963,100,100034,400,99962,100,100035,100,99961,100,100039,100,99948,200,100042,100,99941,200,100048,100,99939,100
2019-06-28 09:31:27.567227291,99998,560,99989,100,100010,200,99988,460,100017,100,99983,100,100027,100,99965,100,100031,100,99964,100,100034,400,99963,100,100035,100,99962,100,100039,100,99961,100,100042,100,99948,200,100048,100,99941,200
2019-06-28 09:31:30.000000000,99998,256,99989,256,100010,352,99983,252,100017,252,99965,252,100027,100,99964,100,100031,100,99963,100,100034,400,99962,100,100035,100,99961,100,100039,100,99948,200,100042,100,99941,200,100048,100,99939,100
2019-06-28 09:31:32.137894251,99998,156,99989,256,100010,352,99983,252,100017,252,99965,252,100027,100,99964,100,100031,100,99963,100,100034,400,99962,100,100035,100,99961,100,100039,100,99948,200,100042,100,99941,200,100048,100,99939,100
2019-06-28 09:31:40.000000000,100010,315,99989,215,100017,215,99983,215,100027,215,99965,215,100031,215,99964,215,100034,400,99963,100,100035,100,99962,100,100039,100,99961,100,100042,100,99948,200,100048,100,99941,200,100056,100,99939,100
2019-06-28 09:31:45.507909330,100010,315,99989,215,100017,215,99983,215,100027,215,99965,215,100031,215,99964,215,100034,400,99963,100,100035,100,99962,100,100039,100,99961,100,100042,100,99948,200,100048,100,99941,200,100055,100,99939,100
2019-06-28 09:31:50.000000000,100010,315,99989,215,100017,215,99983,215,100027,215,99965,215,100031,215,99964,215,100034,400,99963,100,100035,100,99962,100,100039,100,99961,100,100042,100,99948,200,100048,100,99941,200,100055,100,99939,100
2019-06-28 09:32:00.000000000,100010,356,99989,256,100017,252,99983,252,100027,252,99965,252,100031,100,99964,100,100034,400,99963,100,100035,100,99962,100,100039,100,99961,100,100042,100,99948,200,100048,100,99941,200,100055,100,99939,100
2019-06-28 09:32:10.000000000,100010,315,99989,215,100017,215,99983,215,100027,215,99965,215,100031,215,99964,215,100034,400,99963,100,100035,100,99962,100,100039,100,99961,100,100042,100,99948,200,100048,100,99941,200,100055,100,99939,100
2019-06-28 09:32:12.915258453,99997,100,99989,215,100010,315,99983,215,100017,215,99965,215,100027,215,99964,215,100031,215,99963,100,100034,400,99962,100,100035,100,99961,100,100039,100,99948,200,100042,100,99941,200,100048,100,99939,100
2019-06-28 09:32:20.000000000,99997,560,99989,560,100010,200,99983,100,100017,100,99965,100,100027,100,99964,100,100031,100,99963,100,100034,400,99962,100,100035,100,99961,100,100039,100,99948,200,100042,100,99941,200,100048,100,99939,100
2019-06-28 09:32:22.431841732,99997,560,99989,560,100010,200,99983,100,100017,100,99965,100,100027,100,99964,100,100031,100,99963,100,100034,400,99962,100,100035,100,99961,100,100039,100,99948,200,100042,100,99941,200,100048,100,99939,100
2019-06-28 09:32:30.000000000,99997,256,99989,256,100010,352,99983,252,100017,252,99965,252,100027,100,99964,100,100031,100,99963,100,100034,400,99962,100,100035,100,99961,100,100039,100,99948,200,100042,100,99941,200,100048,100,99939,100
2019-06-28 09:32:40.000000000,99997,330,99989,330,100010,430,99983,330,100017,100,99965,100,100027,100,99964,100,100031,100,99963,100,100034,400,99962,100,100035,100,99961,100,100039,100,99948,200,100042,100,99941,200,100048,100,99939,100
2019-06-28 09:32:50.000000000,99997,560,99989,560,100010,200,99983,100,100017,100,99965,100,100027,100,99964,100,100031,100,99963,100,100034,400,99962,100,100035,100,99961,100,100039,100,99948,200,100042,100,99941,200,100048,100,99939,100
2019-06-28 09:32:52.146914071,99997,560,99989,560,100010,200,99983,100,100017,100,99965,100,100027,100,99964,100,100031,100,99963,100,100034,400,99962,100,100035,100,99961,100,100039,100,99948,200,100042,100,99941,200,100048,100,99939,100
2019-06-28 09:32:54.244538512,99997,560,99989,560,100010,200,99983,100,100017,100,99965,100,100027,100,99964,100,100031,100,99963,100,100034,400,99961,100,100035,100,99948,200,100039,100,99941,200,100042,100,99939,100,100048,100,99930,100
2019-06-28 09:32:55.752674225,99997,560,99989,460,100010,200,99983,100,100017,100,99965,100,100027,100,99964,100,100031,100,99963,100,100034,400,99961,100,100035,100,99948,200,100039,100,99941,200,100048,100,99939,100,100055,100,99930,100
2019-06-28 09:32:55.842335673,99993,100,99989,460,99997,560,99983,100,100010,200,99965,100,100017,100,99964,100,100027,100,99963,100,100031,100,99961,100,100034,400,99948,200,100035,100,99941,200,100039,100,99939,100,100048,100,99930,100
2019-06-28 09:32:59.960297524,99993,100,99989,460,99997,560,99983,100,100010,200,99969,100,100017,100,99965,100,100027,100,99964,100,100031,100,99963,100,100034,400,99961,100,100035,100,99948,200,100039,100,99941,100,100048,100,99939,100
2019-06-28 09:33:00.000000000,99993,192,99983,192,99997,192,99969,192,100010,292,99965,192,100017,192,99964,192,100027,192,99963,192,100031,100,99961,100,100034,400,99948,200,100035,100,99941,100,100039,100,99939,100,100048,100,99930,100
2019-06-28 09:33:10.000000000,99993,215,99983,215,99997,215,99969,215,100010,315,99965,215,100017,215,99964,215,100027,100,99963,100,100031,100,99961,100,100034,400,99948,200,100035,100,99941,100,100039,100,99939,100,100048,100,99930,100
2019-06-28 09:33:17.209377980,99993,115,99983,215,99997,215,99969,215,100010,315,99965,215,100017,215,99964,215,100027,100,99963,100,100031,100,99961,100,100034,400,99948,200,100035,100,99941,100,100039,100,99939,100,100048,100,99930,100
2019-06-28 09:33:19.560725476,99993,115,99990,100,99997,215,99983,215,100010,315,99969,215,100017,215,99965,215,100027,100,99964,215,100031,100,99963,100,100034,400,99961,100,100035,100,99948,200,100039,100,99941,100,100048,100,99939,100
2019-06-28 09:33:20.000000000,99997,192,99990,192,100010,292,99983,192,100017,192,99969,192,100027,192,99965,192,100031,192,99964,192,100034,400,99963,100,100035,100,99961,100,100039,100,99948,200,100048,100,99941,100,100056,100,99939,100
2019-06-28 09:33:21.289340567,99997,92,99990,192,100010,292,99983,192,100017,192,99969,192,100027,192,99965,192,100031,192,99964,192,100034,400,99963,100,100035,100,99961,100,100039,100,99948,200,100048,100,99941,100,100056,100,99939,100
2019-06-28 09:33:26.666934881,99997,92,99990,192,100010,292,99983,192,100017,192,99969,192,100027,192,99965,192,100031,192,99964,192,100034,400,99963,100,100035,100,99948,200,100039,100,99941,100,100048,100,99939,100,100056,100,99930,100
2019-06-28 09:33:28.417631760,100010,292,99997,8,100017,192,99990,192,100027,192,99983,192,100031,192,99969,192,100034,400,99965,192,100035,100,99964,192,100039,100,99963,100,100048,100,99948,200,100056,100,99941,100,100097,100,99939,100
2019-06-28 09:33:30.000000000,100010,292,99997,100,100017,192,99990,192,100027,192,99983,192,100031,192,99969,192,100034,492,99965,192,100035,100,99964,100,100039,100,99963,100,100048,100,99948,200,100056,100,99941,100,100097,100,99939,100
2019-06-28 09:33:40.000000000,100010,292,99997,100,100017,192,99990,192,100027,192,99983,192,100031,192,99969,192,100034,492,99965,192,100035,100,99964,100,100039,100,99963,100,100048,100,99948,200,100056,100,99941,100,100097,100,99939,100
2019-06-28 09:33:50.000000000,100010,292,99997,100,100017,192,99990,192,100027,192,99983,192,100031,192,99969,192,100034,492,99965,192,100035,100,99964,100,100039,100,99963,100,100048,100,99948,200,100056,100,99941,100,100097,100,99939,100
2019-06-28 09:34:00.000000000,100010,660,99997,468,100017,100,99990,100,100027,100,99983,100,100031,100,99969,100,100034,400,99965,100,100035,100,99964,100,100039,100,99963,100,100048,100,99948,200,100056,100,99941,100,100097,100,99939,100
2019-06-28 09:34:10.000000000,100010,315,99997,123,100017,215,99990,215,100027,215,99983,215,100031,215,99969,215,100034,400,99965,100,100035,100,99964,100,100039,100,99963,100,100048,100,99948,200,100056,100,99941,100,100097,100,99939,100
2019-06-28 09:34:20.000000000,100010,356,99997,164,100017,252,99990,252,100027,252,99983,252,100031,100,99969,100,100034,400,99965,100,100035,100,99964,100,100039,100,99963,100,100048,100,99948,200,100056,100,99941,100,100097,100,99939,100
2019-06-28 09:34:30.000000000,100010,660,99997,468,100017,100,99990,100,100027,100,99983,100,100031,100,99969,100,100034,400,99965,100,100035,100,99964,100,100039,100,99963,100,100048,100,99948,200,100056,100,99941,100,100097,100,99939,100
2019-06-28 09:34:40.000000000,100010,292,99997,100,100017,192,99990,192,100027,192,99983,192,100031,192,99969,192,100034,492,99965,192,100035,100,99964,100,100039,100,99963,100,100048,100,99948,200,100056,100,99941,100,100097,100,99939,100
2019-06-28 09:34:40.563209481,100010,292,99997,100,100017,192,99990,192,100027,192,99983,192,100031,192,99969,192,100034,492,99965,192,100035,100,99964,100,100039,100,99963,100,100048,100,99948,200,100056,100,99941,100,100097,100,99939,100
2019-06-28 09:34:43.369916918,100010,192,99997,92,100017,192,99990,192,100027,192,99983,192,100031,192,99969,192,100034,492,99965,192,100035,100,99964,100,100039,100,99963,100,100048,100,99948,200,100056,100,99941,100,100097,100,99939,100
2019-06-28 09:34:50.000000000,100010,330,99990,330,100017,330,99983,330,100027,100,99969,100,100031,100,99965,100,100034,400,99964,100,100035,100,99963,100,100039,100,99948,200,100048,100,99941,100,100056,100,99939,100,100097,100,99930,100
2019-06-28 09:34:55.120798784,100010,330,99998,100,100017,330,99990,330,100027,100,99983,330,100031,100,99969,100,100034,400,99965,100,100035,100,99964,100,100039,100,99963,100,100048,100,99948,200,100056,100,99941,100,100097,100,99939,100
2019-06-28 09:35:00.000000000,100010,560,99998,560,100017,100,99990,100,100027,100,99983,100,100031,100,99969,100,100034,400,99965,100,100035,100,99964,100,100039,100,99963,100,100048,100,99948,200,100056,100,99941,100,100097,100,99939,100
2019-06-28 09:35:07.032106275,100010,460,99998,560,100017,100,99990,100,100027,100,99983,100,100031,100,99969,100,100034,400,99965,100,100035,100,99964,100,100039,100,99963,100,100048,100,99948,200,100056,100,99941,100,100097,100,99939,100
2019-06-28 09:35:10.000000000,100017,256,99998,256,100027,252,99990,252,100031,252,99983,252,100034,400,99969,100,100035,100,99965,100,100039,100,99964,100,100048,100,99963,100,100056,100,99948,200,100097,100,99941,100,100107,100,99939,100
2019-06-28 09:35:17.053102527,100017,256,99998,256,100027,252,99990,252,100031,252,99983,252,100034,400,99969,100,100035,100,99965,100,100039,100,99964,100,100048,100,99963,100,100056,100,99948,200,100097,100,99941,100,100107,100,99939,100
2019-06-28 09:35:20.000000000,100017,192,99998,192,100027,192,99990,192,100031,192,99983,192,100034,492,99969,192,100035,192,99965,192,100039,100,99964,100,100048,100,99963,100,100056,100,99948,200,100097,100,99941,100,100107,100,99939,100
2019-06-28 09:35:21.273207310,100017,192,99998,192,100027,192,99990,192,100031,192,99985,100,100034,492,99983,192,100035,192,99969,92,100039,100,99965,192,100048,100,99964,100,100056,100,99963,100,100097,100,99948,200,100107,100,99941,100
2019-06-28 09:35:30.000000000,100017,215,99998,215,100027,215,99990,215,100031,215,99985,215,100034,515,99983,215,100035,100,99965,100,100039,100,99964,100,100048,100,99963,100,100056,100,99948,200,100097,100,99941,100,100107,100,99939,100
2019-06-28 09:35:34.862353353,100017,215,99998,115,100027,215,99990,215,100031,215,99985,215,100034,415,99983,215,100035,100,99965,100,100039,100,99964,100,100048,100,99963,100,100056,100,99948,200,100097,100,99941,100,100107,100,99939,100
2019-06-28 09:35:40.000000000,100017,256,99990,256,100027,252,99985,252,100031,252,99983,252,100034,300,99965,100,100035,100,99964,100,100039,100,99963,100,100048,100,99948,200,100056,100,99941,100,100097,100,99939,100,100107,100,99930,100
2019-06-28 09:35:46.020845838,100017,256,99990,256,100027,252,99985,252,100031,252,99983,252,100034,300,99964,100,100035,100,99963,100,100039,100,99948,200,100048,100,99941,100,100056,100,99939,100,100097,100,99930,100,100107,100,99897,100
2019-06-28 09:35:50.000000000,100017,256,99990,256,100027,252,99985,252,100031,252,99983,252,100034,300,99964,100,100035,100,99963,100,100039,100,99948,200,100048,100,99941,100,100056,100,99939,100,100097,100,99930,100,100107,100,99897,100
2019-06-28 09:36:00.000000000,100017,192,99990,192,100027,192,99985,192,100031,192,99983,192,100034,392,99964,192,100035,192,99963,192,100039,100,99948,200,100048,100,99941,100,100056,100,99939,100,100097,100,99930,100,100107,100,99897,100
2019-06-28 09:36:05.084092332,100002,100,99990,192,100017,192,99985,192,100027,192,99983,192,100031,192,99964,192,100034,392,99963,192,100035,192,99948,200,100039,100,99941,100,100048,100,99939,100,100056,100,99930,100,100097,100,99897,100
2019-06-28 09:36:10.000000000,100002,330,99990,330,100017,330,99985,330,100027,100,99983,100,100031,100,99964,100,100034,300,99963,100,100035,100,99948,200,100039,100,99941,100,100048,100,99939,100,100056,100,99930,100,100097,100,99897,100
2019-06-28 09:36:20.000000000,100002,330,99990,330,100017,330,99985,330,100027,100,99983,100,100031,100,99964,100,100034,300,99963,100,100035,100,99948,200,100039,100,99941,100,100048,100,99939,100,100056,100,99930,100,100097,100,99897,100
2019-06-28 09:36:21.630278570,100002,330,99990,330,100017,330,99985,330,100027,100,99983,100,100031,100,99964,100,100034,300,99963,100,100035,100,99948,200,100039,100,99941,100,100048,100,99939,100,100054,100,99930,100,100056,100,99897,100
2019-06-28 09:36:30.000000000,100002,215,99990,215,100017,215,99985,215,100027,215,99983,215,100031,215,99964,215,100034,300,99963,100,100035,100,99948,200,100039,100,99941,100,100048,100,99939,100,100054,100,99930,100,100056,100,99897,100
2019-06-28 09:36:37.723038736,100002,215,99999,100,100017,215,99990,215,100027,215,99985,215,100031,215,99983,215,100034,300,99964,215,100035,100,99963,100,100039,100,99948,200,100048,100,99941,100,100054,100,99939,100,100056,100,99930,100
2019-06-28 09:36:40.000000000,100002,256,99999,256,100017,252,99990,252,100027,252,99985,252,100031,100,99983,100,100034,300,99964,100,100035,100,99963,100,100039,100,99948,200,100048,100,99941,100,100054,100,99939,100,100056,100,99930,100
2019-06-28 09:36:50.000000000,100002,215,99999,215,100017,215,99990,215,100027,215,99985,215,100031,215,99983,215,100034,300,99964,100,100035,100,99963,100,100039,100,99948,200,100048,100,99941,100,100054,100,99939,100,100056,100,99930,100
2019-06-28 09:36:53.972056825,100002,115,99999,215,100017,215,99990,215,100027,215,99985,215,100031,215,99983,215,100034,300,99964,100,100035,100,99948,200,100039,100,99941,100,100048,100,99939,100,100054,100,99930,100,100056,100,99897,100
2019-06-28 09:37:00.000000000,100017,330,99999,330,100027,330,99990,330,100031,100,99985,100,100034,300,99983,100,100035,100,99964,100,100039,100,99948,200,100048,100,99941,100,100054,100,99939,100,100056,100,99930,100,100097,100,99897,100
2019-06-28 09:37:01.275428536,100017,330,99999,330,100027,330,99990,330,100031,100,99985,100,100034,300,99983,100,100035,100,99964,100,100039,100,99948,200,100048,100,99941,100,100054,100,99939,100,100056,100,99930,100,100097,100,99897,100
2019-06-28 09:37:02.694965514,100017,330,100000,100,100027,330,99999,330,100031,100,99990,330,100034,300,99985,100,100035,100,99983,100,100039,100,99964,100,100048,100,99948,200,100054,100,99941,100,100056,100,99939,100,100097,100,99930,100
2019-06-28 09:37:10.000000000,100017,256,100000,256,100027,252,99999,252,100031,252,99990,252,100034,300,99985,100,100035,100,99983,100,100039,100,99964,100,100048,100,99948,200,100054,100,99941,100,100056,100,99939,100,100097,100,99930,100
2019-06-28 09:37:20.000000000,100017,256,100000,256,100027,252,99999,252,100031,252,99990,252,100034,300,99985,100,100035,100,99983,100,100039,100,99964,100,100048,100,99948,200,100054,100,99941,100,100056,100,99939,100,100097,100,99930,100
2019-06-28 09:37:21.144635989,100017,256,100000,356,100027,252,99999,252,100031,252,99990,252,100034,300,99985,100,100035,100,99983,100,100039,100,99964,100,100048,100,99948,200,100054,100,99941,100,100056,100,99939,100,100097,100,99930,100
2019-06-28 09:37:30.000000000,100017,560,100000,660,100027,100,99999,100,100031,100,99990,100,100034,300,99985,100,100035,100,99983,100,100039,100,99964,100,100048,100,99948,200,100054,100,99941,100,100056,100,99939,100,100097,100,99930,100
2019-06-28 09:37:36.655806693,100017,460,100000,660,100027,100,99999,100,100031,100,99990,100,100034,300,99985,100,100035,100,99983,100,100039,100,99964,100,100048,100,99948,200,100054,100,99941,100,100056,100,99939,100,100097,100,99930,100
2019-06-28 09:37:40.000000000,100027,192,100000,292,100031,192,99999,192,100034,392,99990,192,100035,192,99985,192,100039,192,99983,192,100048,100,99964,100,100054,100,99948,200,100056,100,99941,100,100097,100,99939,100,100107,100,99930,100
2019-06-28 09:37:42.178695444,100027,92,100000,292,100031,192,99999,192,100034,392,99990,192,100035,192,99985,192,100039,192,99983,192,100048,100,99964,100,100054,100,99948,200,100056,100,99939,100,100097,100,99930,100,100107,100,99897,100
2019-06-28 09:37:50.000000000,100031,560,100000,660,100034,300,99999,100,100035,100,99990,100,100039,100,99985,100,100048,100,99983,100,100054,100,99964,100,100056,100,99948,200,100097,100,99939,100,100107,100,99930,100,100150,100,99897,100
2019-06-28 09:38:00.000000000,100031,256,100000,356,100034,452,99999,252,100035,252,99990,252,100039,100,99985,100,100048,100,99983,100,100054,100,99964,100,100056,100,99948,200,100097,100,99939,100,100107,100,99930,100,100150,100,99897,100
2019-06-28 09:38:00.714311221,100031,256,100000,356,100034,452,99999,252,100035,252,99990,252,100039,100,99985,100,100048,100,99983,100,100054,100,99964,100,100056,100,99948,200,100097,100,99939,100,100107,100,99930,100,100150,100,99897,100
2019-06-28 09:38:10.000000000,100031,256,100000,356,100034,452,99999,252,100035,252,99990,252,100039,100,99985,100,100048,100,99983,100,100054,100,99964,100,100056,100,99948,200,100097,100,99939,100,100107,100,99930,100,100150,100,99897,100
2019-06-28 09:38:20.000000000,100031,330,100000,430,100034,530,99999,330,100035,100,99990,100,100039,100,99985,100,100048,100,99983,100,100054,100,99964,100,100056,100,99948,200,100097,100,99939,100,100107,100,99930,100,100150,100,99897,100
2019-06-28 09:38:30.000000000,100031,215,100000,315,100034,415,99999,215,100035,215,99990,215,100039,215,99985,215,100048,100,99983,100,100054,100,99964,100,100056,100,99948,200,100097,100,99939,100,100107,100,99930,100,100150,100,99897,100
2019-06-28 09:38:40.000000000,100031,215,100000,315,100034,415,99999,215,100035,215,99990,215,100039,215,99985,215,100048,100,99983,100,100054,100,99964,100,100056,100,99948,200,100097,100,99939,100,100107,100,99930,100,100150,100,99897,100
2019-06-28 09:38:50.000000000,100031,215,100000,315,100034,415,99999,215,100035,215,99990,215,100039,215,99985,215,100048,100,99983,100,100054,100,99964,100,100056,100,99948,200,100097,100,99939,100,100107,100,99930,100,100150,100,99897,100
2019-06-28 09:39:00.000000000,100031,256,100000,356,100034,452,99999,252,100035,252,99990,252,100039,100,99985,100,100048,100,99983,100,100054,100,99964,100,100056,100,99948,200,100097,100,99939,100,100107,100,99930,100,100150,100,99897,100
2019-06-28 09:39:06.912427196,100031,256,100000,356,100034,452,99999,252,100035,252,99990,252,100039,100,99985,100,100048,100,99983,100,100054,100,99964,100,100097,100,99948,200,100107,100,99939,100,100150,100,99930,100,100159,100,99897,100
2019-06-28 09:39:10.000000000,100031,560,100000,660,100034,300,99999,100,100035,100,99990,100,100039,100,99985,100,100048,100,99983,100,100054,100,99964,100,100097,100,99948,200,100107,100,99939,100,100150,100,99930,100,100159,100,99897,100
2019-06-28 09:39:20.000000000,100031,215,100000,315,100034,415,99999,215,100035,215,99990,215,100039,215,99985,215,100048,100,99983,100,100054,100,99964,100,100097,100,99948,200,100107,100,99939,100,100150,100,99930,100,100159,100,99897,100
2019-06-28 09:39:26.886254446,100031,215,100000,315,100034,415,99999,215,100035,215,99990,215,100039,215,99985,215,100048,100,99983,100,100054,100,99964,100,100097,100,99948,200,100107,100,99939,100,100150,100,99930,100,100159,100,99897,100
2019-06-28 09:39:30.000000000,100031,192,100000,292,100034,392,99999,192,100035,192,99990,192,100039,192,99985,192,100048,192,99983,192,100054,100,99964,100,100097,100,99948,200,100107,100,99939,100,100150,100,99930,100,100159,100,99897,100
2019-06-28 09:39:36.754311449,100031,192,100017,100,100034,392,100000,292,100035,192,99999,192,100039,192,99990,192,100048,192,99985,192,100054,100,99983,192,100097,100,99964,100,100107,100,99948,200,100150,100,99939,100,100159,100,99930,100
2019-06-28 09:39:40.000000000,100031,215,100017,215,100034,415,100000,315,100035,215,99999,215,100039,215,99990,215,100048,100,99985,100,100054,100,99983,100,100097,100,99964,100,100107,100,99948,200,100150,100,99939,100,100159,100,99930,100
2019-06-28 09:39:50.000000000,100031,215,100017,215,100034,415,100000,315,100035,215,99999,215,100039,215,99990,215,100048,100,99985,100,100054,100,99983,100,100097,100,99964,100,100107,100,99948,200,100150,100,99939,100,100159,100,99930,100
2019-06-28 09:40:00.000000000,100031,192,100017,192,100034,392,100000,292,100035,192,99999,192,100039,192,99990,192,100048,192,99985,192,100054,100,99983,100,100097,100,99964,100,100107,100,99948,200,100150,100,99939,100,100159,100,99930,100
2019-06-28 09:40:10.000000000,100031,256,100017,256,100034,452,100000,352,100035,252,99999,252,100039,100,99990,100,100048,100,99985,100,100054,100,99983,100,100097,100,99964,100,100107,100,99948,200,100150,100,99939,100,100159,100,99930,100
2019-06-28 09:40:20.000000000,100031,192,100017,192,100034,392,100000,292,100035,192,99999,192,100039,192,99990,192,100048,192,99985,192,100054,100,99983,100,100097,100,99964,100,100107,100,99948,200,100150,100,99939,100,100159,100,99930,100
2019-06-28 09:40:24.051182646,100031,192,100017,92,100034,392,100000,292,100035,192,99999,192,100039,192,99990,192,100048,192,99985,192,100054,100,99983,100,100097,100,99964,100,100107,100,99948,200,100150,100,99939,100,100159,100,99930,100
2019-06-28 09:40:30.000000000,100031,192,100000,292,100034,392,99999,192,100035,192,99990,192,100039,192,99985,192,100048,192,99983,192,100054,100,99964,100,100097,100,99948,200,100107,100,99939,100,100150,100,99930,100,100159,100,99897,100
2019-06-28 09:40:40.000000000,100031,192,100000,292,100034,392,99999,192,100035,192,99990,192,100039,192,99985,192,100048,192,99983,192,100054,100,99964,100,100097,100,99948,200,100107,100,99939,100,100150,100,99930,100,100159,100,99897,100
2019-06-28 09:40:50.000000000,100031,330,100000,430,100034,530,99999,330,100035,100,99990,100,100039,100,99985,100,100048,100,99983,100,100054,100,99964,100,100097,100,99948,200,100107,100,99939,100,100150,100,99930,100,100159,100,99897,100
2019-06-28 09:40:55.008640537,100031,330,100000,430,100034,530,99999,330,100035,100,99990,100,100039,100,99985,100,100048,100,99983,100,100054,100,99978,100,100097,100,99964,100,100107,100,99948,200,100150,100,99939,100,100159,100,99930,100
2019-06-28 09:41:00.000000000,100031,192,100000,292,100034,392,99999,192,100035,192,99990,192,100039,192,99985,192,100048,192,99983,192,100054,100,99978,100,100097,100,99964,100,100107,100,99948,200,100150,100,99939,100,100159,100,99930,100
2019-06-28 09:41:10.000000000,100031,192,100000,292,100034,392,99999,192,100035,192,99990,192,100039,192,99985,192,100048,192,99983,192,100054,100,99978,100,100097,100,99964,100,100107,100,99948,200,100150,100,99939,100,100159,100,99930,100
2019-06-28 09:41:14.583525039,100031,192,100000,292,100034,392,99999,192,100035,192,99990,192,100039,192,99985,192,100048,192,99983,192,100054,100,99978,100,100097,100,99964,100,100107,100,99948,200,100150,100,99939,100,100159,100,99930,100
2019-06-28 09:41:20.000000000,100031,215,100000,315,100034,415,99999,215,100035,215,99990,215,100039,215,99985,215,100048,100,99983,100,100054,100,99978,100,100097,100,99964,100,100107,100,99948,200,100150,100,99939,100,100159,100,99930,100
2019-06-28 09:41:30.000000000,100031,560,100000,660,100034,300,99999,100,100035,100,99990,100,100039,100,99985,100,100048,100,99983,100,100054,100,99978,100,100097,100,99964,100,100107,100,99948,200,100150,100,99939,100,100159,100,99930,100
2019-06-28 09:41:36.146989251,100031,560,100000,560,100034,300,99999,100,100035,100,99990,100,100039,100,99985,100,100048,100,99983,100,100054,100,99978,100,100097,100,99964,100,100107,100,99948,200,100159,100,99939,100,100206,100,99930,100
2019-06-28 09:41:37.656679424,100031,560,100000,460,100034,300,99999,100,100035,100,99990,100,100039,100,99985,100,100048,100,99983,100,100054,100,99978,100,100097,100,99964,100,100107,100,99948,200,100159,100,99939,100,100206,100,99930,100
2019-06-28 09:41:40.000000000,100031,560,99999,560,100034,300,99990,100,100035,100,99985,100,100039,100,99983,100,100048,100,99978,100,100054,100,99964,100,100097,100,99948,200,100107,100,99939,100,100159,100,99930,100,100206,100,99897,100
2019-06-28 09:41:41.416197946,100017,100,99999,560,100031,560,99990,100,100034,300,99985,100,100035,100,99983,100,100039,100,99978,100,100048,100,99964,100,100054,100,99948,200,100097,100,99939,100,100107,100,99930,100,100159,100,99897,100
2019-06-28 09:41:47.278178779,100017,100,99999,460,100031,560,99990,100,100034,300,99985,100,100035,100,99983,100,100039,100,99978,100,100048,100,99964,100,100054,100,99948,200,100097,100,99939,100,100107,100,99930,100,100159,100,99897,100
2019-06-28 09:41:49.637967773,100017,100,99999,460,100031,560,99985,100,100034,300,99983,100,100035,100,99978,100,100039,100,99964,100,100048,100,99948,200,100054,100,99939,100,100097,100,99930,100,100107,100,99897,100,100159,100,99895,100
2019-06-28 09:41:50.000000000,100017,560,99985,560,100031,100,99983,100,100034,300,99978,100,100035,100,99964,100,100039,100,99948,200,100048,100,99939,100,100054,100,99930,100,100097,100,99897,100,100107,100,99895,100,100159,100,99894,100
2019-06-28 09:42:00.000000000,100017,215,99985,215,100031,215,99983,215,100034,415,99978,215,100035,215,99964,215,100039,100,99948,200,100048,100,99939,100,100054,100,99930,100,100097,100,99897,100,100107,100,99895,100,100159,100,99894,100
2019-06-28 09:42:10.000000000,100017,256,99985,256,100031,252,99983,252,100034,452,99978,252,100035,100,99964,100,100039,100,99948,200,100048,100,99939,100,100054,100,99930,100,100097,100,99897,100,100107,100,99895,100,100159,100,99894,100
2019-06-28 09:42:17.461201793,100000,100,99985,256,100017,256,99983,252,100031,252,99978,252,100034,452,99964,100,100035,100,99948,200,100039,100,99939,100,100048,100,99930,100,100054,100,99897,100,100097,100,99895,100,100107,100,99894,100
2019-06-28 09:42:17.952094832,100000,100,99985,156,100017,256,99983,252,100031,252,99978,252,100034,452,99964,100,100035,100,99948,200,100039,100,99939,100,100048,100,99897,100,100054,100,99895,100,100097,100,99894,100,100107,100,99871,100
2019-06-28 09:42:20.000000000,100000,256,99983,256,100017,252,99978,252,100031,252,99964,252,100034,300,99948,200,100035,100,99939,100,100039,100,99897,100,100048,100,99895,100,100054,100,99894,100,100097,100,99871,100,100107,100,99839,100
2019-06-28 09:42:30.000000000,100000,215,99983,215,100017,215,99978,215,100031,215,99964,215,100034,415,99948,315,100035,100,99939,100,100039,100,99897,100,100048,100,99895,100,100054,100,99894,100,100097,100,99871,100,100107,100,99839,100
2019-06-28 09:42:40.000000000,100000,192,99983,192,100017,192,99978,192,100031,192,99964,192,100034,392,99948,292,100035,192,99939,192,100039,100,99897,100,100048,100,99895,100,100054,100,99894,100,100097,100,99871,100,100107,100,99839,100
2019-06-28 09:42:50.000000000,100000,256,99983,256,100017,252,99978,252,100031,252,99964,252,100034,300,99948,200,100035,100,99939,100,100039,100,99897,100,100048,100,99895,100,100054,100,99894,100,100097,100,99871,100,100107,100,99839,100
2019-06-28 09:43:00.000000000,100000,330,99983,330,100017,330,99978,330,100031,100,99964,100,100034,300,99948,200,100035,100,99939,100,100039,100,99897,100,100048,100,99895,100,100054,100,99894,100,100097,100,99871,100,100107,100,99839,100
2019-06-28 09:43:02.223328317,99999,100,99983,330,100000,330,99978,330,100017,330,99964,100,100031,100,99948,200,100034,300,99939,100,100035,100,99897,100,100039,100,99895,100,100048,100,99894,100,100054,100,99871,100,100097,100,99839,100
2019-06-28 09:43:10.000000000,99999,560,99983,560,100000,100,99978,100,100017,100,99964,100,100031,100,99948,200,100034,300,99939,100,100035,100,99897,100,100039,100,99895,100,100048,100,99894,100,100054,100,99871,100,100097,100,99839,100
2019-06-28 09:43:20.000000000,99999,560,99983,560,100000,100,99978,100,100017,100,99964,100,100031,100,99948,200,100034,300,99939,100,100035,100,99897,100,100039,100,99895,100,100048,100,99894,100,100054,100,99871,100,100097,100,99839,100
2019-06-28 09:43:30.000000000,99999,560,99983,560,100000,100,99978,100,100017,100,99964,100,100031,100,99948,200,100034,300,99939,100,100035,100,99897,100,100039,100,99895,100,100048,100,99894,100,100054,100,99871,100,100097,100,99839,100
2019-06-28 09:43:40.000000000,99999,215,99983,215,100000,215,99978,215,100017,215,99964,215,100031,215,99948,315,100034,300,99939,100,100035,100,99897,100,100039,100,99895,100,100048,100,99894,100,100054,100,99871,100,100097,100,99839,100
2019-06-28 09:43:41.007763779,99999,215,99983,115,100000,215,99978,215,100017,215,99964,215,100031,215,99948,315,100034,300,99939,100,100035,100,99897,100,100039,100,99895,100,100048,100,99894,100,100054,100,99871,100,100107,100,99839,100
2019-06-28 09:43:50.000000000,99999,256,99978,256,100000,252,99964,252,100017,252,99948,352,100031,100,99939,100,100034,300,99897,100,100035,100,99895,100,100039,100,99894,100,100048,100,99871,100,100054,100,99839,100,100107,100,99811,100
2019-06-28 09:43:54.347558748,99985,100,99978,256,99999,256,99964,252,100000,252,99948,352,100017,252,99939,100,100031,100,99897,100,100034,300,99895,100,100035,100,99894,100,100039,100,99871,100,100048,100,99839,100,100054,100,99811,100
2019-06-28 09:43:57.847071069,99985,100,99978,156,99999,256,99964,252,100000,252,99948,352,100017,252,99939,100,100031,100,99897,100,100034,300,99895,100,100035,100,99894,100,100039,100,99871,100,100048,100,99839,100,100054,100,99811,100
2019-06-28 09:43:59.013158967,99985,100,99978,56,99999,256,99964,252,100000,252,99948,352,100017,252,99939,100,100031,100,99897,100,100034,300,99895,100,100035,100,99894,100,100039,100,99871,100,100048,100,99839,100,100054,100,99811,100
2019-06-28 09:44:00.000000000,99985,330,99964,330,99999,330,99948,430,100000,100,99939,100,100017,100,99897,100,100031,100,99895,100,100034,300,99894,100,100035,100,99871,100,100039,100,99839,100,100048,100,99811,100,100054,100,99787,100
2019-06-28 09:44:04.621979756,99978,100,99964,230,99985,330,99948,430,99999,330,99939,100,100000,100,99897,100,100017,100,99895,100,100031,100,99894,100,100034,300,99871,100,100035,100,99839,100,100039,100,99811,100,100048,100,99787,100
2019-06-28 09:44:10.000000000,99978,330,99948,430,99985,330,99939,330,99999,100,99897,100,100000,100,99895,100,100017,100,99894,100,100031,100,99871,100,100034,300,99839,100,100035,100,99811,100,100039,100,99787,100,100048,100,99775,100
2019-06-28 09:44:17.517476117,99978,230,99948,430,99985,330,99939,330,99999,100,99897,100,100000,100,99895,100,100017,100,99894,100,100031,100,99871,100,100034,300,99839,100,100035,100,99811,100,100039,100,99787,100,100048,100,99775,100
2019-06-28 09:44:20.000000000,99985,330,99948,430,99999,330,99939,330,100000,100,99897,100,100017,100,99895,100,100031,100,99894,100,100034,300,99871,100,100035,100,99839,100,100039,100,99811,100,100048,100,99787,100,100054,100,99775,100
2019-06-28 09:44:30.000000000,99985,560,99948,660,99999,100,99939,100,100000,100,99897,100,100017,100,99895,100,100031,100,99894,100,100034,300,99871,100,100035,100,99839,100,100039,100,99811,100,100048,100,99787,100,100054,100,99775,100
2019-06-28 09:44:40.000000000,99985,560,99948,660,99999,100,99939,100,100000,100,99897,100,100017,100,99895,100,100031,100,99894,100,100034,300,99871,100,100035,100,99839,100,100039,100,99811,100,100048,100,99787,100,100054,100,99775,100
2019-06-28 09:44:46.133232008,99985,560,99948,660,99999,100,99939,100,100000,100,99897,100,100017,100,99895,100,100031,100,99894,100,100034,200,99871,100,100035,100,99839,100,100039,100,99811,100,100048,100,99787,100,100054,100,99775,100
2019-06-28 09:44:50.000000000,99985,330,99948,430,99999,330,99939,330,100000,100,99897,100,100017,100,99895,100,100031,100,99894,100,100034,200,99871,100,100035,100,99839,100,100039,100,99811,100,100048,100,99787,100,100054,100,99775,100
2019-06-28 09:45:00.000000000,99985,192,99948,292,99999,192,99939,192,100000,192,99897,192,100017,192,99895,192,100031,192,99894,192,100034,200,99871,100,100035,100,99839,100,100039,100,99811,100,100048,100,99787,100,100054,100,99775,100
2019-06-28 09:45:01.022514005,99985,192,99948,92,99999,192,99939,192,100000,192,99897,192,100017,192,99895,192,100031,192,99894,192,100034,200,99871,100,100035,100,99839,100,100039,100,99811,100,100048,100,99787,100,100054,100,99775,100
2019-06-28 09:45:07.311704333,99985,192,99948,92,99999,192,99939,192,100000,192,99897,192,100017,192,99895,192,100031,192,99894,192,100034,200,99871,100,100035,100,99839,100,100039,100,99811,100,100048,100,99787,100,100054,100,99775,100
2019-06-28 09:45:10.000000000,99985,330,99939,330,99999,330,99897,330,100000,100,99895,100,100017,100,99894,100,100031,100,99871,100,100034,200,99839,100,100035,100,99811,100,100039,100,99787,100,100048,100,99775,100,100054,100,99725,100
2019-06-28 09:45:12.687189491,99985,330,99939,330,99999,330,99897,330,100000,100,99895,100,100017,100,99894,100,100031,100,99871,100,100034,200,99839,100,100035,100,99811,100,100039,100,99787,100,100048,100,99775,100,100054,100,99725,100
2019-06-28 09:45:20.000000000,99985,215,99939,215,99999,215,99897,215,100000,215,99895,215,100017,215,99894,215,100031,100,99871,100,100034,200,99839,100,100035,100,99811,100,100039,100,99787,100,100048,100,99775,100,100054,100,99725,100
2019-06-28 09:45:30.000000000,99985,560,99939,560,99999,100,99897,100,100000,100,99895,100,100017,100,99894,100,100031,100,99871,100,100034,200,99839,100,100035,100,99811,100,100039,100,99787,100,100048,100,99775,100,100054,100,99725,100
2019-06-28 09:45:40.000000000,99985,215,99939,215,99999,215,99897,215,100000,215,99895,215,100017,215,99894,215,100031,100,99871,100,100034,200,99839,100,100035,100,99811,100,100039,100,99787,100,100048,100,99775,100,100054,100,99725,100
2019-06-28 09:45:48.021394108,99985,215,99939,115,99999,215,99897,215,100000,215,99895,215,100017,215,99894,215,100031,100,99871,100,100034,200,99839,100,100035,100,99811,100,100039,100,99787,100,100048,100,99775,100,100054,100,99725,100
2019-06-28 09:45:50.000000000,99985,330,99897,330,99999,330,99895,330,100000,100,99894,100,100017,100,99871,100,100031,100,99839,100,100034,200,99811,100,100035,100,99787,100,100039,100,99775,100,100048,100,99725,100,100054,100,98953,100
2019-06-28 09:45:54.297932677,99985,330,99897,230,99999,330,99895,330,100000,100,99871,100,100017,100,99839,100,100031,100,99811,100,100034,200,99787,100,100035,100,99775,100,100039,100,99725,100,100048,100,98953,100,100054,100,98914,100
2019-06-28 09:46:00.000000000,99985,560,99895,560,99999,100,99871,100,100000,100,99839,100,100017,100,99811,100,100031,100,99787,100,100034,200,99775,100,100035,100,99725,100,100039,100,98953,100,100048,100,98914,100,100054,100,,
2019-06-28 09:46:00.474955398,99985,560,99895,460,99999,100,99871,100,100000,100,99839,100,100017,100,99811,100,100031,100,99787,100,100034,200,99775,100,100035,100,98953,100,100039,100,98914,100,100048,100,,,100054,100,,
2019-06-28 09:46:10.000000000,99985,192,99871,192,99999,192,99839,192,100000,192,99811,192,100017,192,99787,192,100031,192,99775,192,100034,200,98953,100,100035,100,98914,100,100039,100,,,100048,100,,,100054,100,,
2019-06-28 09:46:20.000000000,99985,560,99871,560,99999,100,99839,100,100000,100,99811,100,100017,100,99787,100,100031,100,99775,100,100034,200,98953,100,100035,100,98914,100,100039,100,,,100048,100,,,100054,100,,
2019-06-28 09:46:21.943291236,99897,100,99871,560,99985,560,99839,100,99999,100,99811,100,100000,100,99787,100,100017,100,99775,100,100034,200,98953,100,100035,100,98914,100,100039,100,,,100048,100,,,100054,100,,
2019-06-28 09:46:29.269225458,99897,100,99871,460,99985,560,99839,100,99999,100,99811,100,100000,100,99787,100,100017,100,99775,100,100034,200,98953,100,100035,100,98914,100,100039,100,,,100048,100,,,100054,100,,
2019-06-28 09:46:30.000000000,99897,560,99839,560,99985,100,99811,100,99999,100,99787,100,100000,100,99775,100,100017,100,98953,100,100034,200,98914,100,100035,100,,,100039,100,,,100048,100,,,100054,100,,
2019-06-28 09:46:31.285605160,99897,560,99839,560,99985,100,99811,100,99999,100,99787,100,100000,100,99775,100,100017,100,98953,100,100034,200,98914,100,100035,100,98840,100,100039,100,,,100048,100,,,100054,100,,
2019-06-28 09:46:39.282618028,99897,560,99839,460,99985,100,99787,100,99999,100,99775,100,100000,100,98953,100,100017,100,98914,100,100034,200,98840,100,100035,100,,,100039,100,,,100048,100,,,100054,100,,
2019-06-28 09:46:40.000000000,99897,192,99787,192,99985,192,99775,192,99999,192,98953,192,100000,192,98914,192,100017,192,98840,192,100034,200,,,100035,100,,,100039,100,,,100048,100,,,100054,100,,
2019-06-28 09:46:45.105262890,99897,192,99787,192,99985,192,99775,192,99999,192,98953,192,100000,192,98914,192,100017,192,98873,100,100034,200,98840,192,100035,100,,,100039,100,,,100048,100,,,100054,100,,
2019-06-28 09:46:50.000000000,99897,215,99787,215,99985,215,99775,215,99999,215,98953,215,100000,215,98914,215,100017,100,98873,100,100034,200,98840,100,100035,100,,,100039,100,,,100048,100,,,100054,100,,
2019-06-28 09:47:00.000000000,99897,215,99787,215,99985,215,99775,215,99999,215,98953,215,100000,215,98914,215,100017,100,98873,100,100034,200,98840,100,100035,100,,,100039,100,,,100048,100,,,100054,100,,
2019-06-28 09:47:10.000000000,99897,215,99787,215,99985,215,99775,215,99999,215,98953,215,100000,215,98914,215,100017,100,98873,100,100034,200,98840,100,100035,100,,,100039,100,,,100048,100,,,100054,100,,
2019-06-28 09:47:11.124399945,99871,100,99787,215,99897,215,99775,215,99985,215,98953,215,99999,215,98914,215,100000,215,98873,100,100017,100,98840,100,100034,200,,,100035,100,,,100039,100,,,100048,100,,
2019-06-28 09:47:14.083117733,99871,200,99787,215,99897,215,99775,215,99985,215,98953,215,99999,215,98914,215,100000,215,98873,100,100017,100,98840,100,100034,200,,,100035,100,,,100039,100,,,100048,100,,
2019-06-28 09:47:20.000000000,99871,315,99787,215,99897,215,99775,215,99985,215,98953,215,99999,215,98914,215,100000,100,98873,100,100017,100,98840,100,100034,200,,,100035,100,,,100039,100,,,100048,100,,
2019-06-28 09:47:30.000000000,99871,315,99787,215,99897,215,99775,215,99985,215,98953,215,99999,215,98914,215,100000,100,98873,100,100017,100,98840,100,100034,200,,,100035,100,,,100039,100,,,100048,100,,
2019-06-28 09:47:34.386752595,99871,315,99787,215,99897,215,99775,215,99985,215,98953,215,99999,215,98919,100,100000,100,98914,215,100017,100,98873,100,100034,200,98840,100,100035,100,,,100039,100,,,100048,100,,
2019-06-28 09:47:40.000000000,99871,430,99787,330,99897,330,99775,330,99985,100,98953,100,99999,100,98919,100,100000,100,98914,100,100017,100,98873,100,100034,200,98840,100,100035,100,,,100039,100,,,100048,100,,
2019-06-28 09:47:48.176826307,99871,430,99787,230,99897,330,99775,330,99985,100,98953,100,99999,100,98919,100,100000,100,98914,100,100017,100,98873,100,100034,200,98840,100,100035,100,,,100039,100,,,100048,100,,
2019-06-28 09:47:50.000000000,99871,430,99775,330,99897,330,98953,330,99985,100,98919,100,99999,100,98914,100,100000,100,98873,100,100017,100,98840,100,100034,200,,,100035,100,,,100039,100,,,100048,100,,
2019-06-28 09:48:00.000000000,99871,660,99775,560,99897,100,98953,100,99985,100,98919,100,99999,100,98914,100,100000,100,98873,100,100017,100,98840,100,100034,200,,,100035,100,,,100039,100,,,100048,100,,
2019-06-28 09:48:10.000000000,99871,356,99775,256,99897,252,98953,252,99985,252,98919,252,99999,100,98914,100,100000,100,98873,100,100017,100,98840,100,100034,200,,,100035,100,,,100039,100,,,100048,100,,
2019-06-28 09:48:20.000000000,99871,430,99775,330,99897,330,98953,330,99985,100,98919,100,99999,100,98914,100,100000,100,98873,100,100017,100,98840,100,100034,200,,,100035,100,,,100039,100,,,100048,100,,
2019-06-28 09:48:30.000000000,99871,356,99775,256,99897,252,98953,252,99985,252,98919,252,99999,100,98914,100,100000,100,98873,100,100017,100,98840,100,100034,200,,,100035,100,,,100039,100,,,100048,100,,
2019-06-28 09:48:34.804481896,99871,356,99775,256,99897,252,98953,252,99985,252,98919,252,99999,100,98914,100,100000,100,98873,100,100017,100,98840,100,100034,200,98267,100,100035,100,,,100039,100,,,100048,100,,
2019-06-28 09:48:37.973141593,99839,100,99775,256,99871,356,98953,252,99897,252,98919,252,99985,252,98914,100,99999,100,98873,100,100000,100,98840,100,100017,100,98267,100,100034,200,,,100035,100,,,100039,100,,
2019-06-28 09:48:40.000000000,99839,256,99775,256,99871,352,98953,252,99897,252,98919,252,99985,100,98914,100,99999,100,98873,100,100000,100,98840,100,100017,100,98267,100,100034,200,,,100035,100,,,100039,100,,
2019-06-28 09:48:43.815597353,99839,256,99775,256,99871,352,98953,252,99897,252,98919,252,99985,100,98914,100,99999,100,98873,100,100000,100,98840,100,100017,100,98578,100,100034,200,98267,100,100035,100,,,100039,100,,
2019-06-28 09:48:45.348220877,99839,256,99775,156,99871,352,98953,252,99897,252,98919,252,99985,100,98914,100,99999,100,98873,100,100000,100,98840,100,100017,100,98578,100,100034,200,98267,100,100035,100,,,100039,100,,
2019-06-28 09:48:50.000000000,99839,560,98953,560,99871,200,98919,100,99897,100,98914,100,99985,100,98873,100,99999,100,98840,100,100000,100,98578,100,100017,100,98267,100,100034,200,,,100035,100,,,100039,100,,
2019-06-28 09:49:00.000000000,99839,256,98953,256,99871,352,98919,252,99897,252,98914,252,99985,100,98873,100,99999,100,98840,100,100000,100,98578,100,100017,100,98267,100,100034,200,,,100035,100,,,100039,100,,
2019-06-28 09:49:10.000000000,99839,192,98953,192,99871,292,98919,192,99897,192,98914,192,99985,192,98873,192,99999,192,98840,192,100000,100,98578,100,100017,100,98267,100,100034,200,,,100035,100,,,100039,100,,
2019-06-28 09:49:20.000000000,99839,192,98953,192,99871,292,98919,192,99897,192,98914,192,99985,192,98873,192,99999,192,98840,192,100000,100,98578,100,100017,100,98267,100,100034,200,,,100035,100,,,100039,100,,
2019-06-28 09:49:30.000000000,99839,215,98953,215,99871,315,98919,215,99897,215,98914,215,99985,215,98873,215,99999,100,98840,100,100000,100,98578,100,100017,100,98267,100,100034,200,,,100035,100,,,100039,100,,
2019-06-28 09:49:36.438045170,99839,215,98953,215,99871,315,98919,215,99897,215,98914,215,99985,215,98873,215,99999,100,98840,100,100000,100,98578,100,100017,100,98267,100,100034,200,,,100035,100,,,100039,100,,
2019-06-28 09:49:36.507733889,99839,215,99788,100,99871,315,98953,215,99897,215,98919,215,99985,215,98914,215,99999,100,98873,215,100000,100,98840,100,100017,100,98578,100,100034,200,98267,100,100035,100,,,100039,100,,
2019-06-28 09:49:38.007610379,99839,115,99788,100,99871,315,98953,215,99897,215,98919,215,99985,215,98914,215,99999,100,98873,215,100000,100,98840,100,100017,100,98578,100,100034,200,98267,100,100035,100,,,100039,100,,
2019-06-28 09:49:40.000000000,99871,660,99788,560,99897,100,98953,100,99985,100,98919,100,99999,100,98914,100,100000,100,98873,100,100017,100,98840,100,100034,200,98578,100,100035,100,98267,100,100039,100,,,100048,100,,
2019-06-28 09:49:50.000000000,99871,292,99788,192,99897,192,98953,192,99985,192,98919,192,99999,192,98914,192,100000,192,98873,192,100017,100,98840,100,100034,200,98578,100,100035,100,98267,100,100039,100,,,100048,100,,
2019-06-28 09:50:00.000000000,99871,356,99788,256,99897,252,98953,252,99985,252,98919,252,99999,100,98914,100,100000,100,98873,100,100017,100,98840,100,100034,200,98578,100,100035,100,98267,100,100039,100,,,100048,100,,
2019-06-28 09:50:10.000000000,99871,315,99788,215,99897,215,98953,215,99985,215,98919,215,99999,215,98914,215,100000,100,98873,100,100017,100,98840,100,100034,200,98578,100,100035,100,98267,100,100039,100,,,100048,100,,
2019-06-28 09:50:19.468960522,99871,315,99788,215,99897,215,98953,215,99985,215,98919,215,99999,215,98914,215,100000,100,98873,100,100017,100,98840,100,100034,200,98267,100,100035,100,,,100039,100,,,100048,100,,
2019-06-28 09:50:20.000000000,99871,315,99788,215,99897,215,98953,215,99985,215,98919,215,99999,215,98914,215,100000,100,98873,100,100017,100,98840,100,100034,200,98267,100,100035,100,,,100039,100,,,100048,100,,
2019-06-28 09:50:30.000000000,99871,660,99788,560,99897,100,98953,100,99985,100,98919,100,99999,100,98914,100,100000,100,98873,100,100017,100,98840,100,100034,200,98267,100,100035,100,,,100039,100,,,100048,100,,
2019-06-28 09:50:40.000000000,99871,660,99788,560,99897,100,98953,100,99985,100,98919,100,99999,100,98914,100,100000,100,98873,100,100017,100,98840,100,100034,200,98267,100,100035,100,,,100039,100,,,100048,100,,
2019-06-28 09:50:41.744188128,99871,660,99789,100,99897,100,99788,560,99985,100,98953,100,99999,100,98919,100,100000,100,98914,100,100017,100,98873,100,100034,200,98840,100,100035,100,98267,100,100039,100,,,100048,100,,
2019-06-28 09:50:50.000000000,99871,430,99789,330,99897,330,99788,330,99985,100,98953,100,99999,100,98919,100,100000,100,98914,100,100017,100,98873,100,100034,200,98840,100,100035,100,98267,100,100039,100,,,100048,100,,
2019-06-28 09:51:00.000000000,99871,660,99789,560,99897,100,99788,100,99985,100,98953,100,99999,100,98919,100,100000,100,98914,100,100017,100,98873,100,100034,200,98840,100,100035,100,98267,100,100039,100,,,100048,100,,
2019-06-28 09:51:04.134918297,99871,660,99789,460,99897,100,99788,100,99985,100,98953,100,99999,100,98919,100,100000,100,98914,100,100017,100,98873,100,100034,200,98840,100,100035,100,98267,100,100039,100,,,100048,100,,
2019-06-28 09:51:06.768765387,99871,660,99789,460,99897,100,99788,100,99985,100,98953,100,99999,100,98919,100,100000,100,98914,100,100034,200,98873,100,100035,100,98840,100,100039,100,98267,100,100048,100,,,100054,100,,
2019-06-28 09:51:10.000000000,99871,430,99788,330,99897,330,98953,330,99985,100,98919,100,99999,100,98914,100,100000,100,98873,100,100034,200,98840,100,100035,100,98267,100,100039,100,,,100048,100,,,100054,100,,
2019-06-28 09:51:16.078935947,99871,430,99788,230,99897,330,98953,330,99985,100,98919,100,99999,100,98914,100,100000,100,98873,100,100034,200,98840,100,100035,100,98267,100,100039,100,,,100048,100,,,100054,100,,
2019-06-28 09:51:20.000000000,99871,430,98953,330,99897,330,98919,330,99985,100,98914,100,99999,100,98873,100,100000,100,98840,100,100034,200,98267,100,100035,100,,,100039,100,,,100048,100,,,100054,100,,
2019-06-28 09:51:21.798337704,99871,430,99393,100,99897,330,98953,330,99985,100,98919,330,99999,100,98914,100,100000,100,98873,100,100034,200,98840,100,100035,100,98267,100,100039,100,,,100048,100,,,100054,100,,
2019-06-28 09:51:25.825009928,99856,100,99393,100,99871,430,98953,330,99897,330,98919,330,99985,100,98914,100,99999,100,98873,100,100000,100,98840,100,100034,200,98267,100,100035,100,,,100039,100,,,100048,100,,
2019-06-28 09:51:30.000000000,99856,256,99393,256,99871,352,98953,252,99897,252,98919,252,99985,100,98914,100,99999,100,98873,100,100000,100,98840,100,100034,200,98267,100,100035,100,,,100039,100,,,100048,100,,
2019-06-28 09:51:40.000000000,99856,560,99393,560,99871,200,98953,100,99897,100,98919,100,99985,100,98914,100,99999,100,98873,100,100000,100,98840,100,100034,200,98267,100,100035,100,,,100039,100,,,100048,100,,
2019-06-28 09:51:50.000000000,99856,560,99393,560,99871,200,98953,100,99897,100,98919,100,99985,100,98914,100,99999,100,98873,100,100000,100,98840,100,100034,200,98267,100,100035,100,,,100039,100,,,100048,100,,
2019-06-28 09:51:56.744945804,99856,460,99393,560,99871,200,98953,100,99897,100,98919,100,99985,100,98914,100,99999,100,98873,100,100000,100,98840,100,100034,200,98267,100,100035,100,,,100039,100,,,100048,100,,
2019-06-28 09:51:57.651073385,99856,460,99393,560,99871,200,98953,100,99897,100,98919,100,99985,100,98914,100,99999,100,98873,100,100000,100,98840,100,100034,200,98267,100,100035,100,,,100039,100,,,100048,100,,
2019-06-28 09:52:00.000000000,99871,660,99393,560,99897,100,98953,100,99985,100,98919,100,99999,100,98914,100,100000,100,98873,100,100034,200,98840,100,100035,100,98267,100,100039,100,,,100048,100,,,100054,100,,
2019-06-28 09:52:09.737673819,99871,660,99790,100,99897,100,99393,560,99985,100,98953,100,99999,100,98919,100,100000,100,98914,100,100034,200,98873,100,100035,100,98840,100,100039,100,98267,100,100048,100,,,100054,100,,
2019-06-28 09:52:10.000000000,99871,660,99790,560,99897,100,99393,100,99985,100,98953,100,99999,100,98919,100,100000,100,98914,100,100034,200,98873,100,100035,100,98840,100,100039,100,98267,100,100048,100,,,100054,100,,
2019-06-28 09:52:12.614038651,99871,560,99790,560,99897,100,99393,100,99985,100,98953,100,99999,100,98919,100,100000,100,98914,100,100034,200,98873,100,100035,100,98840,100,100039,100,98267,100,100048,100,,,100054,100,,
2019-06-28 09:52:20.000000000,99871,215,99790,215,99897,215,99393,215,99985,215,98953,215,99999,215,98919,215,100000,100,98914,100,100034,200,98873,100,100035,100,98840,100,100039,100,98267,100,100048,100,,,100054,100,,
2019-06-28 09:52:30.000000000,99871,330,99790,330,99897,330,99393,330,99985,100,98953,100,99999,100,98919,100,100000,100,98914,100,100034,200,98873,100,100035,100,98840,100,100039,100,98267,100,100048,100,,,100054,100,,
2019-06-28 09:52:40.000000000,99871,192,99790,192,99897,192,99393,192,99985,192,98953,192,99999,192,98919,192,100000,192,98914,192,100034,200,98873,100,100035,100,98840,100,100039,100,98267,100,100048,100,,,100054,100,,
2019-06-28 09:52:50.000000000,99871,256,99790,256,99897,252,99393,252,99985,252,98953,252,99999,100,98919,100,100000,100,98914,100,100034,200,98873,100,100035,100,98840,100,100039,100,98267,100,100048,100,,,100054,100,,
2019-06-28 09:53:00.000000000,99871,256,99790,256,99897,252,99393,252,99985,252,98953,252,99999,100,98919,100,100000,100,98914,100,100034,200,98873,100,100035,100,98840,100,100039,100,98267,100,100048,100,,,100054,100,,
2019-06-28 09:53:10.000000000,99871,215,99790,215,99897,215,99393,215,99985,215,98953,215,99999,215,98919,215,100000,100,98914,100,100034,200,98873,100,100035,100,98840,100,100039,100,98267,100,100048,100,,,100054,100,,
2019-06-28 09:53:20.000000000,99871,215,99790,215,99897,215,99393,215,99985,215,98953,215,99999,215,98919,215,100000,100,98914,100,100034,200,98873,100,100035,100,98840,100,100039,100,98267,100,100048,100,,,100054,100,,
2019-06-28 09:53:30.000000000,99871,256,99790,256,99897,252,99393,252,99985,252,98953,252,99999,100,98919,100,100000,100,98914,100,100034,200,98873,100,100035,100,98840,100,100039,100,98267,100,100048,100,,,100054,100,,
2019-06-28 09:53:40.000000000,99871,560,99790,560,99897,100,99393,100,99985,100,98953,100,99999,100,98919,100,100000,100,98914,100,100034,200,98873,100,100035,100,98840,100,100039,100,98267,100,100048,100,,,100054,100,,
2019-06-28 09:53:40.122590934,99871,560,99790,560,99897,100,99393,100,99985,100,98953,100,99999,100,98919,100,100000,100,98914,100,100034,200,98873,100,100035,100,98840,100,100039,100,98267,100,100048,100,,,100054,100,,
2019-06-28 09:53:48.730428274,99871,560,99790,560,99873,100,99393,100,99897,100,98953,100,99985,100,98919,100,99999,100,98914,100,100000,100,98873,100,100034,200,98840,100,100035,100,98267,100,100039,100,,,100054,100,,
2019-06-28 09:53:50.000000000,99871,256,99790,256,99873,252,99393,252,99897,252,98953,252,99985,100,98919,100,99999,100,98914,100,100000,100,98873,100,100034,200,98840,100,100035,100,98267,100,100039,100,,,100054,100,,
2019-06-28 09:53:52.631841849,99871,256,99790,256,99873,252,99701,100,99897,252,99393,252,99985,100,98953,252,99999,100,98919,100,100000,100,98914,100,100034,200,98873,100,100035,100,98267,100,100039,100,,,100054,100,,
2019-06-28 09:54:00.000000000,99871,192,99790,192,99873,192,99701,192,99897,192,99393,192,99985,192,98953,192,99999,192,98919,192,100000,100,98914,100,100034,200,98873,100,100035,100,98267,100,100039,100,,,100054,100,,
2019-06-28 09:54:06.799910684,99871,192,99790,192,99873,192,99701,192,99897,192,99393,192,99985,192,98953,192,99999,192,98919,192,100000,100,98914,100,100034,200,98873,100,100035,100,98267,100,100039,100,,,100054,100,,
2019-06-28 09:54:10.000000000,99871,330,99790,330,99873,330,99701,330,99897,100,99393,100,99985,100,98953,100,99999,100,98919,100,100000,100,98914,100,100034,200,98873,100,100035,100,98267,100,100039,100,,,100054,100,,
2019-06-28 09:54:14.219377347,99871,330,99790,330,99873,330,99701,330,99897,100,99681,100,99985,100,99393,100,99999,100,98953,100,100000,100,98919,100,100034,100,98914,100,100035,100,98873,100,100039,100,98267,100,100054,100,,
2019-06-28 09:54:15.955659370,99871,330,99790,430,99873,330,99701,330,99897,100,99681,100,99985,100,99393,100,99999,100,98953,100,100000,100,98919,100,100034,100,98914,100,100035,100,98873,100,100039,100,98267,100,100054,100,,
2019-06-28 09:54:20.000000000,99871,215,99790,315,99873,215,99701,215,99897,215,99681,215,99985,215,99393,215,99999,100,98953,100,100000,100,98919,100,100034,100,98914,100,100035,100,98873,100,100039,100,98267,100,100054,100,,
2019-06-28 09:54:30.000000000,99871,330,99790,430,99873,330,99701,330,99897,100,99681,100,99985,100,99393,100,99999,100,98953,100,100000,100,98919,100,100034,100,98914,100,100035,100,98873,100,100039,100,98267,100,100054,100,,
2019-06-28 09:54:40.000000000,99871,560,99790,660,99873,100,99701,100,99897,100,99681,100,99985,100,99393,100,99999,100,98953,100,100000,100,98919,100,100034,100,98914,100,100035,100,98873,100,100039,100,98267,100,100054,100,,
2019-06-28 09:54:40.831181403,99871,560,99790,660,99873,100,99701,100,99897,100,99681,100,99985,100,99599,100,99999,100,99393,100,100000,100,98953,100,100034,100,98919,100,100035,100,98914,100,100039,100,98873,100,100054,100,98267,100
2019-06-28 09:54:46.633076480,99871,560,99790,560,99873,100,99701,100,99897,100,99681,100,99985,100,99599,100,99999,100,98953,100,100000,100,98919,100,100034,100,98914,100,100035,100,98873,100,100039,100,98267,100,100054,100,,
2019-06-28 09:54:50.000000000,99871,215,99790,215,99873,215,99701,215,99897,215,99681,215,99985,215,99599,215,99999,100,98953,100,100000,100,98919,100,100034,100,98914,100,100035,100,98873,100,100039,100,98267,100,100054,100,,
2019-06-28 09:55:00.000000000,99871,560,99790,560,99873,100,99701,100,99897,100,99681,100,99985,100,99599,100,99999,100,98953,100,100000,100,98919,100,100034,100,98914,100,100035,100,98873,100,100039,100,98267,100,100054,100,,
2019-06-28 09:55:10.000000000,99871,560,99790,560,99873,100,99701,100,99897,100,99681,100,99985,100,99599,100,99999,100,98953,100,100000,100,98919,100,100034,100,98914,100,100035,100,98873,100,100039,100,98267,100,100054,100,,
2019-06-28 09:55:20.000000000,99871,330,99790,330,99873,330,99701,330,99897,100,99681,100,99985,100,99599,100,99999,100,98953,100,100000,100,98919,100,100034,100,98914,100,100035,100,98873,100,100039,100,98267,100,100054,100,,
2019-06-28 09:55:29.065232506,99871,330,99790,230,99873,330,99701,330,99897,100,99681,100,99985,100,99599,100,99999,100,98953,100,100000,100,98919,100,100034,100,98914,100,100035,100,98873,100,100039,100,98267,100,100054,100,,
2019-06-28 09:55:30.000000000,99871,192,99701,192,99873,192,99681,192,99897,192,99599,192,99985,192,98953,192,99999,192,98919,192,100000,100,98914,100,100034,100,98873,100,100035,100,98267,100,100039,100,,,100054,100,,
2019-06-28 09:55:38.628098244,99871,192,99701,192,99873,192,99681,192,99897,192,99625,100,99985,192,99599,192,99999,192,98953,192,100000,100,98919,192,100034,100,98914,100,100035,100,98873,100,100039,100,98267,100,100054,100,,
2019-06-28 09:55:40.000000000,99871,192,99701,192,99873,192,99681,192,99897,192,99625,192,99985,192,99599,192,99999,192,98953,192,100000,100,98919,100,100034,100,98914,100,100035,100,98873,100,100039,100,98267,100,100054,100,,
2019-06-28 09:55:41.756061881,99871,192,99720,100,99873,192,99701,192,99897,192,99681,192,99985,192,99625,192,99999,192,99599,192,100000,100,98953,192,100034,100,98919,100,100035,100,98914,100,100039,100,98873,100,100054,100,98267,100
2019-06-28 09:55:50.000000000,99871,215,99720,215,99873,215,99701,215,99897,215,99681,215,99985,215,99625,215,99999,100,99599,100,100000,100,98953,100,100034,100,98919,100,100035,100,98914,100,100039,100,98873,100,100054,100,98267,100
2019-06-28 09:55:55.531707154,99871,215,99720,215,99873,215,99701,215,99897,215,99681,215,99985,215,99625,215,99999,100,99599,100,100000,100,98953,100,100006,100,98919,100,100034,100,98914,100,100035,100,98873,100,100039,100,98267,100
2019-06-28 09:56:00.000000000,99871,256,99720,256,99873,252,99701,252,99897,252,99681,252,99985,100,99625,100,99999,100,99599,100,100000,100,98953,100,100006,100,98919,100,100034,100,98914,100,100035,100,98873,100,100039,100,98267,100
2019-06-28 09:56:08.895360766,99871,256,99720,256,99873,252,99701,252,99895,100,99681,252,99897,252,99625,100,99985,100,98953,100,99999,100,98919,100,100000,100,98914,100,100006,100,98873,100,100034,100,98267,100,100035,100,,
2019-06-28 09:56:10.000000000,99871,330,99720,330,99873,330,99701,330,99895,100,99681,100,99897,100,99625,100,99985,100,98953,100,99999,100,98919,100,100000,100,98914,100,100006,100,98873,100,100034,100,98267,100,100035,100,,
2019-06-28 09:56:20.000000000,99871,192,99720,192,99873,192,99701,192,99895,192,99681,192,99897,192,99625,192,99985,192,98953,192,99999,100,98919,100,100000,100,98914,100,100006,100,98873,100,100034,100,98267,100,100035,100,,
2019-06-28 09:56:30.000000000,99871,215,99720,215,99873,215,99701,215,99895,215,99681,215,99897,215,99625,215,99985,100,98953,100,99999,100,98919,100,100000,100,98914,100,100006,100,98873,100,100034,100,98267,100,100035,100,,
2019-06-28 09:56:40.000000000,99871,256,99720,256,99873,252,99701,252,99895,252,99681,252,99897,100,99625,100,99985,100,98953,100,99999,100,98919,100,100000,100,98914,100,100006,100,98873,100,100034,100,98267,100,100035,100,,
2019-06-28 09:56:47.128433724,99871,256,99720,256,99873,252,99701,252,99895,252,99681,252,99897,100,99625,100,99985,100,98953,100,99999,100,98919,100,100000,100,98914,100,100006,100,98873,100,100034,100,98267,100,100035,100,,
2019-06-28 09:56:47.781269807,99871,256,99720,256,99873,252,99701,252,99895,252,99681,252,99897,100,99625,100,99985,100,98953,100,99995,100,98919,100,99999,100,98914,100,100000,100,98873,100,100006,100,98267,100,100034,100,,
2019-06-28 09:56:50.000000000,99871,330,99720,330,99873,330,99701,330,99895,100,99681,100,99897,100,99625,100,99985,100,98953,100,99995,100,98919,100,99999,100,98914,100,100000,100,98873,100,100006,100,98267,100,100034,100,,
2019-06-28 09:56:54.994290052,99834,100,99720,330,99871,330,99701,330,99873,330,99681,100,99895,100,99625,100,99897,100,98953,100,99985,100,98919,100,99995,100,98914,100,99999,100,98873,100,100000,100,98267,100,100006,100,,
2019-06-28 09:57:00.000000000,99834,256,99720,256,99871,252,99701,252,99873,252,99681,252,99895,100,99625,100,99897,100,98953,100,99985,100,98919,100,99995,100,98914,100,99999,100,98873,100,100000,100,98267,100,100006,100,,
2019-06-28 09:57:10.000000000,99834,215,99720,215,99871,215,99701,215,99873,215,99681,215,99895,215,99625,215,99897,100,98953,100,99985,100,98919,100,99995,100,98914,100,99999,100,98873,100,100000,100,98267,100,100006,100,,
2019-06-28 09:57:20.000000000,99834,560,99720,560,99871,100,99701,100,99873,100,99681,100,99895,100,99625,100,99897,100,98953,100,99985,100,98919,100,99995,100,98914,100,99999,100,98873,100,100000,100,98267,100,100006,100,,
2019-06-28 09:57:23.723539986,99834,460,99720,560,99871,100,99701,100,99873,100,99681,100,99895,100,99625,100,99897,100,98953,100,99985,100,98919,100,99995,100,98914,100,99999,100,98873,100,100000,100,98267,100,100006,100,,
2019-06-28 09:57:30.000000000,99871,256,99720,256,99873,252,99701,252,99895,252,99681,252,99897,100,99625,100,99985,100,98953,100,99995,100,98919,100,99999,100,98914,100,100000,100,98873,100,100006,100,98267,100,100034,100,,
2019-06-28 09:57:40.000000000,99871,215,99720,215,99873,215,99701,215,99895,215,99681,215,99897,215,99625,215,99985,100,98953,100,99995,100,98919,100,99999,100,98914,100,100000,100,98873,100,100006,100,98267,100,100034,100,,
2019-06-28 09:57:42.745007630,99871,215,99720,215,99873,215,99701,215,99895,215,99681,215,99897,215,99625,215,99985,100,98919,100,99995,100,98914,100,99999,100,98873,100,100000,100,98267,100,100006,100,98196,100,100034,100,,
2019-06-28 09:57:50.000000000,99871,215,99720,215,99873,215,99701,215,99895,215,99681,215,99897,215,99625,215,99985,100,98919,100,99995,100,98914,100,99999,100,98873,100,100000,100,98267,100,100006,100,98196,100,100034,100,,
2019-06-28 09:58:00.000000000,99871,256,99720,256,99873,252,99701,252,99895,252,99681,252,99897,100,99625,100,99985,100,98919,100,99995,100,98914,100,99999,100,98873,100,100000,100,98267,100,100006,100,98196,100,100034,100,,
2019-06-28 09:58:10.000000000,99871,256,99720,256,99873,252,99701,252,99895,252,99681,252,99897,100,99625,100,99985,100,98919,100,99995,100,98914,100,99999,100,98873,100,100000,100,98267,100,100006,100,98196,100,100034,100,,
2019-06-28 09:58:10.830001566,99833,100,99720,256,99871,256,99701,252,99873,252,99681,252,99895,252,99625,100,99897,100,98919,100,99985,100,98914,100,99995,100,98873,100,99999,100,98267,100,100000,100,98196,100,100006,100,,
2019-06-28 09:58:19.751687383,99833,100,99720,256,99871,256,99701,252,99873,252,99681,252,99895,252,99625,100,99897,100,98919,100,99985,100,98914,100,99995,100,98873,100,99999,100,98331,100,100000,100,98267,100,100006,100,98196,100
2019-06-28 09:58:20.000000000,99833,560,99720,560,99871,100,99701,100,99873,100,99681,100,99895,100,99625,100,99897,100,98919,100,99985,100,98914,100,99995,100,98873,100,99999,100,98331,100,100000,100,98267,100,100006,100,98196,100
2019-06-28 09:58:30.000000000,99833,330,99720,330,99871,330,99701,330,99873,100,99681,100,99895,100,99625,100,99897,100,98919,100,99985,100,98914,100,99995,100,98873,100,99999,100,98331,100,100000,100,98267,100,100006,100,98196,100
2019-06-28 09:58:39.171368361,99833,330,99720,330,99871,330,99701,330,99873,100,99681,100,99895,100,99625,100,99897,100,98919,100,99985,100,98914,100,99995,100,98873,100,99999,100,98331,100,100000,100,98267,100,100034,100,98196,100
2019-06-28 09:58:40.000000000,99833,215,99720,215,99871,215,99701,215,99873,215,99681,215,99895,215,99625,215,99897,100,98919,100,99985,100,98914,100,99995,100,98873,100,99999,100,98331,100,100000,100,98267,100,100034,100,98196,100
2019-06-28 09:58:47.929592290,99833,215,99720,115,99871,215,99701,215,99873,215,99681,215,99895,215,99625,215,99897,100,98919,100,99985,100,98914,100,99999,100,98873,100,100000,100,98331,100,100034,100,98267,100,100035,100,98196,100
2019-06-28 09:58:49.686080503,99833,215,99720,15,99871,215,99701,215,99873,215,99681,215,99895,215,99625,215,99897,100,98919,100,99985,100,98914,100,99999,100,98873,100,100000,100,98331,100,100034,100,98267,100,100035,100,98196,100
2019-06-28 09:58:50.000000000,99833,215,99701,215,99871,215,99681,215,99873,215,99625,215,99895,215,98919,215,99897,100,98914,100,99985,100,98873,100,99999,100,98331,100,100000,100,98267,100,100034,100,98196,100,100035,100,97747,100
2019-06-28 09:59:00.000000000,99833,192,99701,192,99871,192,99681,192,99873,192,99625,192,99895,192,98919,192,99897,192,98914,192,99985,100,98873,100,99999,100,98331,100,100000,100,98267,100,100034,100,98196,100,100035,100,97747,100
2019-06-28 09:59:10.000000000,99833,330,99701,330,99871,330,99681,330,99873,100,99625,100,99895,100,98919,100,99897,100,98914,100,99985,100,98873,100,99999,100,98331,100,100000,100,98267,100,100034,100,98196,100,100035,100,97747,100
2019-06-28 09:59:20.000000000,99833,192,99701,192,99871,192,99681,192,99873,192,99625,192,99895,192,98919,192,99897,192,98914,192,99985,100,98873,100,99999,100,98331,100,100000,100,98267,100,100034,100,98196,100,100035,100,97747,100
2019-06-28 09:59:30.000000000,99833,330,99701,330,99871,330,99681,330,99873,100,99625,100,99895,100,98919,100,99897,100,98914,100,99985,100,98873,100,99999,100,98331,100,100000,100,98267,100,100034,100,98196,100,100035,100,97747,100
2019-06-28 09:59:40.000000000,99833,192,99701,192,99871,192,99681,192,99873,192,99625,192,99895,192,98919,192,99897,192,98914,192,99985,100,98873,100,99999,100,98331,100,100000,100,98267,100,100034,100,98196,100,100035,100,97747,100
2019-06-28 09:59:50.000000000,99833,330,99701,330,99871,330,99681,330,99873,100,99625,100,99895,100,98919,100,99897,100,98914,100,99985,100,98873,100,99999,100,98331,100,100000,100,98267,100,100034,100,98196,100,100035,100,97747,100
2019-06-28 09:59:53.472793451,99833,330,99701,230,99871,330,99681,330,99873,100,99625,100,99895,100,98919,100,99897,100,98914,100,99985,100,98873,100,99999,100,98331,100,100000,100,98267,100,100034,100,98196,100,100035,100,97747,100
2019-06-28 10:00:00.000000000,99833,192,99681,192,99871,192,99625,192,99873,192,98919,192,99895,192,98914,192,99897,192,98873,192,99985,100,98331,100,99999,100,98267,100,100000,100,98196,100,100034,100,97747,100,100035,100,,
2019-06-28 10:00:00.790248564,99833,192,99681,92,99871,192,99625,192,99873,192,98919,192,99895,192,98914,192,99897,192,98873,192,99985,100,98331,100,99999,100,98267,100,100000,100,98196,100,100034,100,97887,100,100035,100,97747,100
2019-06-28 10:00:10.000000000,99833,256,99625,256,99871,252,98919,252,99873,252,98914,252,99895,100,98873,100,99897,100,98331,100,99985,100,98267,100,99999,100,98196,100,100000,100,97887,100,100034,100,97747,100,100035,100,,
2019-06-28 10:00:20.000000000,99833,330,99625,330,99871,330,98919,330,99873,100,98914,100,99895,100,98873,100,99897,100,98331,100,99985,100,98267,100,99999,100,98196,100,100000,100,97887,100,100034,100,97747,100,100035,100,,
2019-06-28 10:00:30.000000000,99833,560,99625,560,99871,100,98919,100,99873,100,98914,100,99895,100,98873,100,99897,100,98331,100,99985,100,98267,100,99999,100,98196,100,100000,100,97887,100,100034,100,97747,100,100035,100,,
2019-06-28 10:00:40.000000000,99833,192,99625,192,99871,192,98919,192,99873,192,98914,192,99895,192,98873,192,99897,192,98331,192,99985,100,98267,100,99999,100,98196,100,100000,100,97887,100,100034,100,97747,100,100035,100,,
2019-06-28 10:00:41.859961337,99833,192,99625,192,99871,192,98919,192,99873,192,98914,192,99895,192,98873,192,99897,192,98331,192,99985,100,98267,100,99999,100,98207,100,100000,100,98196,100,100034,100,97887,100,100035,100,97747,100
2019-06-28 10:00:50.000000000,99833,192,99625,192,99871,192,98919,192,99873,192,98914,192,99895,192,98873,192,99897,192,98331,192,99985,100,98267,100,99999,100,98207,100,100000,100,98196,100,100034,100,97887,100,100035,100,97747,100
2019-06-28 10:01:00.000000000,99833,256,99625,256,99871,252,98919,252,99873,252,98914,252,99895,100,98873,100,99897,100,98331,100,99985,100,98267,100,99999,100,98207,100,100000,100,98196,100,100034,100,97887,100,100035,100,97747,100
2019-06-28 10:01:10.000000000,99833,215,99625,215,99871,215,98919,215,99873,215,98914,215,99895,215,98873,215,99897,100,98331,100,99985,100,98267,100,99999,100,98207,100,100000,100,98196,100,100034,100,97887,100,100035,100,97747,100
2019-06-28 10:01:19.732779431,99720,100,99625,215,99833,215,98919,215,99871,215,98914,215,99873,215,98873,215,99895,215,98331,100,99897,100,98267,100,99985,100,98207,100,99999,100,98196,100,100000,100,97887,100,100034,100,97747,100
2019-06-28 10:01:20.000000000,99720,560,99625,560,99833,100,98919,100,99871,100,98914,100,99873,100,98873,100,99895,100,98331,100,99897,100,98267,100,99985,100,98207,100,99999,100,98196,100,100000,100,97887,100,100034,100,97747,100
2019-06-28 10:01:21.199521555,99720,660,99625,560,99833,100,98919,100,99873,100,98914,100,99895,100,98873,100,99897,100,98331,100,99985,100,98267,100,99999,100,98207,100,100000,100,98196,100,100034,100,97887,100,100035,100,97747,100
2019-06-28 10:01:27.990051222,99720,660,99625,560,99833,100,98919,100,99873,100,98914,100,99895,100,98873,100,99897,100,98540,100,99985,100,98331,100,99999,100,98267,100,100000,100,98207,100,100034,100,98196,100,100035,100,97887,100
2019-06-28 10:01:30.000000000,99720,315,99625,215,99833,215,98919,215,99873,215,98914,215,99895,215,98873,215,99897,100,98540,100,99985,100,98331,100,99999,100,98267,100,100000,100,98207,100,100034,100,98196,100,100035,100,97887,100
2019-06-28 10:01:40.000000000,99720,315,99625,215,99833,215,98919,215,99873,215,98914,215,99895,215,98873,215,99897,100,98540,100,99985,100,98331,100,99999,100,98267,100,100000,100,98207,100,100034,100,98196,100,100035,100,97887,100
2019-06-28 10:01:40.605424262,99720,415,99625,215,99833,215,98919,215,99873,215,98914,215,99895,215,98873,215,99897,100,98540,100,99985,100,98331,100,99999,100,98267,100,100000,100,98207,100,100034,100,98196,100,100035,100,97887,100
2019-06-28 10:01:50.000000000,99720,760,99625,560,99833,100,98919,100,99873,100,98914,100,99895,100,98873,100,99897,100,98540,100,99985,100,98331,100,99999,100,98267,100,100000,100,98207,100,100034,100,98196,100,100035,100,97887,100
2019-06-28 10:02:00.000000000,99720,530,99625,330,99833,330,98919,330,99873,100,98914,100,99895,100,98873,100,99897,100,98540,100,99985,100,98331,100,99999,100,98267,100,100000,100,98207,100,100034,100,98196,100,100035,100,97887,100
2019-06-28 10:02:10.000000000,99720,530,99625,330,99833,330,98919,330,99873,100,98914,100,99895,100,98873,100,99897,100,98540,100,99985,100,98331,100,99999,100,98267,100,100000,100,98207,100,100034,100,98196,100,100035,100,97887,100
2019-06-28 10:02:20.000000000,99720,456,99625,256,99833,252,98919,252,99873,252,98914,252,99895,100,98873,100,99897,100,98540,100,99985,100,98331,100,99999,100,98267,100,100000,100,98207,100,100034,100,98196,100,100035,100,97887,100
2019-06-28 10:02:30.000000000,99720,530,99625,330,99833,330,98919,330,99873,100,98914,100,99895,100,98873,100,99897,100,98540,100,99985,100,98331,100,99999,100,98267,100,100000,100,98207,100,100034,100,98196,100,100035,100,97887,100
2019-06-28 10:02:36.941094831,99720,530,99625,330,99833,330,98919,330,99873,100,98914,100,99895,100,98873,100,99897,100,98867,100,99985,100,98540,100,99999,100,98331,100,100000,100,98267,100,100034,100,98207,100,100035,100,98196,100
2019-06-28 10:02:40.000000000,99720,415,99625,215,99833,215,98919,215,99873,215,98914,215,99895,215,98873,215,99897,100,98867,100,99985,100,98540,100,99999,100,98331,100,100000,100,98267,100,100034,100,98207,100,100035,100,98196,100
2019-06-28 10:02:45.159180178,99720,315,99625,215,99833,215,98919,215,99873,215,98914,215,99895,215,98873,215,99897,100,98867,100,99985,100,98540,100,99999,100,98331,100,100000,100,98267,100,100034,100,98207,100,100035,100,98196,100
2019-06-28 10:02:46.358689532,99720,315,99625,115,99833,215,98919,215,99873,215,98914,215,99895,215,98873,215,99897,100,98867,100,99985,100,98540,100,99999,100,98331,100,100000,100,98267,100,100034,100,98207,100,100035,100,97887,100
2019-06-28 10:02:48.304601576,99720,315,99625,115,99833,215,98919,215,99873,215,98914,215,99895,215,98873,215,99897,100,98867,100,99985,100,98861,100,99999,100,98540,100,100000,100,98331,100,100034,100,98267,100,100035,100,98207,100
2019-06-28 10:02:50.000000000,99720,315,98919,215,99833,215,98914,215,99873,215,98873,215,99895,215,98867,215,99897,100,98861,100,99985,100,98540,100,99999,100,98331,100,100000,100,98267,100,100034,100,98207,100,100035,100,97887,100
2019-06-28 10:02:52.439296154,99701,100,98919,215,99720,215,98914,215,99833,215,98873,215,99873,215,98867,215,99895,215,98861,100,99897,100,98540,100,99985,100,98331,100,99999,100,98267,100,100000,100,98207,100,100034,100,97887,100
2019-06-28 10:02:59.939200787,99701,100,98919,215,99720,215,98914,215,99833,215,98879,100,99873,215,98873,215,99895,215,98867,215,99897,100,98861,100,99985,100,98540,100,99999,100,98331,100,100000,100,98267,100,100034,100,98207,100
2019-06-28 10:03:00.000000000,99701,256,98919,256,99720,252,98914,252,99833,252,98879,252,99873,100,98873,100,99895,100,98867,100,99897,100,98861,100,99985,100,98540,100,99999,100,98331,100,100000,100,98267,100,100034,100,98207,100
2019-06-28 10:03:10.000000000,99701,215,98919,215,99720,215,98914,215,99833,215,98879,215,99873,215,98873,215,99895,100,98867,100,99897,100,98861,100,99985,100,98540,100,99999,100,98331,100,100000,100,98267,100,100034,100,98207,100
2019-06-28 10:03:20.000000000,99701,215,98919,215,99720,215,98914,215,99833,215,98879,215,99873,215,98873,215,99895,100,98867,100,99897,100,98861,100,99985,100,98540,100,99999,100,98331,100,100000,100,98267,100,100034,100,98207,100
2019-06-28 10:03:30.000000000,99701,256,98919,256,99720,252,98914,252,99833,252,98879,252,99873,100,98873,100,99895,100,98867,100,99897,100,98861,100,99985,100,98540,100,99999,100,98331,100,100000,100,98267,100,100034,100,98207,100
2019-06-28 10:03:31.139501863,99701,356,98919,256,99720,252,98914,252,99833,252,98879,252,99873,100,98873,100,99895,100,98867,100,99897,100,98861,100,99985,100,98540,100,99999,100,98331,100,100000,100,98267,100,100034,100,98207,100
2019-06-28 10:03:35.811617046,99701,456,98919,256,99720,252,98914,252,99833,252,98879,252,99873,100,98873,100,99895,100,98867,100,99897,100,98861,100,99985,100,98540,100,99999,100,98331,100,100000,100,98267,100,100034,100,98207,100
2019-06-28 10:03:40.000000000,99701,530,98919,330,99720,330,98914,330,99833,100,98879,100,99873,100,98873,100,99895,100,98867,100,99897,100,98861,100,99985,100,98540,100,99999,100,98331,100,100000,100,98267,100,100034,100,98207,100
2019-06-28 10:03:42.999642173,99150,100,98919,330,99701,530,98914,230,99720,330,98879,100,99833,100,98873,100,99873,100,98867,100,99895,100,98861,100,99897,100,98540,100,99985,100,98331,100,99999,100,98267,100,100000,100,98207,100
2019-06-28 10:03:50.000000000,99150,256,98919,256,99701,452,98879,252,99720,252,98873,252,99833,100,98867,100,99873,100,98861,100,99895,100,98540,100,99897,100,98331,100,99985,100,98267,100,99999,100,98207,100,100000,100,97887,100
2019-06-28 10:03:56.895270225,99150,256,98919,156,99701,452,98879,252,99720,252,98873,252,99833,100,98867,100,99873,100,98861,100,99895,100,98331,100,99897,100,98267,100,99985,100,98207,100,99999,100,97887,100,100000,100,97747,100
2019-06-28 10:04:00.000000000,99150,215,98879,215,99701,415,98873,215,99720,215,98867,215,99833,215,98861,215,99873,100,98331,100,99895,100,98267,100,99897,100,98207,100,99985,100,97887,100,99999,100,97747,100,100000,100,,
2019-06-28 10:04:04.591502398,99150,215,98920,100,99701,415,98879,215,99720,215,98873,215,99833,215,98867,215,99873,100,98861,215,99895,100,98331,100,99985,100,98267,100,99999,100,98207,100,100000,100,97887,100,100034,100,97747,100
2019-06-28 10:04:04.958357255,99150,215,98920,100,99625,100,98879,215,99701,415,98873,215,99720,215,98867,215,99833,215,98861,215,99873,100,98331,100,99895,100,98267,100,99985,100,98207,100,99999,100,97887,100,100000,100,97747,100
2019-06-28 10:04:10.000000000,99150,192,98920,192,99625,192,98879,192,99701,392,98873,192,99720,192,98867,192,99833,192,98861,192,99873,100,98331,100,99895,100,98267,100,99985,100,98207,100,99999,100,97887,100,100000,100,97747,100
2019-06-28 10:04:20.000000000,99150,560,98920,560,99625,100,98879,100,99701,300,98873,100,99720,100,98867,100,99833,100,98861,100,99873,100,98331,100,99895,100,98267,100,99985,100,98207,100,99999,100,97887,100,100000,100,97747,100
2019-06-28 10:04:30.000000000,99150,192,98920,192,99625,192,98879,192,99701,392,98873,192,99720,192,98867,192,99833,192,98861,192,99873,100,98331,100,99895,100,98267,100,99985,100,98207,100,99999,100,97887,100,100000,100,97747,100
2019-06-28 10:04:40.000000000,99150,215,98920,215,99625,215,98879,215,99701,415,98873,215,99720,215,98867,215,99833,100,98861,100,99873,100,98331,100,99895,100,98267,100,99985,100,98207,100,99999,100,97887,100,100000,100,97747,100
2019-06-28 10:04:50.000000000,99150,330,98920,330,99625,330,98879,330,99701,300,98873,100,99720,100,98867,100,99833,100,98861,100,99873,100,98331,100,99895,100,98267,100,99985,100,98207,100,99999,100,97887,100,100000,100,97747,100
2019-06-28 10:04:53.642541021,99150,230,98920,330,99625,330,98879,330,99701,300,98873,100,99720,100,98867,100,99833,100,98861,100,99873,100,98331,100,99895,100,98267,100,99985,100,98207,100,99999,100,97887,100,100000,100,97747,100
2019-06-28 10:05:00.000000000,99625,192,98920,192,99701,392,98879,192,99720,192,98873,192,99833,192,98867,192,99873,192,98861,192,99895,100,98331,100,99985,100,98267,100,99999,100,98207,100,100000,100,97887,100,100034,100,97747,100
2019-06-28 10:05:00.217434081,99625,192,99570,100,99701,392,98920,192,99720,192,98879,192,99833,192,98873,192,99873,92,98867,192,99895,100,98861,192,99985,100,98331,100,99999,100,98267,100,100000,100,98207,100,100034,100,97887,100
2019-06-28 10:05:10.000000000,99625,192,99570,192,99701,392,98920,192,99720,192,98879,192,99833,192,98873,192,99895,192,98867,192,99985,100,98861,100,99999,100,98331,100,100000,100,98267,100,100034,100,98207,100,100035,100,97887,100
2019-06-28 10:05:20.000000000,99625,560,99570,560,99701,300,98920,100,99720,100,98879,100,99833,100,98873,100,99895,100,98867,100,99985,100,98861,100,99999,100,98331,100,100000,100,98267,100,100034,100,98207,100,100035,100,97887,100
2019-06-28 10:05:30.000000000,99625,560,99570,560,99701,300,98920,100,99720,100,98879,100,99833,100,98873,100,99895,100,98867,100,99985,100,98861,100,99999,100,98331,100,100000,100,98267,100,100034,100,98207,100,100035,100,97887,100
2019-06-28 10:05:30.695238084,99625,560,99570,560,99701,300,98921,100,99720,100,98920,100,99833,100,98879,100,99895,100,98873,100,99985,100,98867,100,99999,100,98861,100,100000,100,98331,100,100034,100,98267,100,100035,100,98207,100
2019-06-28 10:05:40.000000000,99625,215,99570,215,99701,415,98921,215,99720,215,98920,215,99833,215,98879,215,99895,100,98873,100,99985,100,98867,100,99999,100,98861,100,100000,100,98331,100,100034,100,98267,100,100035,100,98207,100
2019-06-28 10:05:42.186801037,99625,215,99570,215,99701,415,98921,215,99720,215,98920,215,99833,215,98879,215,99895,100,98873,100,99985,100,98867,100,99999,100,98861,100,100000,100,98331,100,100034,100,98267,100,100035,100,98207,100
2019-06-28 10:05:50.000000000,99625,330,99570,330,99701,530,98921,330,99720,100,98920,100,99833,100,98879,100,99895,100,98873,100,99985,100,98867,100,99999,100,98861,100,100000,100,98331,100,100034,100,98267,100,100035,100,98207,100
2019-06-28 10:06:00.000000000,99625,560,99570,560,99701,300,98921,100,99720,100,98920,100,99833,100,98879,100,99895,100,98873,100,99985,100,98867,100,99999,100,98861,100,100000,100,98331,100,100034,100,98267,100,100035,100,98207,100
2019-06-28 10:06:07.614400352,99625,560,99570,560,99701,300,98921,100,99720,100,98920,100,99833,100,98879,100,99895,100,98873,100,99985,100,98867,100,99999,100,98861,100,100000,100,98331,100,100034,100,98267,100,100035,100,98207,100
2019-06-28 10:06:10.000000000,99625,330,99570,330,99701,530,98921,330,99720,100,98920,100,99833,100,98879,100,99895,100,98873,100,99985,100,98867,100,99999,100,98861,100,100000,100,98331,100,100034,100,98267,100,100035,100,98207,100
2019-06-28 10:06:18.408081335,99625,330,99570,330,99701,530,98921,230,99720,100,98920,100,99833,100,98879,100,99895,100,98873,100,99985,100,98867,100,99999,100,98861,100,100000,100,98331,100,100034,100,98267,100,100035,100,98207,100
2019-06-28 10:06:19.921202798,99625,330,99570,330,99701,530,98921,230,99720,100,98920,100,99833,100,98879,100,99895,100,98867,100,99985,100,98861,100,99999,100,98331,100,100000,100,98267,100,100034,100,98207,100,100035,100,97887,100
2019-06-28 10:06:20.000000000,99625,256,99570,256,99701,452,98920,252,99720,252,98879,252,99833,100,98867,100,99895,100,98861,100,99985,100,98331,100,99999,100,98267,100,100000,100,98207,100,100034,100,97887,100,100035,100,97747,100
2019-06-28 10:06:28.321063328,99625,256,99570,256,99701,452,98920,252,99720,252,98879,252,99833,100,98867,100,99895,100,98861,100,99985,100,98331,100,99999,100,98267,100,100000,100,98207,100,100034,100,97887,100,100035,100,97747,100
2019-06-28 10:06:30.000000000,99625,330,99570,330,99701,530,98920,330,99720,100,98879,100,99833,100,98867,100,99895,100,98861,100,99985,100,98331,100,99999,100,98267,100,100000,100,98207,100,100034,100,97887,100,100035,100,97747,100
2019-06-28 10:06:38.194294616,99625,230,99570,330,99701,530,98920,330,99720,100,98879,100,99833,100,98867,100,99985,100,98861,100,99999,100,98331,100,100000,100,98267,100,100034,100,98207,100,100035,100,97887,100,100089,100,97747,100
2019-06-28 10:06:40.000000000,99701,415,99570,215,99720,215,98920,215,99833,215,98879,215,99985,215,98867,215,99999,100,98861,100,100000,100,98331,100,100034,100,98267,100,100035,100,98207,100,100089,100,97887,100,100153,100,97747,100
2019-06-28 10:06:50.000000000,99701,392,99570,192,99720,192,98920,192,99833,192,98879,192,99985,192,98867,192,99999,192,98861,192,100000,100,98331,100,100034,100,98267,100,100035,100,98207,100,100089,100,97887,100,100153,100,97747,100
2019-06-28 10:07:00.000000000,99701,456,99570,256,99720,252,98920,252,99833,252,98879,252,99985,100,98867,100,99999,100,98861,100,100000,100,98331,100,100034,100,98267,100,100035,100,98207,100,100089,100,97887,100,100153,100,97747,100
2019-06-28 10:07:10.000000000,99701,415,99570,215,99720,215,98920,215,99833,215,98879,215,99985,215,98867,215,99999,100,98861,100,100000,100,98331,100,100034,100,98267,100,100035,100,98207,100,100089,100,97887,100,100153,100,97747,100
2019-06-28 10:07:20.000000000,99701,530,99570,330,99720,330,98920,330,99833,100,98879,100,99985,100,98867,100,99999,100,98861,100,100000,100,98331,100,100034,100,98267,100,100035,100,98207,100,100089,100,97887,100,100153,100,97747,100
2019-06-28 10:07:23.695326744,99701,530,99570,330,99720,330,98920,330,99833,100,98879,100,99985,100,98867,100,99999,100,98861,100,100000,100,98331,100,100034,100,98267,100,100035,100,97887,100,100089,100,97747,100,100153,100,,
2019-06-28 10:07:29.410744586,99701,530,99570,330,99720,330,98920,330,99833,100,98879,100,99985,100,98867,100,99999,100,98861,100,100000,100,98331,100,100034,100,98267,100,100035,100,97887,100,100075,100,97747,100,100089,100,,
2019-06-28 10:07:30.000000000,99701,456,99570,256,99720,252,98920,252,99833,252,98879,252,99985,100,98867,100,99999,100,98861,100,100000,100,98331,100,100034,100,98267,100,100035,100,97887,100,100075,100,97747,100,100089,100,,
2019-06-28 10:07:31.828396273,99701,356,99570,256,99720,252,98920,252,99833,252,98879,252,99985,100,98867,100,99999,100,98861,100,100000,100,98331,100,100034,100,98267,100,100035,100,97887,100,100075,100,97747,100,100089,100,,
2019-06-28 10:07:36.976696460,99701,256,99570,256,99720,252,98920,252,99833,252,98879,252,99985,100,98867,100,99999,100,98861,100,100000,100,98331,100,100034,100,98267,100,100035,100,97887,100,100075,100,97747,100,100089,100,,
2019-06-28 10:07:40.000000000,99701,256,99570,256,99720,252,98920,252,99833,252,98879,252,99985,100,98867,100,99999,100,98861,100,100000,100,98331,100,100034,100,98267,100,100035,100,97887,100,100075,100,97747,100,100089,100,,
2019-06-28 10:07:50.000000000,99701,215,99570,215,99720,215,98920,215,99833,215,98879,215,99985,215,98867,215,99999,100,98861,100,100000,100,98331,100,100034,100,98267,100,100035,100,97887,100,100075,100,97747,100,100089,100,,
2019-06-28 10:08:00.000000000,99701,192,99570,192,99720,192,98920,192,99833,192,98879,192,99985,192,98867,192,99999,192,98861,192,100000,100,98331,100,100034,100,98267,100,100035,100,97887,100,100075,100,97747,100,100089,100,,
2019-06-28 10:08:03.361168931,99701,92,99570,192,99720,192,98920,192,99833,192,98879,192,99985,192,98867,192,99999,192,98861,192,100000,100,98331,100,100034,100,98267,100,100035,100,97887,100,100075,100,97747,100,100089,100,,
2019-06-28 10:08:10.000000000,99720,256,99570,256,99833,252,98920,252,99985,252,98879,252,99999,100,98867,100,100000,100,98861,100,100034,100,98331,100,100035,100,98267,100,100075,100,97887,100,100089,100,97747,100,100201,100,,
2019-06-28 10:08:20.000000000,99720,560,99570,560,99833,100,98920,100,99985,100,98879,100,99999,100,98867,100,100000,100,98861,100,100034,100,98331,100,100035,100,98267,100,100075,100,97887,100,100089,100,97747,100,100201,100,,
2019-06-28 10:08:30.000000000,99720,256,99570,256,99833,252,98920,252,99985,252,98879,252,99999,100,98867,100,100000,100,98861,100,100034,100,98331,100,100035,100,98267,100,100075,100,97887,100,100089,100,97747,100,100201,100,,
2019-06-28 10:08:36.195227283,99720,256,99701,100,99833,252,99570,256,99985,152,98920,252,99999,100,98879,252,100000,100,98867,100,100034,100,98861,100,100035,100,98331,100,100075,100,98267,100,100089,100,97887,100,100201,100,97747,100
2019-06-28 10:08:40.000000000,99720,256,99701,256,99833,252,99570,252,99999,252,98920,252,100000,100,98879,100,100034,100,98867,100,100035,100,98861,100,100075,100,98331,100,100089,100,98267,100,100201,100,97887,100,100206,100,97747,100
2019-06-28 10:08:40.812859629,99720,256,99701,256,99833,152,99570,252,99999,252,98920,252,100000,100,98879,100,100034,100,98867,100,100035,100,98861,100,100075,100,98331,100,100089,100,98267,100,100201,100,97887,100,100206,100,97747,100
2019-06-28 10:08:50.000000000,99720,192,99701,192,99999,192,99570,192,100000,192,98920,192,100034,192,98879,192,100035,192,98867,192,100075,100,98861,100,100089,100,98331,100,100201,100,98267,100,100206,100,97887,100,100284,100,97747,100
2019-06-28 10:08:55.801424704,99720,192,99701,292,99999,192,99570,192,100000,192,98920,192,100034,192,98879,192,100035,192,98867,192,100075,100,98861,100,100089,100,98331,100,100201,100,98267,100,100206,100,97887,100,100284,100,97747,100
2019-06-28 10:09:00.000000000,99720,215,99701,315,99999,215,99570,215,100000,215,98920,215,100034,215,98879,215,100035,100,98867,100,100075,100,98861,100,100089,100,98331,100,100201,100,98267,100,100206,100,97887,100,100284,100,97747,100
