,ask_price_1,ask_size_1,bid_price_1,bid_size_1,ask_price_2,ask_size_2,bid_price_2,bid_size_2,ask_price_3,ask_size_3,bid_price_3,bid_size_3,ask_price_4,ask_size_4,bid_price_4,bid_size_4,ask_price_5,ask_size_5,bid_price_5,bid_size_5,ask_price_6,ask_size_6,bid_price_6,bid_size_6,ask_price_7,ask_size_7,bid_price_7,bid_size_7,ask_price_8,ask_size_8,bid_price_8,bid_size_8,ask_price_9,ask_size_9,bid_price_9,bid_size_9,ask_price_10,ask_size_10,bid_price_10,bid_size_10
2019-06-28 09:30:00.000000003,,,99919,100,,,,,,,,,,,,,,,,,,,,,,,,,,,,,,,,,,,,
2019-06-28 09:30:00.000000004,,,100001,100,,,99919,100,,,,,,,,,,,,,,,,,,,,,,,,,,,,,,,,
2019-06-28 09:30:00.000000005,100067,100,100001,100,,,99919,100,,,,,,,,,,,,,,,,,,,,,,,,,,,,,,,,
2019-06-28 09:30:00.000000006,100067,100,100001,100,,,99919,100,,,99897,100,,,,,,,,,,,,,,,,,,,,,,,,,,,,
2019-06-28 09:30:00.000000007,100033,100,100001,100,100067,100,99972,100,100101,100,99919,100,,,99897,100,,,,,,,,,,,,,,,,,,,,,,,,
2019-06-28 09:30:00.000000009,100033,100,99972,100,100067,100,99919,100,100101,100,99897,100,,,,,,,,,,,,,,,,,,,,,,,,,,,,
2019-06-28 09:30:00.000000010,100033,100,99972,100,100067,100,99921,100,100101,100,99919,100,,,99897,100,,,,,,,,,,,,,,,,,,,,,,,,
2019-06-28 09:30:00.000000011,99995,100,99972,100,100033,100,99921,100,100067,100,99919,100,100070,100,99897,100,100101,100,,,,,,,,,,,,,,,,,,,,,,
2019-06-28 09:30:00.000000012,100033,100,99972,100,100067,100,99921,100,100070,100,99919,100,100101,100,99897,100,,,,,,,,,,,,,,,,,,,,,,,,
2019-06-28 09:30:00.000000015,100033,100,99972,100,100067,100,99921,100,100070,100,99919,100,100101,100,99897,100,100112,100,,,,,,,,,,,,,,,,,,,,,,
2019-06-28 09:30:00.000000017,100001,100,99972,100,100033,100,99921,100,100067,100,99919,100,100070,100,99897,100,100101,100,99806,100,100112,100,,,,,,,,,,,,,,,,,,
2019-06-28 09:30:00.000000018,100001,100,99972,100,100033,100,99921,100,100067,100,99919,100,100070,100,99897,100,100074,100,99806,100,100101,100,,,100112,100,,,,,,,,,,,,,,
2019-06-28 09:30:00.000000019,100001,100,99984,100,100033,100,99972,100,100067,100,99921,100,100070,100,99919,100,100074,100,99897,100,100101,100,99806,100,100112,100,,,,,,,,,,,,,,
2019-06-28 09:30:00.000000022,100001,100,99984,100,100033,100,99972,100,100067,100,99958,100,100070,100,99921,100,100074,100,99919,100,100101,100,99897,100,100112,100,99806,100,,,,,,,,,,,,
2019-06-28 09:30:00.000000024,100001,100,99995,100,100033,100,99984,100,100067,100,99972,100,100070,100,99958,100,100074,100,99921,100,100101,100,99919,100,100112,100,99897,100,,,99806,100,,,,,,,,
2019-06-28 09:30:00.000000029,100001,100,99995,100,100033,100,99984,100,100067,100,99972,100,100070,100,99958,100,100074,100,99921,100,100101,100,99919,100,100112,100,99897,100,,,99870,100,,,99806,100,,,,
2019-06-28 09:30:00.000000030,100001,100,99995,100,100033,100,99984,100,100067,100,99978,100,100070,100,99972,100,100074,100,99958,100,100101,100,99921,100,100112,100,99919,100,,,99897,100,,,99870,100,,,99806,100
2019-06-28 09:30:00.000000031,100001,100,99984,100,100033,100,99978,100,100067,100,99972,100,100070,100,99958,100,100074,100,99921,100,100101,100,99919,100,100112,100,99897,100,,,99870,100,,,99806,100,,,,
2019-06-28 09:30:00.000000034,100001,100,99984,100,100033,100,99978,100,100067,100,99972,100,100070,100,99958,100,100074,100,99921,100,100089,100,99919,100,100101,100,99897,100,100112,100,99870,100,,,99806,100,,,,
2019-06-28 09:30:00.000000035,100001,100,99995,100,100033,100,99984,100,100067,100,99978,100,100070,100,99972,100,100074,100,99958,100,100089,100,99921,100,100101,100,99919,100,100112,100,99897,100,,,99870,100,,,99806,100
2019-06-28 09:30:00.000000036,100001,100,99995,200,100033,100,99984,100,100067,100,99978,100,100070,100,99972,100,100074,100,99958,100,100089,100,99921,100,100101,100,99919,100,100112,100,99897,100,100147,100,99870,100,,,99806,100
2019-06-28 09:30:00.000000038,100001,100,99995,300,100033,100,99984,100,100067,100,99978,100,100070,100,99972,100,100074,100,99958,100,100089,100,99921,100,100101,100,99919,100,100112,100,99897,100,100147,100,99870,100,,,99806,100
2019-06-28 09:30:00.000000039,100001,100,99995,300,100033,100,99984,100,100067,100,99978,100,100070,100,99972,100,100074,100,99958,100,100089,100,99921,100,100101,100,99919,100,100112,100,99914,100,100147,100,99897,100,,,99870,100
2019-06-28 09:30:00.000000040,100001,100,99995,400,100033,100,99984,100,100067,100,99978,100,100070,100,99972,100,100074,100,99958,100,100089,100,99921,100,100101,100,99919,100,100112,100,99914,100,100147,100,99897,100,,,99870,100
2019-06-28 09:30:00.000000047,100001,100,99995,400,100033,100,99984,100,100067,100,99978,100,100070,100,99972,100,100074,100,99958,100,100089,100,99940,100,100101,100,99921,100,100112,100,99919,100,100147,100,99914,100,,,99897,100
2019-06-28 09:30:00.000000049,100001,100,99995,400,100033,100,99984,100,100067,100,99978,100,100070,100,99972,100,100074,100,99958,100,100075,100,99940,100,100089,100,99921,100,100101,100,99919,100,100112,100,99914,100,100147,100,99897,100
2019-06-28 09:30:00.000000051,100001,100,99995,300,100033,100,99984,100,100067,100,99978,100,100070,100,99972,100,100074,100,99958,100,100075,100,99940,100,100089,100,99921,100,100101,100,99919,100,100112,100,99914,100,100147,100,99897,100
2019-06-28 09:30:00.000000053,100001,100,99995,300,100033,100,99984,100,100067,100,99978,100,100070,100,99972,100,100074,100,99958,100,100075,100,99940,100,100089,100,99921,100,100101,100,99919,100,100112,100,99914,100,100147,100,99897,100
2019-06-28 09:30:00.000000054,100001,100,99996,100,100033,100,99995,300,100067,100,99984,100,100070,100,99978,100,100074,100,99972,100,100075,100,99958,100,100089,100,99940,100,100101,100,99921,100,100112,100,99919,100,100147,100,99914,100
2019-06-28 09:30:00.000000056,100001,100,99995,300,100004,100,99984,100,100033,100,99978,100,100067,100,99972,100,100070,100,99958,100,100074,100,99940,100,100075,100,99921,100,100089,100,99919,100,100101,100,99914,100,100112,100,99897,100
2019-06-28 09:30:00.000000057,99996,100,99995,300,100001,100,99984,100,100004,100,99978,100,100033,100,99972,100,100067,100,99958,100,100070,100,99940,100,100074,100,99921,100,100075,100,99919,100,100089,100,99914,100,100101,100,99897,100
2019-06-28 09:30:00.000000061,99996,100,99995,300,100001,100,99984,100,100004,100,99978,100,100033,100,99972,100,100067,100,99958,100,100070,100,99952,100,100074,100,99940,100,100075,100,99921,100,100089,100,99919,100,100101,100,99914,100
2019-06-28 09:30:00.000000065,99996,100,99995,300,99999,100,99984,100,100001,100,99978,100,100004,100,99972,100,100033,100,99958,100,100067,100,99952,100,100070,100,99940,100,100074,100,99921,100,100075,100,99919,100,100089,100,99914,100
2019-06-28 09:30:00.000000066,99996,200,99995,300,99999,100,99984,100,100001,100,99978,100,100004,100,99972,100,100033,100,99958,100,100067,100,99952,100,100070,100,99940,100,100074,100,99921,100,100075,100,99919,100,100089,100,99914,100
2019-06-28 09:30:00.000000068,99996,200,99995,300,99999,100,99984,100,100001,100,99978,100,100004,100,99972,100,100033,100,99958,100,100054,100,99952,100,100067,100,99940,100,100070,100,99921,100,100074,100,99919,100,100075,100,99914,100
2019-06-28 09:30:00.000000072,99996,200,99995,300,99999,100,99984,100,100001,100,99978,100,100004,100,99972,100,100033,100,99958,100,100054,100,99952,100,100067,100,99940,100,100070,100,99921,100,100074,100,99919,100,100075,100,99914,100
2019-06-28 09:30:00.000000076,99996,200,99995,300,99999,100,99984,100,100001,100,99978,100,100004,100,99972,100,100008,100,99958,100,100033,100,99952,100,100054,100,99940,100,100067,100,99921,100,100070,100,99919,100,100074,100,99914,100
2019-06-28 09:30:00.000000077,99996,100,99995,300,99999,100,99984,100,100001,100,99978,100,100004,100,99972,100,100008,100,99958,100,100033,100,99952,100,100054,100,99940,100,100067,100,99921,100,100070,100,99919,100,100074,100,99914,100
2019-06-28 09:30:00.000000078,99999,100,99995,300,100001,100,99984,100,100004,100,99978,100,100008,100,99972,100,100033,100,99958,100,100054,100,99952,100,100067,100,99940,100,100070,100,99921,100,100074,100,99919,100,100075,100,99914,100
2019-06-28 09:30:00.000000079,99999,100,99995,300,100001,100,99984,100,100004,100,99978,100,100008,100,99972,100,100033,100,99958,100,100054,100,99952,100,100067,100,99940,100,100070,100,99921,100,100074,100,99919,100,100075,100,99914,100
2019-06-28 09:30:00.000000081,99999,100,99995,300,100001,100,99984,100,100004,100,99978,100,100008,100,99972,100,100033,100,99958,100,100054,100,99952,100,100067,100,99940,100,100070,100,99921,100,100074,100,99919,100,100075,100,99914,100
2019-06-28 09:30:00.000000082,100001,100,99995,300,100004,100,99984,100,100008,100,99978,100,100033,100,99972,100,100054,100,99958,100,100067,100,99952,100,100070,100,99940,100,100073,100,99921,100,100074,100,99919,100,100075,100,99914,100
2019-06-28 09:30:00.000000083,100001,100,99995,300,100004,100,99984,100,100008,100,99978,100,100033,100,99972,100,100049,100,99958,100,100054,100,99952,100,100067,100,99940,100,100070,100,99921,100,100073,100,99919,100,100074,100,99914,100
2019-06-28 09:30:00.000000088,100001,100,99995,300,100004,100,99984,100,100008,100,99978,100,100033,100,99972,100,100049,100,99958,100,100054,100,99952,100,100067,100,99940,100,100070,100,99939,100,100073,100,99921,100,100074,100,99919,100
2019-06-28 09:30:00.000000095,100001,100,99995,200,100004,100,99984,100,100008,100,99978,100,100031,100,99972,100,100033,100,99961,100,100049,100,99958,100,100054,100,99952,100,100067,100,99940,100,100070,100,99939,100,100073,100,99921,100
2019-06-28 09:30:00.000000096,100001,100,99995,200,100004,100,99984,100,100008,100,99978,100,100031,100,99972,100,100033,100,99961,100,100049,100,99960,100,100054,100,99958,100,100067,100,99952,100,100070,100,99940,100,100073,100,99939,100
2019-06-28 09:30:00.000000097,99999,100,99995,200,100001,100,99984,100,100004,100,99978,100,100008,100,99972,100,100031,100,99961,100,100033,100,99960,100,100049,100,99958,100,100054,100,99952,100,100067,100,99940,100,100070,100,99939,100
2019-06-28 09:30:00.000000098,99999,100,99995,100,100001,100,99984,100,100004,100,99978,100,100008,100,99972,100,100031,100,99970,100,100033,100,99961,100,100049,100,99960,100,100054,100,99958,100,100067,100,99952,100,100070,100,99940,100
2019-06-28 09:30:00.215784028,99999,100,99995,100,100001,100,99984,100,100004,100,99978,100,100008,100,99970,100,100031,100,99961,100,100033,100,99960,100,100049,100,99958,100,100054,100,99952,100,100067,100,99940,100,100070,100,99939,100
2019-06-28 09:30:10.000000000,99999,318,99995,318,100001,318,99984,318,100004,100,99978,100,100008,100,99970,100,100031,100,99961,100,100033,100,99960,100,100049,100,99958,100,100054,100,99952,100,100067,100,99940,100,100070,100,99939,100
2019-06-28 09:30:14.360743313,99999,318,99995,318,100001,318,99984,318,100004,100,99978,100,100008,100,99970,100,100012,100,99961,100,100031,100,99960,100,100033,100,99958,100,100049,100,99952,100,100054,100,99940,100,100067,100,99939,100
2019-06-28 09:30:20.000000000,99999,248,99995,248,100001,244,99984,244,100004,244,99978,244,100008,100,99970,100,100012,100,99961,100,100031,100,99960,100,100033,100,99958,100,100049,100,99952,100,100054,100,99940,100,100067,100,99939,100
2019-06-28 09:30:29.613428579,99999,248,99995,148,100001,244,99984,244,100004,244,99978,244,100008,100,99970,100,100012,100,99961,100,100031,100,99960,100,100033,100,99958,100,100049,100,99952,100,100054,100,99940,100,100067,100,99939,100
2019-06-28 09:30:30.000000000,99999,209,99984,209,100001,209,99978,209,100004,209,99970,209,100008,209,99961,209,100012,100,99960,100,100031,100,99958,100,100033,100,99952,100,100049,100,99940,100,100054,100,99939,100,100067,100,99921,100
2019-06-28 09:30:35.559832275,99999,209,99984,109,100001,209,99978,209,100004,209,99970,209,100008,209,99961,209,100012,100,99960,100,100033,100,99958,100,100049,100,99952,100,100054,100,99940,100,100067,100,99939,100,100070,100,99921,100
2019-06-28 09:30:36.058821409,99999,209,99984,9,100001,209,99978,209,100004,209,99970,209,100008,209,99961,209,100012,100,99960,100,100033,100,99958,100,100049,100,99952,100,100067,100,99940,100,100070,100,99939,100,100073,100,99921,100
2019-06-28 09:30:39.132301941,99984,91,99978,209,99999,209,99970,209,100001,209,99961,209,100004,209,99960,100,100008,209,99958,100,100012,100,99952,100,100033,100,99940,100,100049,100,99939,100,100067,100,99921,100,100070,100,99919,100
2019-06-28 09:30:40.000000000,99984,309,99978,318,99999,318,99970,318,100001,100,99961,100,100004,100,99960,100,100008,100,99958,100,100012,100,99952,100,100033,100,99940,100,100049,100,99939,100,100067,100,99921,100,100070,100,99919,100
2019-06-28 09:30:50.000000000,99984,309,99978,318,99999,318,99970,318,100001,100,99961,100,100004,100,99960,100,100008,100,99958,100,100012,100,99952,100,100033,100,99940,100,100049,100,99939,100,100067,100,99921,100,100070,100,99919,100
2019-06-28 09:30:59.523972346,99984,309,99978,218,99999,318,99970,318,100001,100,99961,100,100004,100,99960,100,100008,100,99958,100,100012,100,99952,100,100033,100,99940,100,100049,100,99939,100,100067,100,99921,100,100070,100,99919,100
2019-06-28 09:31:00.000000000,99984,309,99970,318,99999,318,99961,318,100001,100,99960,100,100004,100,99958,100,100008,100,99952,100,100012,100,99940,100,100033,100,99939,100,100049,100,99921,100,100067,100,99919,100,100070,100,99914,100
2019-06-28 09:31:04.337701378,99984,309,99970,318,99999,318,99961,318,100001,100,99960,100,100004,100,99958,100,100008,100,99952,100,100012,100,99940,100,100033,100,99939,100,100049,100,99921,100,100067,100,99919,100,100070,100,99914,100
2019-06-28 09:31:10.000000000,99984,178,99970,187,99999,187,99961,187,100001,187,99960,187,100004,187,99958,187,100008,187,99952,187,100012,100,99940,100,100033,100,99939,100,100049,100,99921,100,100067,100,99919,100,100070,100,99914,100
2019-06-28 09:31:12.949369424,99984,178,99970,187,99999,187,99961,187,100001,187,99960,187,100004,187,99958,187,100008,187,99952,187,100012,100,99940,100,100033,100,99939,100,100049,100,99921,100,100067,100,99919,100,100070,100,99914,100
2019-06-28 09:31:20.000000000,99984,200,99970,209,99999,209,99961,209,100001,209,99960,209,100004,209,99958,209,100008,100,99952,100,100012,100,99940,100,100033,100,99939,100,100049,100,99921,100,100067,100,99919,100,100070,100,99914,100
2019-06-28 09:31:30.000000000,99984,200,99970,209,99999,209,99961,209,100001,209,99960,209,100004,209,99958,209,100008,100,99952,100,100012,100,99940,100,100033,100,99939,100,100049,100,99921,100,100067,100,99919,100,100070,100,99914,100
2019-06-28 09:31:35.223957350,99984,200,99970,209,99999,209,99961,209,100001,209,99960,209,100004,209,99958,209,100008,100,99952,100,100012,100,99940,100,100033,100,99939,100,100049,100,99921,100,100067,100,99919,100,100070,100,99914,100
2019-06-28 09:31:40.000000000,99984,527,99970,536,99999,100,99961,100,100001,100,99960,100,100004,100,99958,100,100008,100,99952,100,100012,100,99940,100,100033,100,99939,100,100049,100,99921,100,100067,100,99919,100,100070,100,99914,100
2019-06-28 09:31:50.000000000,99984,200,99970,209,99999,209,99961,209,100001,209,99960,209,100004,209,99958,209,100008,100,99952,100,100012,100,99940,100,100033,100,99939,100,100049,100,99921,100,100067,100,99919,100,100070,100,99914,100
2019-06-28 09:32:00.000000000,99984,527,99970,536,99999,100,99961,100,100001,100,99960,100,100004,100,99958,100,100008,100,99952,100,100012,100,99940,100,100033,100,99939,100,100049,100,99921,100,100067,100,99919,100,100070,100,99914,100
2019-06-28 09:32:03.682038451,99984,527,99970,436,99999,100,99961,100,100001,100,99960,100,100004,100,99958,100,100008,100,99952,100,100012,100,99940,100,100033,100,99939,100,100049,100,99921,100,100067,100,99919,100,100070,100,99914,100
2019-06-28 09:32:10.000000000,99984,527,99961,536,99999,100,99960,100,100001,100,99958,100,100004,100,99952,100,100008,100,99940,100,100012,100,99939,100,100033,100,99921,100,100049,100,99919,100,100067,100,99914,100,100070,100,99897,100
2019-06-28 09:32:20.000000000,99984,309,99961,318,99999,318,99960,318,100001,100,99958,100,100004,100,99952,100,100008,100,99940,100,100012,100,99939,100,100033,100,99921,100,100049,100,99919,100,100067,100,99914,100,100070,100,99897,100
2019-06-28 09:32:27.128874499,99984,309,99961,318,99999,318,99960,318,100001,100,99958,100,100004,100,99952,100,100012,100,99940,100,100033,100,99939,100,100049,100,99921,100,100067,100,99919,100,100070,100,99914,100,100074,100,99897,100
2019-06-28 09:32:27.689839557,99984,309,99961,218,99999,318,99960,318,100001,100,99958,100,100012,100,99952,100,100033,100,99940,100,100049,100,99939,100,100067,100,99921,100,100070,100,99919,100,100074,100,99914,100,100075,100,99897,100
2019-06-28 09:32:30.000000000,99984,239,99960,248,99999,244,99958,244,100001,244,99952,244,100012,100,99940,100,100033,100,99939,100,100049,100,99921,100,100067,100,99919,100,100070,100,99914,100,100074,100,99897,100,100075,100,99884,100
2019-06-28 09:32:40.000000000,99984,200,99960,209,99999,209,99958,209,100001,209,99952,209,100012,209,99940,209,100033,100,99939,100,100049,100,99921,100,100067,100,99919,100,100070,100,99914,100,100074,100,99897,100,100075,100,99884,100
2019-06-28 09:32:50.000000000,99984,309,99960,318,99999,318,99958,318,100001,100,99952,100,100012,100,99940,100,100033,100,99939,100,100049,100,99921,100,100067,100,99919,100,100070,100,99914,100,100074,100,99897,100,100075,100,99884,100
2019-06-28 09:33:00.000000000,99984,178,99960,187,99999,187,99958,187,100001,187,99952,187,100012,187,99940,187,100033,187,99939,187,100049,100,99921,100,100067,100,99919,100,100070,100,99914,100,100074,100,99897,100,100075,100,99884,100
2019-06-28 09:33:04.374855984,99984,178,99960,187,99999,187,99958,187,100001,187,99952,187,100012,187,99940,187,100033,187,99939,187,100049,100,99921,100,100067,100,99919,100,100070,100,99914,100,100074,100,99897,100,100075,100,99884,100
2019-06-28 09:33:06.679171801,99970,100,99960,187,99984,178,99958,187,99999,187,99952,187,100001,187,99940,187,100012,187,99939,187,100033,187,99921,100,100049,100,99919,100,100067,100,99914,100,100070,100,99897,100,100074,100,99884,100
2019-06-28 09:33:10.000000000,99970,209,99960,209,99984,200,99958,209,99999,209,99952,209,100001,209,99940,209,100012,100,99939,100,100033,100,99921,100,100049,100,99919,100,100067,100,99914,100,100070,100,99897,100,100074,100,99884,100
2019-06-28 09:33:20.000000000,99970,248,99960,248,99984,235,99958,244,99999,244,99952,244,100001,100,99940,100,100012,100,99939,100,100033,100,99921,100,100049,100,99919,100,100067,100,99914,100,100070,100,99897,100,100074,100,99884,100
2019-06-28 09:33:28.229877371,99970,248,99960,148,99984,235,99958,244,99999,244,99952,244,100001,100,99940,100,100012,100,99939,100,100033,100,99921,100,100049,100,99919,100,100067,100,99914,100,100070,100,99897,100,100074,100,99884,100
2019-06-28 09:33:30.000000000,99970,209,99958,209,99984,200,99952,209,99999,209,99940,209,100001,209,99939,209,100012,100,99921,100,100033,100,99919,100,100049,100,99914,100,100067,100,99897,100,100070,100,99884,100,100074,100,99870,100
2019-06-28 09:33:40.000000000,99970,209,99958,209,99984,200,99952,209,99999,209,99940,209,100001,209,99939,209,100012,100,99921,100,100033,100,99919,100,100049,100,99914,100,100067,100,99897,100,100070,100,99884,100,100074,100,99870,100
2019-06-28 09:33:48.815124972,99970,209,99958,209,99984,200,99952,209,99999,209,99940,209,100001,209,99939,209,100012,100,99921,100,100033,100,99919,100,100049,100,99914,100,100067,100,99897,100,100070,100,99884,100,100074,100,99870,100
2019-06-28 09:33:50.000000000,99970,209,99958,209,99984,200,99952,209,99999,209,99940,209,100001,209,99939,209,100012,100,99921,100,100033,100,99919,100,100049,100,99914,100,100067,100,99897,100,100070,100,99884,100,100074,100,99870,100
2019-06-28 09:33:52.285263366,99970,209,99958,109,99984,200,99952,209,99999,209,99940,209,100001,209,99939,209,100012,100,99921,100,100033,100,99919,100,100049,100,99914,100,100067,100,99897,100,100070,100,99884,100,100074,100,99870,100
2019-06-28 09:33:59.539276452,99970,209,99958,109,99984,200,99952,209,99999,209,99940,209,100001,209,99939,209,100012,100,99921,100,100033,100,99919,100,100049,100,99914,100,100067,100,99897,100,100070,100,99884,100,100074,100,99870,100
2019-06-28 09:34:00.000000000,99970,187,99952,187,99984,178,99940,187,99999,187,99939,187,100001,187,99921,187,100012,187,99919,187,100033,100,99914,100,100049,100,99897,100,100067,100,99884,100,100070,100,99870,100,100074,100,99865,100
2019-06-28 09:34:00.520940991,99970,187,99952,87,99984,178,99940,187,99999,187,99939,187,100001,187,99921,187,100012,187,99919,187,100033,100,99914,100,100049,100,99897,100,100067,100,99884,100,100070,100,99870,100,100074,100,99865,100
2019-06-28 09:34:02.765955418,99952,13,99940,187,99970,187,99939,187,99984,178,99921,187,99999,187,99919,187,100001,187,99914,100,100012,187,99897,100,100033,100,99884,100,100049,100,99870,100,100067,100,99865,100,100070,100,99852,100
2019-06-28 09:34:06.840156383,99952,13,99940,187,99970,187,99939,187,99984,178,99921,187,99999,187,99919,187,100001,187,99914,100,100012,187,99897,100,100033,100,99884,100,100049,100,99870,100,100067,100,99865,100,100070,100,99852,100
2019-06-28 09:34:10.000000000,99952,449,99940,536,99970,100,99939,100,99984,91,99921,100,99999,100,99919,100,100001,100,99914,100,100012,100,99897,100,100033,100,99884,100,100049,100,99870,100,100067,100,99865,100,100070,100,99852,100
2019-06-28 09:34:20.000000000,99952,231,99940,318,99970,318,99939,318,99984,91,99921,100,99999,100,99919,100,100001,100,99914,100,100012,100,99897,100,100033,100,99884,100,100049,100,99870,100,100067,100,99865,100,100070,100,99852,100
2019-06-28 09:34:22.716692444,99952,231,99940,218,99970,318,99939,318,99984,91,99921,100,99999,100,99919,100,100001,100,99914,100,100012,100,99897,100,100033,100,99884,100,100049,100,99870,100,100067,100,99865,100,100070,100,99852,100
2019-06-28 09:34:25.582233963,99952,231,99940,118,99970,318,99939,318,99984,91,99921,100,99999,100,99919,100,100001,100,99914,100,100033,100,99897,100,100049,100,99884,100,100067,100,99870,100,100070,100,99865,100,100074,100,99852,100
2019-06-28 09:34:30.000000000,99952,449,99939,536,99970,100,99921,100,99984,91,99919,100,99999,100,99914,100,100001,100,99897,100,100033,100,99884,100,100049,100,99870,100,100067,100,99865,100,100070,100,99852,100,100074,100,99823,100
2019-06-28 09:34:40.000000000,99952,122,99939,209,99970,209,99921,209,99984,200,99919,209,99999,209,99914,209,100001,100,99897,100,100033,100,99884,100,100049,100,99870,100,100067,100,99865,100,100070,100,99852,100,100074,100,99823,100
2019-06-28 09:34:50.000000000,99952,231,99939,318,99970,318,99921,318,99984,91,99919,100,99999,100,99914,100,100001,100,99897,100,100033,100,99884,100,100049,100,99870,100,100067,100,99865,100,100070,100,99852,100,100074,100,99823,100
2019-06-28 09:34:56.001172273,99940,100,99939,318,99952,231,99921,318,99970,318,99919,100,99984,91,99914,100,99999,100,99897,100,100001,100,99884,100,100033,100,99870,100,100049,100,99865,100,100067,100,99852,100,100070,100,99823,100
2019-06-28 09:35:00.000000000,99940,209,99939,209,99952,122,99921,209,99970,209,99919,209,99984,200,99914,209,99999,100,99897,100,100001,100,99884,100,100033,100,99870,100,100049,100,99865,100,100067,100,99852,100,100070,100,99823,100
2019-06-28 09:35:05.632472762,99940,209,99939,109,99952,122,99921,209,99970,209,99919,209,99984,200,99914,209,99999,100,99897,100,100001,100,99870,100,100033,100,99865,100,100049,100,99852,100,100067,100,99823,100,100070,100,99808,100
2019-06-28 09:35:10.000000000,99940,187,99921,187,99952,100,99919,187,99970,187,99914,187,99984,178,99897,187,99999,187,99870,187,100001,100,99865,100,100033,100,99852,100,100049,100,99823,100,100067,100,99808,100,100070,100,99806,100
2019-06-28 09:35:20.000000000,99940,187,99921,187,99952,100,99919,187,99970,187,99914,187,99984,178,99897,187,99999,187,99870,187,100001,100,99865,100,100033,100,99852,100,100049,100,99823,100,100067,100,99808,100,100070,100,99806,100
2019-06-28 09:35:30.000000000,99940,536,99921,536,99952,13,99919,100,99970,100,99914,100,99984,91,99897,100,99999,100,99870,100,100001,100,99865,100,100033,100,99852,100,100049,100,99823,100,100067,100,99808,100,100070,100,99806,100
2019-06-28 09:35:40.000000000,99940,536,99921,536,99952,13,99919,100,99970,100,99914,100,99984,91,99897,100,99999,100,99870,100,100001,100,99865,100,100033,100,99852,100,100049,100,99823,100,100067,100,99808,100,100070,100,99806,100
2019-06-28 09:35:50.000000000,99940,209,99921,209,99952,122,99919,209,99970,209,99914,209,99984,200,99897,209,99999,100,99870,100,100001,100,99865,100,100033,100,99852,100,100049,100,99823,100,100067,100,99808,100,100070,100,99806,100
2019-06-28 09:36:00.000000000,99940,187,99921,187,99952,100,99919,187,99970,187,99914,187,99984,178,99897,187,99999,187,99870,187,100001,100,99865,100,100033,100,99852,100,100049,100,99823,100,100067,100,99808,100,100070,100,99806,100
2019-06-28 09:36:10.000000000,99940,187,99921,187,99952,100,99919,187,99970,187,99914,187,99984,178,99897,187,99999,187,99870,187,100001,100,99865,100,100033,100,99852,100,100049,100,99823,100,100067,100,99808,100,100070,100,99806,100
2019-06-28 09:36:20.000000000,99940,536,99921,536,99952,13,99919,100,99970,100,99914,100,99984,91,99897,100,99999,100,99870,100,100001,100,99865,100,100033,100,99852,100,100049,100,99823,100,100067,100,99808,100,100070,100,99806,100
2019-06-28 09:36:30.000000000,99940,209,99921,209,99952,122,99919,209,99970,209,99914,209,99984,200,99897,209,99999,100,99870,100,100001,100,99865,100,100033,100,99852,100,100049,100,99823,100,100067,100,99808,100,100070,100,99806,100
2019-06-28 09:36:40.000000000,99940,248,99921,248,99952,157,99919,244,99970,244,99914,244,99984,91,99897,100,99999,100,99870,100,100001,100,99865,100,100033,100,99852,100,100049,100,99823,100,100067,100,99808,100,100070,100,99806,100
2019-06-28 09:36:41.154963435,99940,148,99921,248,99952,157,99919,244,99970,244,99914,244,99984,91,99897,100,99999,100,99870,100,100001,100,99865,100,100033,100,99852,100,100049,100,99823,100,100067,100,99808,100,100070,100,99806,100
2019-06-28 09:36:50.000000000,99952,122,99921,209,99970,209,99919,209,99984,200,99914,209,99999,209,99897,209,100001,100,99870,100,100033,100,99865,100,100049,100,99852,100,100067,100,99823,100,100070,100,99808,100,100074,100,99806,100
2019-06-28 09:37:00.000000000,99952,100,99921,187,99970,187,99919,187,99984,178,99914,187,99999,187,99897,187,100001,187,99870,187,100033,100,99865,100,100049,100,99852,100,100067,100,99823,100,100070,100,99808,100,100074,100,99806,100
2019-06-28 09:37:10.000000000,99952,161,99921,248,99970,244,99919,244,99984,235,99914,244,99999,100,99897,100,100001,100,99870,100,100033,100,99865,100,100049,100,99852,100,100067,100,99823,100,100070,100,99808,100,100074,100,99806,100
2019-06-28 09:37:20.000000000,99952,231,99921,318,99970,318,99919,318,99984,91,99914,100,99999,100,99897,100,100001,100,99870,100,100033,100,99865,100,100049,100,99852,100,100067,100,99823,100,100070,100,99808,100,100074,100,99806,100
2019-06-28 09:37:30.000000000,99952,231,99921,318,99970,318,99919,318,99984,91,99914,100,99999,100,99897,100,100001,100,99870,100,100033,100,99865,100,100049,100,99852,100,100067,100,99823,100,100070,100,99808,100,100074,100,99806,100
2019-06-28 09:37:30.979047140,99952,231,99940,100,99970,318,99921,318,99984,91,99919,318,99999,100,99914,100,100001,100,99897,100,100033,100,99870,100,100049,100,99865,100,100067,100,99852,100,100070,100,99823,100,100074,100,99808,100
2019-06-28 09:37:39.344565724,99952,131,99940,100,99970,318,99921,318,99984,91,99919,318,99999,100,99914,100,100001,100,99897,100,100033,100,99870,100,100049,100,99865,100,100067,100,99852,100,100070,100,99823,100,100074,100,99808,100
2019-06-28 09:37:40.000000000,99970,187,99940,187,99984,178,99921,187,99999,187,99919,187,100001,187,99914,187,100033,187,99897,187,100049,100,99870,100,100067,100,99865,100,100070,100,99852,100,100074,100,99823,100,100075,100,99808,100
2019-06-28 09:37:50.000000000,99970,318,99940,318,99984,309,99921,318,99999,100,99919,100,100001,100,99914,100,100033,100,99897,100,100049,100,99870,100,100067,100,99865,100,100070,100,99852,100,100074,100,99823,100,100075,100,99808,100
2019-06-28 09:38:00.000000000,99970,536,99940,536,99984,91,99921,100,99999,100,99919,100,100001,100,99914,100,100033,100,99897,100,100049,100,99870,100,100067,100,99865,100,100070,100,99852,100,100074,100,99823,100,100075,100,99808,100
2019-06-28 09:38:07.335930456,99970,536,99940,536,99984,91,99921,100,99999,100,99919,100,100001,100,99914,100,100033,100,99897,100,100049,100,99870,100,100067,100,99865,100,100070,100,99852,100,100074,100,99823,100,100075,100,99808,100
2019-06-28 09:38:10.000000000,99970,536,99940,536,99984,91,99921,100,99999,100,99919,100,100001,100,99914,100,100033,100,99897,100,100049,100,99870,100,100067,100,99865,100,100070,100,99852,100,100074,100,99823,100,100075,100,99808,100
2019-06-28 09:38:10.999137984,99970,436,99940,536,99984,91,99921,100,99999,100,99919,100,100001,100,99914,100,100033,100,99897,100,100049,100,99870,100,100067,100,99865,100,100070,100,99852,100,100074,100,99823,100,100075,100,99808,100
2019-06-28 09:38:20.000000000,99984,200,99940,209,99999,209,99921,209,100001,209,99919,209,100033,209,99914,209,100049,100,99897,100,100067,100,99870,100,100070,100,99865,100,100074,100,99852,100,100075,100,99823,100,100079,100,99808,100
2019-06-28 09:38:20.554211107,99984,200,99940,209,99999,209,99921,109,100001,209,99919,209,100033,209,99914,209,100049,100,99897,100,100067,100,99870,100,100070,100,99865,100,100074,100,99852,100,100075,100,99823,100,100079,100,99808,100
2019-06-28 09:38:21.495561225,99984,200,99952,100,99999,209,99940,209,100001,209,99921,109,100033,209,99919,209,100049,100,99914,209,100067,100,99897,100,100070,100,99870,100,100074,100,99865,100,100075,100,99852,100,100079,100,99823,100
2019-06-28 09:38:30.000000000,99984,178,99952,187,99999,187,99940,187,100001,187,99919,187,100033,187,99914,187,100049,187,99897,187,100067,100,99870,100,100070,100,99865,100,100074,100,99852,100,100075,100,99823,100,100079,100,99808,100
2019-06-28 09:38:34.399536184,99984,178,99952,187,99999,187,99940,187,100001,187,99919,187,100033,187,99914,187,100049,187,99897,187,100067,100,99870,100,100070,100,99865,100,100074,100,99852,100,100075,100,99823,100,100079,100,99808,100
2019-06-28 09:38:40.000000000,99984,527,99952,536,99999,100,99940,100,100001,100,99919,100,100033,100,99914,100,100049,100,99897,100,100067,100,99870,100,100070,100,99865,100,100074,100,99852,100,100075,100,99823,100,100079,100,99808,100
2019-06-28 09:38:40.090564121,99984,527,99952,536,99999,100,99940,100,100001,100,99919,100,100033,100,99914,100,100049,100,99897,100,100067,100,99870,100,100070,100,99865,100,100074,100,99852,100,100075,100,99823,100,100079,100,99808,100
2019-06-28 09:38:41.676442527,99984,527,99952,536,99999,100,99940,100,100001,100,99919,100,100033,100,99914,100,100049,100,99897,100,100067,100,99870,100,100070,100,99852,100,100074,100,99823,100,100075,100,99808,100,100079,100,99806,100
2019-06-28 09:38:50.000000000,99984,178,99952,187,99999,187,99940,187,100001,187,99919,187,100033,187,99914,187,100049,187,99897,187,100067,100,99870,100,100070,100,99852,100,100074,100,99823,100,100075,100,99808,100,100079,100,99806,100
2019-06-28 09:38:55.042345830,99984,78,99952,187,99999,187,99940,187,100001,187,99919,187,100033,187,99914,187,100049,187,99897,187,100067,100,99870,100,100070,100,99852,100,100074,100,99823,100,100075,100,99808,100,100079,100,99806,100
2019-06-28 09:39:00.000000000,99999,248,99952,248,100001,244,99940,244,100033,244,99919,244,100049,100,99914,100,100067,100,99897,100,100070,100,99870,100,100074,100,99852,100,100075,100,99823,100,100079,100,99808,100,100105,100,99806,100
2019-06-28 09:39:10.000000000,99999,536,99952,536,100001,100,99940,100,100033,100,99919,100,100049,100,99914,100,100067,100,99897,100,100070,100,99870,100,100074,100,99852,100,100075,100,99823,100,100079,100,99808,100,100105,100,99806,100
2019-06-28 09:39:20.000000000,99999,536,99952,536,100001,100,99940,100,100033,100,99919,100,100049,100,99914,100,100067,100,99897,100,100070,100,99870,100,100074,100,99852,100,100075,100,99823,100,100079,100,99808,100,100105,100,99806,100
2019-06-28 09:39:24.333458756,99999,536,99952,536,100001,100,99919,100,100033,100,99914,100,100049,100,99897,100,100067,100,99870,100,100070,100,99852,100,100074,100,99823,100,100075,100,99808,100,100079,100,99806,100,100105,100,99755,100
2019-06-28 09:39:30.000000000,99999,536,99952,536,100001,100,99919,100,100033,100,99914,100,100049,100,99897,100,100067,100,99870,100,100070,100,99852,100,100074,100,99823,100,100075,100,99808,100,100079,100,99806,100,100105,100,99755,100
2019-06-28 09:39:37.062060208,99999,436,99952,536,100001,100,99919,100,100033,100,99914,100,100049,100,99897,100,100067,100,99870,100,100070,100,99852,100,100074,100,99823,100,100075,100,99808,100,100079,100,99806,100,100105,100,99755,100
2019-06-28 09:39:37.648802465,99999,436,99984,100,100001,100,99952,536,100033,100,99919,100,100049,100,99914,100,100067,100,99897,100,100070,100,99870,100,100074,100,99852,100,100075,100,99823,100,100079,100,99808,100,100105,100,99806,100
2019-06-28 09:39:40.000000000,100001,248,99984,248,100033,244,99952,244,100049,244,99919,244,100067,100,99914,100,100070,100,99897,100,100074,100,99870,100,100075,100,99852,100,100079,100,99823,100,100105,100,99808,100,100112,100,99806,100
2019-06-28 09:39:44.728592435,100001,248,99984,248,100033,244,99952,244,100049,244,99919,244,100067,100,99914,100,100070,100,99897,100,100074,100,99870,100,100075,100,99823,100,100079,100,99808,100,100105,100,99806,100,100112,100,99755,100
2019-06-28 09:39:50.000000000,100001,187,99984,187,100033,187,99952,187,100049,187,99919,187,100067,187,99914,187,100070,187,99897,187,100074,100,99870,100,100075,100,99823,100,100079,100,99808,100,100105,100,99806,100,100112,100,99755,100
2019-06-28 09:39:58.310828208,100001,187,99984,187,100033,187,99952,187,100049,187,99919,187,100067,187,99914,187,100070,187,99897,187,100074,100,99870,100,100075,100,99823,100,100079,100,99808,100,100105,100,99806,100,100112,100,99755,100
2019-06-28 09:40:00.000000000,100001,248,99984,248,100033,244,99952,244,100049,244,99919,244,100067,100,99914,100,100070,100,99897,100,100074,100,99870,100,100075,100,99823,100,100079,100,99808,100,100105,100,99806,100,100112,100,99755,100
2019-06-28 09:40:02.899130832,100001,248,99984,348,100033,244,99952,244,100049,244,99919,244,100067,100,99914,100,100070,100,99897,100,100074,100,99870,100,100075,100,99823,100,100079,100,99808,100,100105,100,99806,100,100112,100,99755,100
2019-06-28 09:40:10.000000000,100001,248,99984,348,100033,244,99952,244,100049,244,99919,244,100067,100,99914,100,100070,100,99897,100,100074,100,99870,100,100075,100,99823,100,100079,100,99808,100,100105,100,99806,100,100112,100,99755,100
2019-06-28 09:40:16.389498850,100001,148,99984,348,100033,244,99952,244,100049,244,99919,244,100067,100,99914,100,100070,100,99897,100,100074,100,99870,100,100075,100,99823,100,100079,100,99808,100,100105,100,99806,100,101152,100,99755,100
2019-06-28 09:40:20.000000000,100033,536,99984,636,100049,100,99952,100,100067,100,99919,100,100070,100,99914,100,100074,100,99897,100,100075,100,99870,100,100079,100,99823,100,100105,100,99808,100,101152,100,99806,100,101176,100,99755,100
2019-06-28 09:40:30.000000000,100033,248,99984,348,100049,244,99952,244,100067,244,99919,244,100070,100,99914,100,100074,100,99897,100,100075,100,99870,100,100079,100,99823,100,100105,100,99808,100,101152,100,99806,100,101176,100,99755,100
2019-06-28 09:40:40.000000000,100033,248,99984,348,100049,244,99952,244,100067,244,99919,244,100070,100,99914,100,100074,100,99897,100,100075,100,99870,100,100079,100,99823,100,100105,100,99808,100,101152,100,99806,100,101176,100,99755,100
2019-06-28 09:40:47.245516818,100033,148,99984,348,100049,244,99952,244,100067,244,99919,244,100070,100,99914,100,100074,100,99897,100,100075,100,99870,100,100079,100,99823,100,100105,100,99808,100,101152,100,99806,100,101176,100,99755,100
2019-06-28 09:40:47.400549394,100033,148,100001,100,100049,244,99984,348,100067,244,99952,244,100070,100,99919,244,100074,100,99914,100,100075,100,99897,100,100079,100,99870,100,100105,100,99823,100,101152,100,99808,100,101176,100,99806,100
2019-06-28 09:40:50.000000000,100049,187,100001,187,100067,187,99984,287,100070,187,99952,187,100074,187,99919,187,100075,187,99914,187,100079,100,99897,100,100105,100,99870,100,101152,100,99823,100,101176,100,99808,100,101253,100,99806,100
2019-06-28 09:41:00.000000000,100049,536,100001,536,100067,100,99984,200,100070,100,99952,100,100074,100,99919,100,100075,100,99914,100,100079,100,99897,100,100105,100,99870,100,101152,100,99823,100,101176,100,99808,100,101253,100,99806,100
2019-06-28 09:41:10.000000000,100049,536,100001,536,100067,100,99984,200,100070,100,99952,100,100074,100,99919,100,100075,100,99914,100,100079,100,99897,100,100105,100,99870,100,101152,100,99823,100,101176,100,99808,100,101253,100,99806,100
2019-06-28 09:41:20.000000000,100049,209,100001,209,100067,209,99984,309,100070,209,99952,209,100074,209,99919,209,100075,100,99914,100,100079,100,99897,100,100105,100,99870,100,101152,100,99823,100,101176,100,99808,100,101253,100,99806,100
2019-06-28 09:41:30.000000000,100049,209,100001,209,100067,209,99984,309,100070,209,99952,209,100074,209,99919,209,100075,100,99914,100,100079,100,99897,100,100105,100,99870,100,101152,100,99823,100,101176,100,99808,100,101253,100,99806,100
2019-06-28 09:41:40.000000000,100049,187,100001,187,100067,187,99984,287,100070,187,99952,187,100074,187,99919,187,100075,187,99914,187,100079,100,99897,100,100105,100,99870,100,101152,100,99823,100,101176,100,99808,100,101253,100,99806,100
2019-06-28 09:41:50.000000000,100049,536,100001,536,100067,100,99984,200,100070,100,99952,100,100074,100,99919,100,100075,100,99914,100,100079,100,99897,100,100105,100,99870,100,101152,100,99823,100,101176,100,99808,100,101253,100,99806,100
2019-06-28 09:42:00.000000000,100049,248,100001,248,100067,244,99984,344,100070,244,99952,244,100074,100,99919,100,100075,100,99914,100,100079,100,99897,100,100105,100,99870,100,101152,100,99823,100,101176,100,99808,100,101253,100,99806,100
2019-06-28 09:42:10.000000000,100049,248,100001,248,100067,244,99984,344,100070,244,99952,244,100074,100,99919,100,100075,100,99914,100,100079,100,99897,100,100105,100,99870,100,101152,100,99823,100,101176,100,99808,100,101253,100,99806,100
2019-06-28 09:42:20.000000000,100049,536,100001,536,100067,100,99984,200,100070,100,99952,100,100074,100,99919,100,100075,100,99914,100,100079,100,99897,100,100105,100,99870,100,101152,100,99823,100,101176,100,99808,100,101253,100,99806,100
2019-06-28 09:42:30.000000000,100049,318,100001,318,100067,318,99984,418,100070,100,99952,100,100074,100,99919,100,100075,100,99914,100,100079,100,99897,100,100105,100,99870,100,101152,100,99823,100,101176,100,99808,100,101253,100,99806,100
2019-06-28 09:42:31.804313479,100049,318,100001,318,100067,318,99984,418,100070,100,99952,100,100074,100,99919,100,100075,100,99914,100,100079,100,99897,100,100105,100,99870,100,101152,100,99823,100,101176,100,99808,100,101372,100,99806,100
2019-06-28 09:42:39.058559721,100049,318,100001,318,100067,318,99984,418,100070,100,99952,100,100074,100,99919,100,100075,100,99914,100,100079,100,99897,100,100105,100,99870,100,101152,100,99823,100,101176,100,99808,100,101372,100,99806,100
2019-06-28 09:42:40.000000000,100049,248,100001,248,100067,244,99984,344,100070,244,99952,244,100074,100,99919,100,100075,100,99914,100,100079,100,99897,100,100105,100,99870,100,101152,100,99823,100,101176,100,99808,100,101372,100,99806,100
2019-06-28 09:42:50.000000000,100049,318,100001,318,100067,318,99984,418,100070,100,99952,100,100074,100,99919,100,100075,100,99914,100,100079,100,99897,100,100105,100,99870,100,101152,100,99823,100,101176,100,99808,100,101372,100,99806,100
2019-06-28 09:43:00.000000000,100049,187,100001,187,100067,187,99984,287,100070,187,99952,187,100074,187,99919,187,100075,187,99914,187,100079,100,99897,100,100105,100,99870,100,101152,100,99823,100,101176,100,99808,100,101372,100,99806,100
2019-06-28 09:43:04.737030332,100049,187,100001,187,100067,187,99984,287,100070,187,99952,187,100074,187,99919,187,100075,187,99914,187,100079,100,99897,100,100105,100,99870,100,101152,100,99823,100,101176,100,99808,100,101372,100,99806,100
2019-06-28 09:43:10.000000000,100049,209,100001,209,100067,209,99984,309,100070,209,99952,209,100074,209,99919,209,100075,100,99914,100,100079,100,99897,100,100105,100,99870,100,101152,100,99823,100,101176,100,99808,100,101372,100,99806,100
2019-06-28 09:43:20.000000000,100049,209,100001,209,100067,209,99984,309,100070,209,99952,209,100074,209,99919,209,100075,100,99914,100,100079,100,99897,100,100105,100,99870,100,101152,100,99823,100,101176,100,99808,100,101372,100,99806,100
2019-06-28 09:43:30.000000000,100049,318,100001,318,100067,318,99984,418,100070,100,99952,100,100074,100,99919,100,100075,100,99914,100,100079,100,99897,100,100105,100,99870,100,101152,100,99823,100,101176,100,99808,100,101372,100,99806,100
2019-06-28 09:43:40.000000000,100049,318,100001,318,100067,318,99984,418,100070,100,99952,100,100074,100,99919,100,100075,100,99914,100,100079,100,99897,100,100105,100,99870,100,101152,100,99823,100,101176,100,99808,100,101372,100,99806,100
2019-06-28 09:43:45.436160612,100049,318,100001,418,100067,318,99984,318,100070,100,99952,100,100074,100,99919,100,100075,100,99914,100,100079,100,99897,100,100105,100,99870,100,101152,100,99823,100,101176,100,99808,100,101372,100,99806,100
2019-06-28 09:43:50.000000000,100049,318,100001,418,100067,318,99984,318,100070,100,99952,100,100074,100,99919,100,100075,100,99914,100,100079,100,99897,100,100105,100,99870,100,101152,100,99823,100,101176,100,99808,100,101372,100,99806,100
2019-06-28 09:44:00.000000000,100049,248,100001,348,100067,244,99984,244,100070,244,99952,244,100074,100,99919,100,100075,100,99914,100,100079,100,99897,100,100105,100,99870,100,101152,100,99823,100,101176,100,99808,100,101372,100,99806,100
2019-06-28 09:44:10.000000000,100049,209,100001,309,100067,209,99984,209,100070,209,99952,209,100074,209,99919,209,100075,100,99914,100,100079,100,99897,100,100105,100,99870,100,101152,100,99823,100,101176,100,99808,100,101372,100,99806,100
2019-06-28 09:44:11.220007120,100049,209,100001,309,100067,209,99984,209,100070,209,99952,209,100074,209,99919,209,100075,100,99914,100,100079,100,99897,100,100105,100,99870,100,100797,100,99823,100,101152,100,99808,100,101176,100,99806,100
2019-06-28 09:44:13.189676712,100049,209,100001,309,100067,209,99984,209,100070,209,99952,209,100074,209,99919,209,100075,100,99914,100,100079,100,99897,100,100105,100,99870,100,100666,100,99823,100,100797,100,99808,100,101152,100,99806,100
2019-06-28 09:44:19.088547541,100049,109,100001,309,100067,209,99984,209,100070,209,99952,209,100074,209,99919,209,100075,100,99914,100,100079,100,99897,100,100105,100,99870,100,100666,100,99823,100,100797,100,99808,100,101152,100,99806,100
2019-06-28 09:44:20.000000000,100067,248,100001,348,100070,244,99984,244,100074,244,99952,244,100075,100,99919,100,100079,100,99914,100,100105,100,99897,100,100666,100,99870,100,100797,100,99823,100,101152,100,99808,100,101176,100,99806,100
2019-06-28 09:44:30.000000000,100067,536,100001,636,100070,100,99984,100,100074,100,99952,100,100075,100,99919,100,100079,100,99914,100,100105,100,99897,100,100666,100,99870,100,100797,100,99823,100,101152,100,99808,100,101176,100,99806,100
2019-06-28 09:44:32.042399296,100067,536,100033,100,100070,100,100001,636,100074,100,99984,100,100075,100,99952,100,100079,100,99919,100,100105,100,99914,100,100666,100,99897,100,100797,100,99870,100,101152,100,99823,100,101176,100,99808,100
2019-06-28 09:44:37.122541127,100067,536,100033,100,100070,100,100001,636,100074,100,99984,100,100075,100,99952,100,100079,100,99919,100,100105,100,99914,100,100336,100,99870,100,100666,100,99823,100,100797,100,99808,100,101152,100,99806,100
2019-06-28 09:44:40.000000000,100067,318,100033,318,100070,318,100001,418,100074,100,99984,100,100075,100,99952,100,100079,100,99919,100,100105,100,99914,100,100336,100,99870,100,100666,100,99823,100,100797,100,99808,100,101152,100,99806,100
2019-06-28 09:44:50.000000000,100067,209,100033,209,100070,209,100001,309,100074,209,99984,209,100075,209,99952,209,100079,100,99919,100,100105,100,99914,100,100336,100,99870,100,100666,100,99823,100,100797,100,99808,100,101152,100,99806,100
2019-06-28 09:44:58.919277660,100067,209,100033,309,100070,209,100001,309,100074,209,99984,209,100075,209,99952,109,100079,100,99919,100,100105,100,99914,100,100336,100,99870,100,100666,100,99823,100,100797,100,99808,100,101152,100,99806,100
2019-06-28 09:45:00.000000000,100067,318,100033,418,100070,318,100001,418,100074,100,99984,100,100075,100,99919,100,100079,100,99914,100,100105,100,99870,100,100336,100,99823,100,100666,100,99808,100,100797,100,99806,100,101152,100,99755,100
2019-06-28 09:45:10.000000000,100067,248,100033,348,100070,244,100001,344,100074,244,99984,244,100075,100,99919,100,100079,100,99914,100,100105,100,99870,100,100336,100,99823,100,100666,100,99808,100,100797,100,99806,100,101152,100,99755,100
2019-06-28 09:45:20.000000000,100067,536,100033,636,100070,100,100001,200,100074,100,99984,100,100075,100,99919,100,100079,100,99914,100,100105,100,99870,100,100336,100,99823,100,100666,100,99808,100,100797,100,99806,100,101152,100,99755,100
2019-06-28 09:45:30.000000000,100067,248,100033,348,100070,244,100001,344,100074,244,99984,244,100075,100,99919,100,100079,100,99914,100,100105,100,99870,100,100336,100,99823,100,100666,100,99808,100,100797,100,99806,100,101152,100,99755,100
2019-06-28 09:45:40.000000000,100067,318,100033,418,100070,318,100001,418,100074,100,99984,100,100075,100,99919,100,100079,100,99914,100,100105,100,99870,100,100336,100,99823,100,100666,100,99808,100,100797,100,99806,100,101152,100,99755,100
2019-06-28 09:45:41.451338889,100067,318,100033,418,100070,318,100001,418,100074,100,99984,100,100075,100,99919,100,100079,100,99914,100,100105,100,99870,100,100183,100,99823,100,100336,100,99808,100,100666,100,99806,100,100797,100,99755,100
2019-06-28 09:45:46.473646641,100067,218,100033,418,100070,318,100001,418,100074,100,99984,100,100075,100,99919,100,100079,100,99914,100,100105,100,99870,100,100183,100,99823,100,100336,100,99808,100,100666,100,99806,100,100797,100,99755,100
2019-06-28 09:45:50.000000000,100070,209,100033,309,100074,209,100001,309,100075,209,99984,209,100079,209,99919,209,100105,100,99914,100,100183,100,99870,100,100336,100,99823,100,100666,100,99808,100,100797,100,99806,100,101152,100,99755,100
2019-06-28 09:45:59.291456956,100070,109,100033,309,100074,209,100001,309,100075,209,99984,209,100079,209,99919,209,100105,100,99914,100,100183,100,99870,100,100336,100,99823,100,100666,100,99806,100,100797,100,99755,100,101152,100,99297,100
2019-06-28 09:46:00.000000000,100074,248,100033,348,100075,244,100001,344,100079,244,99984,244,100105,100,99919,100,100183,100,99914,100,100336,100,99870,100,100666,100,99823,100,100797,100,99806,100,101152,100,99755,100,101176,100,99297,100
2019-06-28 09:46:10.000000000,100074,209,100033,309,100075,209,100001,309,100079,209,99984,209,100105,209,99919,209,100183,100,99914,100,100336,100,99870,100,100666,100,99823,100,100797,100,99806,100,101152,100,99755,100,101176,100,99297,100
2019-06-28 09:46:11.681690816,100074,109,100033,309,100075,209,100001,309,100079,209,99984,209,100105,209,99919,209,100183,100,99914,100,100336,100,99870,100,100666,100,99823,100,100797,100,99806,100,101176,100,99755,100,101372,100,99297,100
2019-06-28 09:46:20.000000000,100075,536,100033,636,100079,100,100001,200,100105,100,99984,100,100183,100,99919,100,100336,100,99914,100,100666,100,99870,100,100797,100,99823,100,101176,100,99806,100,101372,100,99755,100,101663,100,99297,100
2019-06-28 09:46:30.000000000,100075,187,100033,287,100079,187,100001,287,100105,187,99984,187,100183,187,99919,187,100336,187,99914,187,100666,100,99870,100,100797,100,99823,100,101176,100,99806,100,101372,100,99755,100,101663,100,99297,100
2019-06-28 09:46:33.001102369,100075,187,100033,287,100079,187,100001,287,100105,187,99984,187,100183,187,99919,187,100310,100,99914,187,100336,187,99870,100,100666,100,99823,100,100797,100,99806,100,101176,100,99755,100,101372,100,99297,100
2019-06-28 09:46:35.187003633,100075,187,100070,100,100079,187,100033,287,100105,187,100001,287,100183,187,99984,187,100310,100,99919,187,100336,187,99914,187,100666,100,99870,100,100797,100,99823,100,101176,100,99806,100,101372,100,99755,100
2019-06-28 09:46:37.218431677,100075,187,100070,100,100079,187,100033,287,100105,187,100001,287,100183,187,99984,187,100310,100,99919,187,100336,187,99914,187,100522,100,99870,100,100666,100,99823,100,100797,100,99806,100,101176,100,99755,100
2019-06-28 09:46:40.000000000,100075,318,100070,318,100079,318,100033,418,100105,100,100001,200,100183,100,99984,100,100310,100,99919,100,100336,100,99914,100,100522,100,99870,100,100666,100,99823,100,100797,100,99806,100,101176,100,99755,100
2019-06-28 09:46:50.000000000,100075,318,100070,318,100079,318,100033,418,100105,100,100001,200,100183,100,99984,100,100310,100,99919,100,100336,100,99914,100,100522,100,99870,100,100666,100,99823,100,100797,100,99806,100,101176,100,99755,100
2019-06-28 09:46:55.572192419,100075,218,100070,318,100079,318,100033,418,100105,100,100001,200,100183,100,99984,100,100310,100,99919,100,100336,100,99914,100,100522,100,99870,100,100666,100,99823,100,100797,100,99806,100,101176,100,99755,100
2019-06-28 09:47:00.000000000,100079,209,100070,209,100105,209,100033,309,100183,209,100001,309,100310,209,99984,209,100336,100,99919,100,100522,100,99914,100,100666,100,99870,100,100797,100,99823,100,101176,100,99806,100,101372,100,99755,100
2019-06-28 09:47:01.643305958,100079,109,100070,209,100105,209,100033,309,100183,209,100001,309,100310,209,99984,209,100336,100,99919,100,100522,100,99914,100,100666,100,99870,100,100797,100,99823,100,101176,100,99806,100,101372,100,99755,100
2019-06-28 09:47:03.817859519,100079,109,100075,100,100105,209,100070,209,100183,209,100033,309,100310,209,100001,309,100336,100,99984,209,100522,100,99919,100,100666,100,99914,100,100797,100,99870,100,101176,100,99823,100,101372,100,99806,100
2019-06-28 09:47:10.000000000,100105,187,100075,187,100183,187,100070,187,100310,187,100033,287,100336,187,100001,287,100522,187,99984,187,100666,100,99919,100,100797,100,99914,100,101176,100,99870,100,101372,100,99823,100,101663,100,99806,100
2019-06-28 09:47:20.000000000,100105,536,100075,536,100183,100,100070,100,100310,100,100033,200,100336,100,100001,200,100522,100,99984,100,100666,100,99919,100,100797,100,99914,100,101176,100,99870,100,101372,100,99823,100,101663,100,99806,100
2019-06-28 09:47:30.000000000,100105,248,100075,248,100183,244,100070,244,100310,244,100033,344,100336,100,100001,200,100522,100,99984,100,100666,100,99919,100,100797,100,99914,100,101176,100,99870,100,101372,100,99823,100,101663,100,99806,100
2019-06-28 09:47:40.000000000,100105,209,100075,209,100183,209,100070,209,100310,209,100033,309,100336,209,100001,309,100522,100,99984,100,100666,100,99919,100,100797,100,99914,100,101176,100,99870,100,101372,100,99823,100,101663,100,99806,100
2019-06-28 09:47:48.670020942,100105,209,100075,309,100183,209,100070,209,100310,209,100033,209,100336,209,100001,309,100522,100,99984,100,100666,100,99919,100,100797,100,99914,100,101176,100,99870,100,101372,100,99823,100,101663,100,99806,100
2019-06-28 09:47:50.000000000,100105,209,100075,309,100183,209,100070,209,100310,209,100033,209,100336,209,100001,309,100522,100,99984,100,100666,100,99919,100,100797,100,99914,100,101176,100,99870,100,101372,100,99823,100,101663,100,99806,100
2019-06-28 09:48:00.000000000,100105,318,100075,418,100183,318,100070,318,100310,100,100033,100,100336,100,100001,200,100522,100,99984,100,100666,100,99919,100,100797,100,99914,100,101176,100,99870,100,101372,100,99823,100,101663,100,99806,100
2019-06-28 09:48:10.000000000,100105,318,100075,418,100183,318,100070,318,100310,100,100033,100,100336,100,100001,200,100522,100,99984,100,100666,100,99919,100,100797,100,99914,100,101176,100,99870,100,101372,100,99823,100,101663,100,99806,100
2019-06-28 09:48:19.635452628,100105,218,100075,418,100183,318,100070,318,100310,100,100033,100,100336,100,100001,200,100522,100,99984,100,100666,100,99919,100,100797,100,99914,100,101176,100,99870,100,101372,100,99823,100,101663,100,99806,100
2019-06-28 09:48:20.000000000,100183,248,100075,348,100310,244,100070,244,100336,244,100033,244,100522,100,100001,200,100666,100,99984,100,100797,100,99919,100,101176,100,99914,100,101372,100,99870,100,101663,100,99823,100,101763,100,99806,100
2019-06-28 09:48:30.000000000,100183,209,100075,309,100310,209,100070,209,100336,209,100033,209,100522,209,100001,309,100666,100,99984,100,100797,100,99919,100,101176,100,99914,100,101372,100,99870,100,101663,100,99823,100,101763,100,99806,100
2019-06-28 09:48:31.730305117,100183,209,100075,209,100310,209,100070,209,100336,209,100033,209,100522,209,100001,309,100666,100,99984,100,100797,100,99919,100,101176,100,99914,100,101372,100,99870,100,101663,100,99823,100,101781,100,99806,100
2019-06-28 09:48:40.000000000,100183,248,100075,248,100310,244,100070,244,100336,244,100033,244,100522,100,100001,200,100666,100,99984,100,100797,100,99919,100,101176,100,99914,100,101372,100,99870,100,101663,100,99823,100,101781,100,99806,100
2019-06-28 09:48:45.782514119,100183,248,100075,148,100310,244,100070,244,100336,244,100033,244,100522,100,100001,200,100666,100,99984,100,100797,100,99919,100,101176,100,99914,100,101372,100,99870,100,101663,100,99823,100,101781,100,99806,100
2019-06-28 09:48:48.051036292,100183,248,100075,48,100310,244,100070,244,100336,244,100033,244,100522,100,100001,200,100666,100,99984,100,100797,100,99919,100,101176,100,99914,100,101372,100,99870,100,101663,100,99823,100,101781,100,99806,100
2019-06-28 09:48:50.000000000,100183,536,100070,536,100310,100,100033,100,100336,100,100001,200,100522,100,99984,100,100666,100,99919,100,100797,100,99914,100,101176,100,99870,100,101372,100,99823,100,101663,100,99806,100,101781,100,99755,100
2019-06-28 09:48:56.477963727,100183,536,100070,436,100310,100,100033,100,100336,100,100001,200,100522,100,99984,100,100666,100,99919,100,100797,100,99914,100,101176,100,99870,100,101372,100,99823,100,101663,100,99806,100,101781,100,99755,100
2019-06-28 09:48:57.813299183,100183,536,100071,100,100310,100,100070,436,100336,100,100033,100,100522,100,100001,200,100666,100,99984,100,100797,100,99919,100,101176,100,99914,100,101372,100,99870,100,101663,100,99823,100,101781,100,99806,100
2019-06-28 09:49:00.000000000,100183,209,100071,209,100310,209,100033,209,100336,209,100001,309,100522,209,99984,209,100666,100,99919,100,100797,100,99914,100,101176,100,99870,100,101372,100,99823,100,101663,100,99806,100,101781,100,99755,100
2019-06-28 09:49:10.000000000,100183,248,100071,248,100310,244,100033,244,100336,244,100001,344,100522,100,99984,100,100666,100,99919,100,100797,100,99914,100,101176,100,99870,100,101372,100,99823,100,101663,100,99806,100,101781,100,99755,100
2019-06-28 09:49:10.703884341,100183,248,100071,248,100310,244,100033,244,100336,244,100001,344,100522,100,99984,100,100666,100,99919,100,100797,100,99914,100,101176,100,99870,100,101372,100,99823,100,101663,100,99806,100,101781,100,99782,100
2019-06-28 09:49:20.000000000,100183,209,100071,209,100310,209,100033,209,100336,209,100001,309,100522,209,99984,209,100666,100,99919,100,100797,100,99914,100,101176,100,99870,100,101372,100,99823,100,101663,100,99806,100,101781,100,99782,100
2019-06-28 09:49:30.000000000,100183,248,100071,248,100310,244,100033,244,100336,244,100001,344,100522,100,99984,100,100666,100,99919,100,100797,100,99914,100,101176,100,99870,100,101372,100,99823,100,101663,100,99806,100,101781,100,99782,100
2019-06-28 09:49:40.000000000,100183,536,100071,536,100310,100,100033,100,100336,100,100001,200,100522,100,99984,100,100666,100,99919,100,100797,100,99914,100,101176,100,99870,100,101372,100,99823,100,101663,100,99806,100,101781,100,99782,100
2019-06-28 09:49:50.000000000,100183,209,100071,209,100310,209,100033,209,100336,209,100001,309,100522,209,99984,209,100666,100,99919,100,100797,100,99914,100,101176,100,99870,100,101372,100,99823,100,101663,100,99806,100,101781,100,99782,100
2019-06-28 09:50:00.000000000,100183,248,100071,248,100310,244,100033,244,100336,244,100001,344,100522,100,99984,100,100666,100,99919,100,100797,100,99914,100,101176,100,99870,100,101372,100,99823,100,101663,100,99806,100,101781,100,99782,100
2019-06-28 09:50:00.491383728,100075,100,100071,248,100183,248,100033,244,100310,244,100001,344,100336,244,99984,100,100522,100,99919,100,100666,100,99914,100,100797,100,99870,100,101176,100,99823,100,101372,100,99806,100,101663,100,99782,100
2019-06-28 09:50:07.638625432,100075,100,100071,248,100183,248,100033,244,100310,244,100001,344,100336,244,99984,100,100522,100,99919,100,100666,100,99914,100,101176,100,99870,100,101372,100,99823,100,101663,100,99806,100,101781,100,99782,100
2019-06-28 09:50:10.000000000,100075,248,100071,248,100183,244,100033,244,100310,244,100001,344,100336,100,99984,100,100522,100,99919,100,100666,100,99914,100,101176,100,99870,100,101372,100,99823,100,101663,100,99806,100,101781,100,99782,100
2019-06-28 09:50:20.000000000,100075,209,100071,209,100183,209,100033,209,100310,209,100001,309,100336,209,99984,209,100522,100,99919,100,100666,100,99914,100,101176,100,99870,100,101372,100,99823,100,101663,100,99806,100,101781,100,99782,100
2019-06-28 09:50:30.000000000,100075,318,100071,318,100183,318,100033,318,100310,100,100001,200,100336,100,99984,100,100522,100,99919,100,100666,100,99914,100,101176,100,99870,100,101372,100,99823,100,101663,100,99806,100,101781,100,99782,100
2019-06-28 09:50:39.930211988,100075,318,100071,318,100183,318,100033,318,100310,100,100001,200,100336,100,99984,100,100522,100,99919,100,100666,100,99914,100,101176,100,99870,100,101372,100,99823,100,101663,100,99806,100,101781,100,99782,100
2019-06-28 09:50:40.000000000,100075,536,100071,536,100183,100,100033,100,100310,100,100001,200,100336,100,99984,100,100522,100,99919,100,100666,100,99914,100,101176,100,99870,100,101372,100,99823,100,101663,100,99806,100,101781,100,99782,100
2019-06-28 09:50:50.000000000,100075,209,100071,209,100183,209,100033,209,100310,209,100001,309,100336,209,99984,209,100522,100,99919,100,100666,100,99914,100,101176,100,99870,100,101372,100,99823,100,101663,100,99806,100,101781,100,99782,100
2019-06-28 09:50:54.475306451,100075,309,100071,209,100183,209,100033,209,100310,209,100001,309,100336,209,99984,209,100522,100,99919,100,100666,100,99914,100,101176,100,99870,100,101372,100,99823,100,101663,100,99806,100,101781,100,99782,100
2019-06-28 09:51:00.000000000,100075,418,100071,318,100183,318,100033,318,100310,100,100001,200,100336,100,99984,100,100522,100,99919,100,100666,100,99914,100,101176,100,99870,100,101372,100,99823,100,101663,100,99806,100,101781,100,99782,100
2019-06-28 09:51:10.000000000,100075,348,100071,248,100183,244,100033,244,100310,244,100001,344,100336,100,99984,100,100522,100,99919,100,100666,100,99914,100,101176,100,99870,100,101372,100,99823,100,101663,100,99806,100,101781,100,99782,100
2019-06-28 09:51:12.088302209,100075,348,100071,148,100183,244,100033,244,100310,244,100001,344,100336,100,99984,100,100522,100,99919,100,100666,100,99914,100,101176,100,99870,100,101372,100,99823,100,101663,100,99806,100,101781,100,99782,100
2019-06-28 09:51:20.000000000,100075,287,100033,187,100183,187,100001,287,100310,187,99984,187,100336,187,99919,187,100522,187,99914,187,100666,100,99870,100,101176,100,99823,100,101372,100,99806,100,101663,100,99782,100,101781,100,99755,100
2019-06-28 09:51:30.000000000,100075,348,100033,248,100183,244,100001,344,100310,244,99984,244,100336,100,99919,100,100522,100,99914,100,100666,100,99870,100,101176,100,99823,100,101372,100,99806,100,101663,100,99782,100,101781,100,99755,100
2019-06-28 09:51:40.000000000,100075,287,100033,187,100183,187,100001,287,100310,187,99984,187,100336,187,99919,187,100522,187,99914,187,100666,100,99870,100,101176,100,99823,100,101372,100,99806,100,101663,100,99782,100,101781,100,99755,100
2019-06-28 09:51:50.000000000,100075,287,100033,187,100183,187,100001,287,100310,187,99984,187,100336,187,99919,187,100522,187,99914,187,100666,100,99870,100,101176,100,99823,100,101372,100,99806,100,101663,100,99782,100,101781,100,99755,100
2019-06-28 09:51:53.949412451,100075,287,100033,87,100183,187,100001,287,100310,187,99984,187,100336,187,99919,187,100522,187,99914,187,100666,100,99870,100,101176,100,99823,100,101372,100,99806,100,101663,100,99782,100,101781,100,99755,100
2019-06-28 09:52:00.000000000,100075,287,100001,287,100183,187,99984,187,100310,187,99919,187,100336,187,99914,187,100522,187,99870,187,100666,100,99823,100,101176,100,99806,100,101372,100,99782,100,101663,100,99755,100,101781,100,99507,100
2019-06-28 09:52:10.000000000,100075,418,100001,418,100183,318,99984,318,100310,100,99919,100,100336,100,99914,100,100522,100,99870,100,100666,100,99823,100,101176,100,99806,100,101372,100,99782,100,101663,100,99755,100,101781,100,99507,100
2019-06-28 09:52:15.663703643,100075,418,100001,418,100183,318,99984,318,100310,100,99919,100,100336,100,99914,100,100522,100,99870,100,100666,100,99823,100,101176,100,99806,100,101372,100,99782,100,101663,100,99755,100,101781,100,99507,100
2019-06-28 09:52:20.000000000,100075,418,100001,418,100183,318,99984,318,100310,100,99919,100,100336,100,99914,100,100522,100,99870,100,100666,100,99823,100,101176,100,99806,100,101372,100,99782,100,101663,100,99755,100,101781,100,99507,100
2019-06-28 09:52:30.000000000,100075,309,100001,309,100183,209,99984,209,100310,209,99919,209,100336,209,99914,209,100522,100,99870,100,100666,100,99823,100,101176,100,99806,100,101372,100,99782,100,101663,100,99755,100,101781,100,99507,100
2019-06-28 09:52:32.479297489,100075,309,100001,309,100183,209,99984,209,100310,209,99919,209,100336,209,99914,209,100522,100,99870,100,100666,100,99823,100,101176,100,99806,100,101372,100,99782,100,101663,100,99507,100,101781,100,99378,100
2019-06-28 09:52:39.560106937,100075,309,100001,309,100183,209,99984,209,100310,209,99919,209,100336,209,99914,209,100522,100,99870,100,100666,100,99823,100,101176,100,99806,100,101372,100,99782,100,101663,100,99507,100,101781,100,99378,100
2019-06-28 09:52:40.000000000,100075,287,100001,287,100183,187,99984,187,100310,187,99919,187,100336,187,99914,187,100522,187,99870,187,100666,100,99823,100,101176,100,99806,100,101372,100,99782,100,101663,100,99507,100,101781,100,99378,100
2019-06-28 09:52:50.000000000,100075,348,100001,348,100183,244,99984,244,100310,244,99919,244,100336,100,99914,100,100522,100,99870,100,100666,100,99823,100,101176,100,99806,100,101372,100,99782,100,101663,100,99507,100,101781,100,99378,100
2019-06-28 09:53:00.000000000,100075,636,100001,636,100183,100,99984,100,100310,100,99919,100,100336,100,99914,100,100522,100,99870,100,100666,100,99823,100,101176,100,99806,100,101372,100,99782,100,101663,100,99507,100,101781,100,99378,100
2019-06-28 09:53:10.000000000,100075,348,100001,348,100183,244,99984,244,100310,244,99919,244,100336,100,99914,100,100522,100,99870,100,100666,100,99823,100,101176,100,99806,100,101372,100,99782,100,101663,100,99507,100,101781,100,99378,100
2019-06-28 09:53:18.956749719,100071,100,100001,348,100075,348,99984,244,100183,244,99919,244,100310,244,99914,100,100336,100,99870,100,100522,100,99823,100,100666,100,99806,100,101176,100,99782,100,101372,100,99507,100,101663,100,99378,100
2019-06-28 09:53:20.000000000,100071,209,100001,309,100075,309,99984,209,100183,209,99919,209,100310,209,99914,209,100336,100,99870,100,100522,100,99823,100,100666,100,99806,100,101176,100,99782,100,101372,100,99507,100,101663,100,99378,100
2019-06-28 09:53:30.000000000,100071,248,100001,348,100075,344,99984,244,100183,244,99919,244,100310,100,99914,100,100336,100,99870,100,100522,100,99823,100,100666,100,99806,100,101176,100,99782,100,101372,100,99507,100,101663,100,99378,100
2019-06-28 09:53:40.000000000,100071,209,100001,309,100075,309,99984,209,100183,209,99919,209,100310,209,99914,209,100336,100,99870,100,100522,100,99823,100,100666,100,99806,100,101176,100,99782,100,101372,100,99507,100,101663,100,99378,100
2019-06-28 09:53:44.071808380,100071,209,100001,309,100075,309,99984,209,100183,209,99919,209,100310,209,99914,209,100522,100,99870,100,100666,100,99823,100,101176,100,99806,100,101372,100,99782,100,101663,100,99533,100,101781,100,99507,100
2019-06-28 09:53:50.000000000,100071,187,100001,287,100075,287,99984,187,100183,187,99919,187,100310,187,99914,187,100522,187,99870,187,100666,100,99823,100,101176,100,99806,100,101372,100,99782,100,101663,100,99533,100,101781,100,99507,100
2019-06-28 09:54:00.000000000,100071,187,100001,287,100075,287,99984,187,100183,187,99919,187,100310,187,99914,187,100522,187,99870,187,100666,100,99823,100,101176,100,99806,100,101372,100,99782,100,101663,100,99533,100,101781,100,99507,100
2019-06-28 09:54:03.310630310,100071,287,100001,287,100075,187,99984,187,100183,187,99919,187,100310,187,99914,187,100522,187,99870,187,100666,100,99823,100,101176,100,99806,100,101372,100,99782,100,101663,100,99533,100,101781,100,99507,100
2019-06-28 09:54:06.033305517,100071,287,100001,187,100075,187,99984,187,100183,187,99919,187,100310,187,99914,187,100522,187,99870,187,100666,100,99823,100,101176,100,99806,100,101372,100,99782,100,101781,100,99533,100,,,99507,100
2019-06-28 09:54:10.000000000,100071,287,100001,187,100075,187,99984,187,100183,187,99919,187,100310,187,99914,187,100522,187,99870,187,100666,100,99823,100,101176,100,99806,100,101372,100,99782,100,101781,100,99533,100,,,99507,100
2019-06-28 09:54:20.000000000,100071,636,100001,536,100075,100,99984,100,100183,100,99919,100,100310,100,99914,100,100522,100,99870,100,100666,100,99823,100,101176,100,99806,100,101372,100,99782,100,101781,100,99533,100,,,99507,100
2019-06-28 09:54:30.000000000,100071,418,100001,318,100075,318,99984,318,100183,100,99919,100,100310,100,99914,100,100522,100,99870,100,100666,100,99823,100,101176,100,99806,100,101372,100,99782,100,101781,100,99533,100,,,99507,100
2019-06-28 09:54:40.000000000,100071,636,100001,536,100075,100,99984,100,100183,100,99919,100,100310,100,99914,100,100522,100,99870,100,100666,100,99823,100,101176,100,99806,100,101372,100,99782,100,101781,100,99533,100,,,99507,100
2019-06-28 09:54:40.058084941,100071,636,100001,436,100075,100,99984,100,100183,100,99919,100,100310,100,99914,100,100666,100,99870,100,101176,100,99823,100,101372,100,99806,100,101781,100,99782,100,,,99533,100,,,99507,100
2019-06-28 09:54:50.000000000,100071,348,99984,248,100075,244,99919,244,100183,244,99914,244,100310,100,99870,100,100666,100,99823,100,101176,100,99806,100,101372,100,99782,100,101781,100,99533,100,,,99507,100,,,99378,100
2019-06-28 09:54:53.111768987,100001,100,99984,248,100071,348,99919,244,100075,244,99914,244,100183,244,99870,100,100310,100,99823,100,100666,100,99806,100,101176,100,99782,100,101372,100,99533,100,101781,100,99507,100,,,99378,100
2019-06-28 09:55:00.000000000,100001,248,99984,248,100071,344,99919,244,100075,244,99914,244,100183,100,99870,100,100310,100,99823,100,100666,100,99806,100,101176,100,99782,100,101372,100,99533,100,101781,100,99507,100,,,99378,100
2019-06-28 09:55:10.000000000,100001,209,99984,209,100071,309,99919,209,100075,209,99914,209,100183,209,99870,209,100310,100,99823,100,100666,100,99806,100,101176,100,99782,100,101372,100,99533,100,101781,100,99507,100,,,99378,100
2019-06-28 09:55:12.606938078,100001,209,99984,109,100071,309,99919,209,100075,209,99914,209,100183,209,99870,209,100310,100,99823,100,100666,100,99806,100,101176,100,99782,100,101372,100,99533,100,101781,100,99507,100,,,99378,100
2019-06-28 09:55:20.000000000,100001,536,99919,536,100071,200,99914,100,100075,100,99870,100,100183,100,99823,100,100310,100,99806,100,100666,100,99782,100,101176,100,99533,100,101372,100,99507,100,101781,100,99378,100,,,99297,100
2019-06-28 09:55:27.705832548,100000,100,99919,536,100001,536,99914,100,100071,200,99870,100,100075,100,99823,100,100183,100,99806,100,100310,100,99782,100,100666,100,99533,100,101176,100,99507,100,101372,100,99378,100,101781,100,99297,100
2019-06-28 09:55:30.000000000,100000,318,99919,318,100001,318,99914,318,100071,200,99870,100,100075,100,99823,100,100183,100,99806,100,100310,100,99782,100,100666,100,99533,100,101176,100,99507,100,101372,100,99378,100,101781,100,99297,100
2019-06-28 09:55:40.000000000,100000,248,99919,248,100001,244,99914,244,100071,344,99870,244,100075,100,99823,100,100183,100,99806,100,100310,100,99782,100,100666,100,99533,100,101176,100,99507,100,101372,100,99378,100,101781,100,99297,100
2019-06-28 09:55:45.425212914,100000,248,99919,248,100001,244,99914,244,100071,344,99870,244,100075,100,99823,100,100183,100,99806,100,100310,100,99782,100,100666,100,99604,100,101176,100,99533,100,101372,100,99507,100,101781,100,99378,100
2019-06-28 09:55:50.000000000,100000,536,99919,536,100001,100,99914,100,100071,200,99870,100,100075,100,99823,100,100183,100,99806,100,100310,100,99782,100,100666,100,99604,100,101176,100,99533,100,101372,100,99507,100,101781,100,99378,100
2019-06-28 09:55:52.202204210,100000,536,99919,536,100001,100,99914,100,100071,200,99870,100,100075,100,99823,100,100183,100,99782,100,100310,100,99604,100,100666,100,99533,100,101176,100,99507,100,101372,100,99444,100,101781,100,99378,100
2019-06-28 09:56:00.000000000,100000,536,99919,536,100001,100,99914,100,100071,200,99870,100,100075,100,99823,100,100183,100,99782,100,100310,100,99604,100,100666,100,99533,100,101176,100,99507,100,101372,100,99444,100,101781,100,99378,100
2019-06-28 09:56:10.000000000,100000,209,99919,209,100001,209,99914,209,100071,309,99870,209,100075,209,99823,209,100183,100,99782,100,100310,100,99604,100,100666,100,99533,100,101176,100,99507,100,101372,100,99444,100,101781,100,99378,100
2019-06-28 09:56:20.000000000,100000,318,99919,318,100001,318,99914,318,100071,200,99870,100,100075,100,99823,100,100183,100,99782,100,100310,100,99604,100,100666,100,99533,100,101176,100,99507,100,101372,100,99444,100,101781,100,99378,100
2019-06-28 09:56:23.227875146,99979,100,99919,318,100000,318,99914,318,100001,318,99870,100,100071,200,99823,100,100075,100,99782,100,100183,100,99604,100,100310,100,99533,100,100666,100,99507,100,101176,100,99444,100,101372,100,99378,100
2019-06-28 09:56:30.000000000,99979,209,99919,209,100000,209,99914,209,100001,209,99870,209,100071,309,99823,209,100075,100,99782,100,100183,100,99604,100,100310,100,99533,100,100666,100,99507,100,101176,100,99444,100,101372,100,99378,100
2019-06-28 09:56:40.000000000,99979,536,99919,536,100000,100,99914,100,100001,100,99870,100,100071,200,99823,100,100075,100,99782,100,100183,100,99604,100,100310,100,99533,100,100666,100,99507,100,101176,100,99444,100,101372,100,99378,100
2019-06-28 09:56:40.265282491,99979,536,99919,536,100000,100,99914,100,100001,100,99870,100,100071,200,99823,100,100075,100,99782,100,100183,100,99604,100,100310,100,99533,100,100440,100,99507,100,100666,100,99444,100,101176,100,99378,100
2019-06-28 09:56:44.092377388,99979,436,99919,536,100000,100,99914,100,100001,100,99870,100,100071,200,99823,100,100075,100,99782,100,100183,100,99604,100,100310,100,99533,100,100440,100,99507,100,100666,100,99444,100,101176,100,99378,100
2019-06-28 09:56:50.000000000,100000,248,99919,248,100001,244,99914,244,100071,344,99870,244,100075,100,99823,100,100183,100,99782,100,100310,100,99604,100,100440,100,99533,100,100666,100,99507,100,101176,100,99444,100,101372,100,99378,100
2019-06-28 09:56:52.397007977,100000,248,99919,248,100001,244,99914,244,100064,100,99870,244,100071,344,99823,100,100075,100,99782,100,100183,100,99604,100,100310,100,99533,100,100440,100,99507,100,100666,100,99444,100,101176,100,99378,100
2019-06-28 09:56:58.189016897,100000,248,99919,248,100001,244,99914,244,100064,100,99870,244,100071,344,99866,100,100075,100,99823,100,100183,100,99782,100,100310,100,99604,100,100440,100,99533,100,100666,100,99444,100,101176,100,99378,100
2019-06-28 09:57:00.000000000,100000,187,99919,187,100001,187,99914,187,100064,187,99870,187,100071,287,99866,187,100075,187,99823,187,100183,100,99782,100,100310,100,99604,100,100440,100,99533,100,100666,100,99444,100,101176,100,99378,100
2019-06-28 09:57:10.000000000,100000,536,99919,536,100001,100,99914,100,100064,100,99870,100,100071,200,99866,100,100075,100,99823,100,100183,100,99782,100,100310,100,99604,100,100440,100,99533,100,100666,100,99444,100,101176,100,99378,100
2019-06-28 09:57:14.903768388,99978,100,99919,536,100000,536,99914,100,100001,100,99870,100,100064,100,99866,100,100071,200,99823,100,100075,100,99782,100,100183,100,99604,100,100310,100,99533,100,100440,100,99444,100,100666,100,99378,100
2019-06-28 09:57:20.000000000,99978,187,99919,187,100000,187,99914,187,100001,187,99870,187,100064,187,99866,187,100071,287,99823,187,100075,100,99782,100,100183,100,99604,100,100310,100,99533,100,100440,100,99444,100,100666,100,99378,100
2019-06-28 09:57:21.753728427,99978,187,99919,187,100000,187,99914,187,100001,187,99870,187,100038,100,99866,187,100064,187,99823,187,100071,287,99782,100,100075,100,99604,100,100183,100,99533,100,100310,100,99444,100,100440,100,99378,100
2019-06-28 09:57:22.225097425,99978,287,99919,187,100000,187,99914,187,100001,187,99870,187,100038,100,99866,187,100064,187,99823,187,100071,287,99782,100,100075,100,99604,100,100183,100,99533,100,100310,100,99444,100,100440,100,99378,100
2019-06-28 09:57:30.000000000,99978,348,99919,248,100000,244,99914,244,100001,244,99870,244,100038,100,99866,100,100064,100,99823,100,100071,200,99782,100,100075,100,99604,100,100183,100,99533,100,100310,100,99444,100,100440,100,99378,100
2019-06-28 09:57:38.617347302,99978,348,99919,248,100000,244,99914,244,100001,244,99870,244,100022,100,99866,100,100038,100,99823,100,100064,100,99782,100,100071,200,99604,100,100075,100,99533,100,100183,100,99444,100,100310,100,99378,100
2019-06-28 09:57:40.000000000,99978,418,99919,318,100000,318,99914,318,100001,100,99870,100,100022,100,99866,100,100038,100,99823,100,100064,100,99782,100,100071,200,99604,100,100075,100,99533,100,100183,100,99444,100,100310,100,99378,100
2019-06-28 09:57:42.330719731,99978,418,99919,318,100000,318,99914,318,100001,100,99870,100,100022,100,99866,100,100038,100,99823,100,100064,100,99782,100,100071,200,99604,100,100075,100,99533,100,100127,100,99444,100,100183,100,99378,100
2019-06-28 09:57:50.000000000,99978,418,99919,318,100000,318,99914,318,100001,100,99870,100,100022,100,99866,100,100038,100,99823,100,100064,100,99782,100,100071,200,99604,100,100075,100,99533,100,100127,100,99444,100,100183,100,99378,100
2019-06-28 09:57:56.635754253,99978,318,99919,218,100000,318,99914,318,100001,100,99870,100,100022,100,99866,100,100038,100,99823,100,100064,100,99782,100,100071,200,99604,100,100075,100,99533,100,100127,100,99444,100,100183,100,99378,100
2019-06-28 09:58:00.000000000,99978,187,99914,187,100000,187,99870,187,100001,187,99866,187,100022,187,99823,187,100038,187,99782,187,100064,100,99604,100,100071,200,99533,100,100075,100,99444,100,100127,100,99378,100,100183,100,99297,100
2019-06-28 09:58:10.000000000,99978,536,99914,536,100000,100,99870,100,100001,100,99866,100,100022,100,99823,100,100038,100,99782,100,100064,100,99604,100,100071,200,99533,100,100075,100,99444,100,100127,100,99378,100,100183,100,99297,100
2019-06-28 09:58:14.969204006,99978,536,99914,536,100000,100,99870,100,100001,100,99866,100,100022,100,99823,100,100038,100,99801,100,100064,100,99782,100,100071,200,99604,100,100075,100,99533,100,100127,100,99444,100,100183,100,99378,100
2019-06-28 09:58:17.389725636,99978,536,99914,536,100000,100,99870,100,100001,100,99866,100,100022,100,99823,100,100038,100,99801,100,100064,100,99782,100,100071,200,99604,100,100075,100,99533,100,100127,100,99444,100,100183,100,99378,100
2019-06-28 09:58:20.000000000,99978,536,99914,536,100000,100,99870,100,100001,100,99866,100,100022,100,99823,100,100038,100,99801,100,100064,100,99782,100,100071,200,99604,100,100075,100,99533,100,100127,100,99444,100,100183,100,99378,100
2019-06-28 09:58:30.000000000,99978,318,99914,318,100000,318,99870,318,100001,100,99866,100,100022,100,99823,100,100038,100,99801,100,100064,100,99782,100,100071,200,99604,100,100075,100,99533,100,100127,100,99444,100,100183,100,99378,100
2019-06-28 09:58:40.000000000,99978,187,99914,187,100000,187,99870,187,100001,187,99866,187,100022,187,99823,187,100038,187,99801,187,100064,100,99782,100,100071,200,99604,100,100075,100,99533,100,100127,100,99444,100,100183,100,99378,100
2019-06-28 09:58:48.199933871,99978,187,99914,187,100000,187,99870,187,100001,187,99866,187,100022,187,99823,187,100038,187,99801,187,100064,100,99782,100,100071,200,99604,100,100075,100,99600,100,100127,100,99533,100,100183,100,99444,100
2019-06-28 09:58:50.000000000,99978,536,99914,536,100000,100,99870,100,100001,100,99866,100,100022,100,99823,100,100038,100,99801,100,100064,100,99782,100,100071,200,99604,100,100075,100,99600,100,100127,100,99533,100,100183,100,99444,100
2019-06-28 09:59:00.000000000,99978,536,99914,536,100000,100,99870,100,100001,100,99866,100,100022,100,99823,100,100038,100,99801,100,100064,100,99782,100,100071,200,99604,100,100075,100,99600,100,100127,100,99533,100,100183,100,99444,100
2019-06-28 09:59:01.501108251,99978,536,99914,436,100000,100,99870,100,100001,100,99866,100,100022,100,99801,100,100038,100,99782,100,100064,100,99604,100,100071,200,99600,100,100075,100,99533,100,100127,100,99444,100,100183,100,99378,100
2019-06-28 09:59:07.747415432,99978,536,99914,436,100000,100,99870,100,100001,100,99866,100,100022,100,99801,100,100038,100,99782,100,100064,100,99604,100,100071,200,99600,100,100075,100,99533,100,100127,100,99444,100,100141,100,99378,100
2019-06-28 09:59:08.906798172,99978,536,99914,436,100000,100,99870,100,100001,100,99866,100,100005,100,99801,100,100022,100,99782,100,100038,100,99604,100,100064,100,99600,100,100071,200,99533,100,100075,100,99444,100,100127,100,99378,100
2019-06-28 09:59:10.000000000,99978,187,99870,187,100000,187,99866,187,100001,187,99801,187,100005,187,99782,187,100022,187,99604,187,100038,100,99600,100,100064,100,99533,100,100071,200,99444,100,100075,100,99378,100,100127,100,99297,100
2019-06-28 09:59:12.072477372,99978,187,99934,100,100000,187,99870,187,100001,187,99866,187,100005,187,99801,187,100022,187,99782,187,100038,100,99604,187,100064,100,99600,100,100071,200,99533,100,100075,100,99444,100,100127,100,99378,100
2019-06-28 09:59:20.000000000,99978,248,99934,248,100000,244,99870,244,100001,244,99866,244,100005,100,99801,100,100022,100,99782,100,100038,100,99604,100,100064,100,99600,100,100071,200,99533,100,100075,100,99444,100,100127,100,99378,100
2019-06-28 09:59:21.444719675,99977,100,99934,248,99978,248,99870,244,100000,244,99866,244,100001,244,99801,100,100005,100,99782,100,100022,100,99604,100,100038,100,99600,100,100064,100,99533,100,100071,200,99444,100,100075,100,99378,100
2019-06-28 09:59:28.095606352,99977,100,99934,248,99978,248,99883,100,100000,244,99870,244,100001,244,99866,244,100005,100,99801,100,100022,100,99782,100,100038,100,99604,100,100064,100,99600,100,100071,200,99533,100,100075,100,99444,100
2019-06-28 09:59:30.000000000,99977,536,99934,536,99978,100,99883,100,100000,100,99870,100,100001,100,99866,100,100005,100,99801,100,100022,100,99782,100,100038,100,99604,100,100064,100,99600,100,100071,200,99533,100,100075,100,99444,100
2019-06-28 09:59:40.000000000,99977,209,99934,209,99978,209,99883,209,100000,209,99870,209,100001,209,99866,209,100005,100,99801,100,100022,100,99782,100,100038,100,99604,100,100064,100,99600,100,100071,200,99533,100,100075,100,99444,100
2019-06-28 09:59:45.342322069,99977,309,99934,209,99978,209,99883,209,100000,209,99870,209,100001,209,99866,209,100005,100,99801,100,100022,100,99782,100,100038,100,99604,100,100064,100,99600,100,100071,200,99533,100,100075,100,99444,100
2019-06-28 09:59:46.121858221,99977,309,99934,209,99978,209,99883,209,100000,209,99870,109,100001,209,99866,209,100005,100,99801,100,100022,100,99782,100,100038,100,99604,100,100064,100,99600,100,100071,200,99533,100,100075,100,99444,100
2019-06-28 09:59:50.000000000,99977,309,99934,209,99978,209,99883,209,100000,209,99866,209,100001,209,99801,209,100005,100,99782,100,100022,100,99604,100,100038,100,99600,100,100064,100,99533,100,100071,200,99444,100,100075,100,99416,100
2019-06-28 10:00:00.000000000,99977,309,99934,209,99978,209,99883,209,100000,209,99866,209,100001,209,99801,209,100005,100,99782,100,100022,100,99604,100,100038,100,99600,100,100064,100,99533,100,100071,200,99444,100,100075,100,99416,100
2019-06-28 10:00:10.000000000,99977,287,99934,187,99978,187,99883,187,100000,187,99866,187,100001,187,99801,187,100005,187,99782,187,100022,100,99604,100,100038,100,99600,100,100064,100,99533,100,100071,200,99444,100,100075,100,99416,100
2019-06-28 10:00:17.368637425,99977,187,99934,187,99978,187,99920,100,100000,187,99883,187,100001,187,99866,187,100005,187,99801,187,100022,100,99782,187,100038,100,99604,100,100064,100,99600,100,100071,200,99533,100,100075,100,99444,100
2019-06-28 10:00:18.772267533,99977,187,99934,187,99978,187,99920,100,100000,187,99883,187,100001,187,99866,187,100005,187,99801,187,100022,100,99782,187,100038,100,99604,100,100064,100,99600,100,100071,200,99533,100,100075,100,99444,100
2019-06-28 10:00:20.000000000,99977,187,99934,187,99978,187,99920,187,100000,187,99883,187,100001,187,99866,187,100005,187,99801,187,100022,100,99782,100,100038,100,99604,100,100064,100,99600,100,100071,200,99533,100,100075,100,99444,100
2019-06-28 10:00:30.000000000,99977,248,99934,248,99978,244,99920,244,100000,244,99883,244,100001,100,99866,100,100005,100,99801,100,100022,100,99782,100,100038,100,99604,100,100064,100,99600,100,100071,200,99533,100,100075,100,99444,100
2019-06-28 10:00:40.000000000,99977,187,99934,187,99978,187,99920,187,100000,187,99883,187,100001,187,99866,187,100005,187,99801,187,100022,100,99782,100,100038,100,99604,100,100064,100,99600,100,100071,200,99533,100,100075,100,99444,100
2019-06-28 10:00:43.523970794,99977,87,99934,187,99978,187,99920,187,100000,187,99883,187,100001,187,99866,187,100005,187,99801,187,100022,100,99782,100,100038,100,99604,100,100064,100,99600,100,100071,200,99533,100,100075,100,99444,100
2019-06-28 10:00:50.000000000,99978,536,99934,536,100000,100,99920,100,100001,100,99883,100,100005,100,99866,100,100022,100,99801,100,100038,100,99782,100,100064,100,99604,100,100071,200,99600,100,100075,100,99533,100,100107,100,99444,100
2019-06-28 10:01:00.000000000,99978,536,99934,536,100000,100,99920,100,100001,100,99883,100,100005,100,99866,100,100022,100,99801,100,100038,100,99782,100,100064,100,99604,100,100071,200,99600,100,100075,100,99533,100,100107,100,99444,100
2019-06-28 10:01:04.620241814,99978,436,99934,536,100000,100,99920,100,100001,100,99883,100,100005,100,99866,100,100022,100,99801,100,100038,100,99782,100,100064,100,99604,100,100071,200,99600,100,100075,100,99533,100,100107,100,99444,100
2019-06-28 10:01:10.000000000,100000,187,99934,187,100001,187,99920,187,100005,187,99883,187,100022,187,99866,187,100038,187,99801,187,100064,100,99782,100,100071,200,99604,100,100075,100,99600,100,100107,100,99533,100,100127,100,99444,100
2019-06-28 10:01:16.198864751,100000,187,99994,100,100001,187,99934,187,100005,187,99920,187,100022,187,99883,187,100038,187,99866,187,100064,100,99801,87,100071,200,99782,100,100075,100,99604,100,100107,100,99600,100,100127,100,99533,100
2019-06-28 10:01:20.000000000,100000,248,99994,248,100001,244,99934,244,100005,244,99920,244,100022,100,99883,100,100038,100,99866,100,100064,100,99782,100,100071,200,99604,100,100075,100,99600,100,100107,100,99533,100,100127,100,99444,100
2019-06-28 10:01:26.384230334,100000,248,99994,248,100001,244,99934,244,100005,244,99920,244,100022,100,99883,100,100038,100,99866,100,100064,100,99782,100,100071,200,99604,100,100075,100,99600,100,100107,100,99533,100,100127,100,99444,100
2019-06-28 10:01:30.000000000,100000,187,99994,187,100001,187,99934,187,100005,187,99920,187,100022,187,99883,187,100038,187,99866,187,100064,100,99782,100,100071,200,99604,100,100075,100,99600,100,100107,100,99533,100,100127,100,99444,100
2019-06-28 10:01:35.704057930,100000,187,99994,187,100001,187,99977,100,100005,187,99934,187,100022,187,99920,187,100038,187,99883,187,100064,100,99866,187,100071,200,99782,100,100075,100,99604,100,100107,100,99600,100,100127,100,99533,100
2019-06-28 10:01:37.282893767,100000,87,99994,187,100001,187,99977,100,100005,187,99934,187,100022,187,99920,187,100038,187,99883,187,100064,100,99866,187,100071,200,99782,100,100075,100,99604,100,100107,100,99600,100,100127,100,99533,100
2019-06-28 10:01:40.000000000,100001,248,99994,248,100005,244,99977,244,100022,244,99934,244,100038,100,99920,100,100064,100,99883,100,100071,200,99866,100,100075,100,99782,100,100107,100,99604,100,100127,100,99600,100,100141,100,99533,100
2019-06-28 10:01:44.305726847,100001,148,99994,248,100005,244,99977,244,100022,244,99934,244,100038,100,99920,100,100064,100,99883,100,100071,200,99866,100,100075,100,99782,100,100107,100,99604,100,100127,100,99600,100,100141,100,99533,100
2019-06-28 10:01:46.931833791,100001,148,100000,100,100005,244,99994,248,100022,244,99977,244,100038,100,99934,244,100064,100,99920,100,100071,200,99883,100,100075,100,99866,100,100107,100,99782,100,100127,100,99604,100,100141,100,99600,100
2019-06-28 10:01:50.000000000,100005,318,100000,318,100022,318,99994,318,100038,100,99977,100,100064,100,99934,100,100071,200,99920,100,100075,100,99883,100,100107,100,99866,100,100127,100,99782,100,100141,100,99604,100,100183,100,99600,100
2019-06-28 10:02:00.000000000,100005,318,100000,318,100022,318,99994,318,100038,100,99977,100,100064,100,99934,100,100071,200,99920,100,100075,100,99883,100,100107,100,99866,100,100127,100,99782,100,100141,100,99604,100,100183,100,99600,100
2019-06-28 10:02:10.000000000,100005,536,100000,536,100022,100,99994,100,100038,100,99977,100,100064,100,99934,100,100071,200,99920,100,100075,100,99883,100,100107,100,99866,100,100127,100,99782,100,100141,100,99604,100,100183,100,99600,100
2019-06-28 10:02:20.000000000,100005,209,100000,209,100022,209,99994,209,100038,209,99977,209,100064,209,99934,209,100071,200,99920,100,100075,100,99883,100,100107,100,99866,100,100127,100,99782,100,100141,100,99604,100,100183,100,99600,100
2019-06-28 10:02:21.232923920,100005,209,100000,209,100022,209,99994,209,100038,209,99977,209,100064,209,99934,209,100071,200,99920,100,100075,100,99883,100,100107,100,99866,100,100127,100,99782,100,100141,100,99604,100,100183,100,99600,100
2019-06-28 10:02:22.611205222,100005,209,100000,209,100022,209,99994,209,100038,209,99977,209,100064,209,99934,209,100071,200,99920,100,100075,100,99883,100,100107,100,99866,100,100119,100,99782,100,100127,100,99604,100,100141,100,99600,100
2019-06-28 10:02:30.000000000,100005,209,100000,209,100022,209,99994,209,100038,209,99977,209,100064,209,99934,209,100071,200,99920,100,100075,100,99883,100,100107,100,99866,100,100119,100,99782,100,100127,100,99604,100,100141,100,99600,100
2019-06-28 10:02:38.427295724,100005,209,100000,209,100022,209,99997,100,100038,209,99994,209,100064,209,99977,209,100071,200,99934,209,100075,100,99920,100,100119,100,99883,100,100127,100,99866,100,100141,100,99782,100,100183,100,99604,100
2019-06-28 10:02:40.000000000,100005,209,100000,209,100022,209,99997,209,100038,209,99994,209,100064,209,99977,209,100071,200,99934,100,100075,100,99920,100,100119,100,99883,100,100127,100,99866,100,100141,100,99782,100,100183,100,99604,100
2019-06-28 10:02:50.000000000,100005,536,100000,536,100022,100,99997,100,100038,100,99994,100,100064,100,99977,100,100071,200,99934,100,100075,100,99920,100,100119,100,99883,100,100127,100,99866,100,100141,100,99782,100,100183,100,99604,100
2019-06-28 10:02:57.371508097,100005,536,100000,636,100022,100,99997,100,100038,100,99994,100,100064,100,99977,100,100071,200,99934,100,100075,100,99920,100,100119,100,99883,100,100127,100,99866,100,100141,100,99782,100,100183,100,99604,100
2019-06-28 10:03:00.000000000,100005,248,100000,348,100022,244,99997,244,100038,244,99994,244,100064,100,99977,100,100071,200,99934,100,100075,100,99920,100,100119,100,99883,100,100127,100,99866,100,100141,100,99782,100,100183,100,99604,100
2019-06-28 10:03:04.710959242,100005,248,100000,448,100022,244,99997,244,100038,244,99994,244,100064,100,99977,100,100071,200,99934,100,100075,100,99920,100,100119,100,99883,100,100127,100,99866,100,100141,100,99782,100,100183,100,99604,100
2019-06-28 10:03:10.000000000,100005,318,100000,518,100022,318,99997,318,100038,100,99994,100,100064,100,99977,100,100071,200,99934,100,100075,100,99920,100,100119,100,99883,100,100127,100,99866,100,100141,100,99782,100,100183,100,99604,100
2019-06-28 10:03:10.080539797,100005,318,100000,518,100022,318,99997,318,100038,100,99994,100,100064,100,99977,100,100071,200,99934,100,100075,100,99920,100,100119,100,99883,100,100127,100,99866,100,100141,100,99782,100,100183,100,99604,100
2019-06-28 10:03:19.980721905,100005,318,100000,518,100022,318,99997,318,100038,100,99994,100,100064,100,99977,100,100071,200,99934,100,100075,100,99920,100,100119,100,99883,100,100127,100,99866,100,100141,100,99782,100,100183,100,99604,100
2019-06-28 10:03:20.000000000,100005,536,100000,736,100022,100,99997,100,100038,100,99994,100,100064,100,99977,100,100071,200,99934,100,100075,100,99920,100,100119,100,99883,100,100127,100,99866,100,100141,100,99782,100,100183,100,99604,100
2019-06-28 10:03:29.216472590,100005,536,100000,736,100022,100,99997,100,100038,100,99994,100,100064,100,99977,100,100071,200,99934,100,100075,100,99920,100,100119,100,99883,100,100127,100,99866,100,100141,100,99782,100,100183,100,99604,100
2019-06-28 10:03:29.529867018,100005,436,100000,736,100022,100,99997,100,100038,100,99994,100,100064,100,99977,100,100071,200,99934,100,100075,100,99920,100,100119,100,99883,100,100127,100,99866,100,100141,100,99782,100,100183,100,99600,100
2019-06-28 10:03:30.000000000,100022,536,100000,736,100038,100,99997,100,100064,100,99994,100,100071,200,99977,100,100075,100,99934,100,100119,100,99920,100,100127,100,99883,100,100141,100,99866,100,100183,100,99782,100,100231,100,99600,100
2019-06-28 10:03:40.000000000,100022,209,100000,409,100038,209,99997,209,100064,209,99994,209,100071,309,99977,209,100075,100,99934,100,100119,100,99920,100,100127,100,99883,100,100141,100,99866,100,100183,100,99782,100,100231,100,99600,100
2019-06-28 10:03:42.894736293,100022,209,100000,409,100038,209,99997,209,100064,209,99994,209,100071,309,99977,209,100075,100,99934,100,100119,100,99920,100,100127,100,99883,100,100141,100,99866,100,100183,100,99782,100,100231,100,99600,100
2019-06-28 10:03:50.000000000,100022,187,100000,387,100038,187,99997,187,100064,187,99994,187,100071,287,99977,187,100075,187,99934,187,100119,100,99920,100,100127,100,99883,100,100141,100,99866,100,100183,100,99782,100,100231,100,99600,100
2019-06-28 10:04:00.000000000,100022,536,100000,736,100038,100,99997,100,100064,100,99994,100,100071,200,99977,100,100075,100,99934,100,100119,100,99920,100,100127,100,99883,100,100141,100,99866,100,100183,100,99782,100,100231,100,99600,100
2019-06-28 10:04:10.000000000,100022,209,100000,409,100038,209,99997,209,100064,209,99994,209,100071,309,99977,209,100075,100,99934,100,100119,100,99920,100,100127,100,99883,100,100141,100,99866,100,100183,100,99782,100,100231,100,99600,100
2019-06-28 10:04:17.263615756,100022,109,100000,409,100038,209,99997,209,100064,209,99994,209,100071,309,99977,209,100075,100,99934,100,100119,100,99920,100,100127,100,99883,100,100141,100,99866,100,100183,100,99782,100,100231,100,99600,100
2019-06-28 10:04:20.000000000,100038,209,100000,409,100064,209,99997,209,100071,309,99994,209,100075,209,99977,209,100119,100,99934,100,100127,100,99920,100,100141,100,99883,100,100183,100,99866,100,100231,100,99782,100,100251,100,99600,100
2019-06-28 10:04:20.282721005,100038,109,100000,409,100064,209,99997,209,100071,309,99994,209,100075,209,99977,209,100119,100,99934,100,100127,100,99920,100,100141,100,99883,100,100183,100,99866,100,100231,100,99782,100,100251,100,99600,100
2019-06-28 10:04:30.000000000,100064,187,100000,387,100071,287,99997,187,100075,187,99994,187,100119,187,99977,187,100127,187,99934,187,100141,100,99920,100,100183,100,99883,100,100231,100,99866,100,100251,100,99782,100,100326,100,99600,100
2019-06-28 10:04:33.738585923,100064,187,100000,387,100071,287,99997,187,100075,187,99994,187,100119,187,99977,187,100127,187,99934,87,100141,100,99920,100,100183,100,99883,100,100231,100,99866,100,100251,100,99782,100,100326,100,99600,100
2019-06-28 10:04:38.054055782,100064,187,100000,387,100071,287,99997,187,100075,187,99994,187,100119,187,99977,187,100127,87,99934,87,100141,100,99920,100,100183,100,99883,100,100231,100,99866,100,100251,100,99782,100,100280,100,99600,100
2019-06-28 10:04:40.000000000,100064,318,100000,518,100071,418,99997,318,100075,100,99994,100,100119,100,99977,100,100141,100,99920,100,100183,100,99883,100,100231,100,99866,100,100251,100,99782,100,100280,100,99600,100,100326,100,99533,100
2019-06-28 10:04:48.219641733,100064,318,100032,100,100071,418,100000,518,100075,100,99997,318,100119,100,99994,100,100141,100,99977,100,100183,100,99920,100,100231,100,99883,100,100251,100,99866,100,100280,100,99782,100,100326,100,99600,100
2019-06-28 10:04:50.000000000,100064,209,100032,209,100071,309,100000,409,100075,209,99997,209,100119,209,99994,209,100141,100,99977,100,100183,100,99920,100,100231,100,99883,100,100251,100,99866,100,100280,100,99782,100,100326,100,99600,100
2019-06-28 10:05:00.000000000,100064,209,100032,209,100071,309,100000,409,100075,209,99997,209,100119,209,99994,209,100141,100,99977,100,100183,100,99920,100,100231,100,99883,100,100251,100,99866,100,100280,100,99782,100,100326,100,99600,100
2019-06-28 10:05:05.344933375,100064,209,100032,209,100071,309,100000,409,100075,209,99997,209,100119,209,99994,109,100141,100,99977,100,100167,100,99920,100,100183,100,99883,100,100231,100,99866,100,100251,100,99782,100,100280,100,99600,100
2019-06-28 10:05:10.000000000,100064,209,100032,209,100071,309,100000,409,100075,209,99997,209,100119,209,99977,209,100141,100,99920,100,100167,100,99883,100,100183,100,99866,100,100231,100,99782,100,100251,100,99600,100,100280,100,99533,100
2019-06-28 10:05:11.279999667,100064,209,100032,209,100071,309,100000,409,100075,209,99997,209,100119,209,99977,209,100141,100,99920,100,100167,100,99883,100,100183,100,99866,100,100228,100,99782,100,100231,100,99600,100,100251,100,99533,100
2019-06-28 10:05:20.000000000,100064,248,100032,248,100071,344,100000,444,100075,244,99997,244,100119,100,99977,100,100141,100,99920,100,100167,100,99883,100,100183,100,99866,100,100228,100,99782,100,100231,100,99600,100,100251,100,99533,100
2019-06-28 10:05:30.000000000,100064,318,100032,318,100071,418,100000,518,100075,100,99997,100,100119,100,99977,100,100141,100,99920,100,100167,100,99883,100,100183,100,99866,100,100228,100,99782,100,100231,100,99600,100,100251,100,99533,100
2019-06-28 10:05:40.000000000,100064,187,100032,187,100071,287,100000,387,100075,187,99997,187,100119,187,99977,187,100141,187,99920,187,100167,100,99883,100,100183,100,99866,100,100228,100,99782,100,100231,100,99600,100,100251,100,99533,100
2019-06-28 10:05:44.122416024,100064,187,100032,187,100071,287,100000,387,100075,187,99997,187,100119,187,99977,87,100141,187,99920,187,100167,100,99883,100,100183,100,99866,100,100228,100,99782,100,100231,100,99600,100,100251,100,99533,100
2019-06-28 10:05:49.521814080,100064,187,100032,187,100071,287,100022,100,100075,187,100000,287,100119,187,99997,187,100141,187,99977,87,100167,100,99920,187,100183,100,99883,100,100228,100,99866,100,100231,100,99782,100,100251,100,99600,100
2019-06-28 10:05:50.000000000,100064,187,100032,187,100071,287,100022,187,100075,187,100000,287,100119,187,99997,187,100141,187,99920,187,100167,100,99883,100,100183,100,99866,100,100228,100,99782,100,100231,100,99600,100,100251,100,99533,100
2019-06-28 10:05:57.385819331,100064,187,100032,187,100071,287,100022,187,100075,187,100000,287,100119,187,99997,187,100141,187,99920,87,100167,100,99883,100,100183,100,99866,100,100228,100,99782,100,100231,100,99600,100,100251,100,99533,100
2019-06-28 10:06:00.000000000,100064,318,100032,318,100071,418,100022,318,100075,100,100000,200,100119,100,99997,100,100141,100,99883,100,100167,100,99866,100,100183,100,99782,100,100228,100,99600,100,100231,100,99533,100,100251,100,99444,100
2019-06-28 10:06:01.183319602,100064,318,100032,318,100071,418,100022,318,100075,100,100000,200,100119,100,99997,100,100141,100,99883,100,100167,100,99866,100,100183,100,99788,100,100228,100,99782,100,100231,100,99600,100,100251,100,99533,100
2019-06-28 10:06:10.000000000,100064,318,100032,318,100071,418,100022,318,100075,100,100000,200,100119,100,99997,100,100141,100,99883,100,100167,100,99866,100,100183,100,99788,100,100228,100,99782,100,100231,100,99600,100,100251,100,99533,100
2019-06-28 10:06:20.000000000,100064,187,100032,187,100071,287,100022,187,100075,187,100000,287,100119,187,99997,187,100141,187,99883,187,100167,100,99866,100,100183,100,99788,100,100228,100,99782,100,100231,100,99600,100,100251,100,99533,100
2019-06-28 10:06:30.000000000,100064,209,100032,209,100071,309,100022,209,100075,209,100000,309,100119,209,99997,209,100141,100,99883,100,100167,100,99866,100,100183,100,99788,100,100228,100,99782,100,100231,100,99600,100,100251,100,99533,100
2019-06-28 10:06:37.937096581,100064,209,100032,109,100071,309,100022,209,100075,209,100000,309,100119,109,99997,209,100141,100,99883,100,100167,100,99866,100,100183,100,99788,100,100228,100,99782,100,100231,100,99600,100,100251,100,99533,100
2019-06-28 10:06:40.000000000,100064,536,100022,536,100071,200,100000,200,100075,100,99997,100,100141,100,99883,100,100167,100,99866,100,100183,100,99788,100,100228,100,99782,100,100231,100,99600,100,100251,100,99533,100,100280,100,99444,100
2019-06-28 10:06:42.213318605,100064,536,100022,436,100071,200,100000,200,100075,100,99997,100,100141,100,99883,100,100167,100,99866,100,100183,100,99788,100,100228,100,99782,100,100231,100,99600,100,100251,100,99533,100,100280,100,99444,100
2019-06-28 10:06:49.971497332,100064,536,100022,436,100071,200,100000,200,100075,100,99997,100,100141,100,99883,100,100167,100,99866,100,100183,100,99788,100,100228,100,99782,100,100231,100,99600,100,100251,100,99533,100,100280,100,99444,100
2019-06-28 10:06:50.000000000,100064,209,100000,309,100071,309,99997,209,100075,209,99883,209,100141,209,99866,209,100167,100,99788,100,100183,100,99782,100,100228,100,99600,100,100231,100,99533,100,100251,100,99444,100,100280,100,99378,100
2019-06-28 10:06:56.475555037,100064,209,100000,309,100071,309,99997,209,100075,209,99883,209,100141,209,99866,209,100167,100,99788,100,100183,100,99782,100,100228,100,99600,100,100231,100,99533,100,100251,100,99444,100,100280,100,99378,100
2019-06-28 10:06:56.896598806,100064,209,100000,309,100071,309,99997,209,100075,209,99883,109,100141,209,99866,209,100167,100,99788,100,100183,100,99782,100,100228,100,99600,100,100231,100,99533,100,100251,100,99444,100,100280,100,99378,100
2019-06-28 10:07:00.000000000,100064,209,100000,309,100071,309,99997,209,100075,209,99866,209,100141,209,99788,209,100167,100,99782,100,100183,100,99600,100,100228,100,99533,100,100231,100,99444,100,100251,100,99378,100,100280,100,99342,100
2019-06-28 10:07:10.000000000,100064,318,100000,418,100071,418,99997,318,100075,100,99866,100,100141,100,99788,100,100167,100,99782,100,100183,100,99600,100,100228,100,99533,100,100231,100,99444,100,100251,100,99378,100,100280,100,99342,100
