,ask_price_1,ask_size_1,bid_price_1,bid_size_1,ask_price_2,ask_size_2,bid_price_2,bid_size_2,ask_price_3,ask_size_3,bid_price_3,bid_size_3,ask_price_4,ask_size_4,bid_price_4,bid_size_4,ask_price_5,ask_size_5,bid_price_5,bid_size_5,ask_price_6,ask_size_6,bid_price_6,bid_size_6,ask_price_7,ask_size_7,bid_price_7,bid_size_7,ask_price_8,ask_size_8,bid_price_8,bid_size_8,ask_price_9,ask_size_9,bid_price_9,bid_size_9,ask_price_10,ask_size_10,bid_price_10,bid_size_10
2019-06-28 09:30:00.000000003,100061,100,,,,,,,,,,,,,,,,,,,,,,,,,,,,,,,,,,,,,,
2019-06-28 09:30:00.000000004,100061,100,100052,100,,,,,,,,,,,,,,,,,,,,,,,,,,,,,,,,,,,,
2019-06-28 09:30:00.000000005,100061,100,100052,100,,,99944,100,,,,,,,,,,,,,,,,,,,,,,,,,,,,,,,,
2019-06-28 09:30:00.000000007,100061,100,100052,100,100069,100,99944,100,,,,,,,,,,,,,,,,,,,,,,,,,,,,,,,,
2019-06-28 09:30:00.000000008,100053,100,100052,100,100061,100,99944,100,100069,100,,,,,,,,,,,,,,,,,,,,,,,,,,,,,,
2019-06-28 09:30:00.000000009,100053,100,100052,100,100061,100,99944,100,100069,100,99830,100,,,,,,,,,,,,,,,,,,,,,,,,,,,,
2019-06-28 09:30:00.000000011,99987,100,99944,100,99999,100,99830,100,100047,100,,,100053,100,,,100061,100,,,100069,100,,,,,,,,,,,,,,,,,,
2019-06-28 09:30:00.000000012,99999,100,99944,100,100047,100,99894,100,100053,100,99830,100,100061,100,,,100069,100,,,,,,,,,,,,,,,,,,,,,,
2019-06-28 09:30:00.000000013,99994,100,99944,100,99999,100,99894,100,100047,100,99830,100,100053,100,,,100061,100,,,100069,100,,,,,,,,,,,,,,,,,,
2019-06-28 09:30:00.000000014,99994,100,99964,100,99999,100,99944,100,100047,100,99894,100,100053,100,99830,100,100061,100,,,100069,100,,,,,,,,,,,,,,,,,,
2019-06-28 09:30:00.000000015,99969,100,99964,100,99994,100,99944,100,99999,100,99894,100,100047,100,99830,100,100053,100,,,100056,100,,,100061,100,,,100069,100,,,100135,100,,,,,,
2019-06-28 09:30:00.000000016,99969,100,99964,100,99994,100,99944,100,99999,100,99894,100,100047,100,99843,100,100053,100,99830,100,100056,100,,,100061,100,,,100069,100,,,100135,100,,,,,,
2019-06-28 09:30:00.000000019,99969,100,99964,100,99994,100,99944,100,99999,100,99894,100,100046,100,99843,100,100047,100,99830,100,100053,100,,,100056,100,,,100061,100,,,100069,100,,,100071,100,,
2019-06-28 09:30:00.000000020,99969,100,99964,100,99994,100,99944,100,99999,100,99894,100,100046,100,99843,100,100047,100,99830,100,100052,100,,,100053,100,,,100056,100,,,100061,100,,,100069,100,,
2019-06-28 09:30:00.000000025,99969,100,99944,100,99994,100,99894,100,99999,100,99843,100,100046,100,99830,100,100047,100,,,100052,100,,,100053,100,,,100056,100,,,100061,100,,,100069,100,,
2019-06-28 09:30:00.000000026,99969,100,99944,100,99994,100,99894,100,99999,100,99843,100,100046,100,99830,100,100047,100,99809,100,100052,100,,,100053,100,,,100056,100,,,100061,100,,,100069,100,,
2019-06-28 09:30:00.000000029,99969,100,99944,100,99994,100,99932,100,99999,100,99894,100,100046,100,99843,100,100047,100,99830,100,100052,100,99809,100,100053,100,,,100056,100,,,100061,100,,,100069,100,,
2019-06-28 09:30:00.000000031,99969,100,99944,100,99982,100,99932,100,99994,100,99894,100,99999,100,99843,100,100046,100,99830,100,100047,100,99809,100,100052,100,,,100053,100,,,100056,100,,,100061,100,,
2019-06-28 09:30:00.000000032,99969,100,99964,100,99982,100,99944,100,99994,100,99932,100,99999,100,99894,100,100046,100,99843,100,100047,100,99830,100,100052,100,99816,100,100053,100,99809,100,100056,100,,,100061,100,,
2019-06-28 09:30:00.000000036,99969,100,99964,100,99982,100,99944,100,99994,100,99932,100,99999,100,99894,100,100006,100,99843,100,100046,100,99830,100,100047,100,99816,100,100052,100,99809,100,100053,100,,,100056,100,,
2019-06-28 09:30:00.000000038,99969,100,99964,100,99982,100,99944,100,99994,100,99932,100,99999,100,99894,100,100006,100,99889,100,100046,100,99843,100,100047,100,99830,100,100052,100,99816,100,100053,100,99809,100,100056,100,,
2019-06-28 09:30:00.000000042,99968,100,99964,100,99969,100,99944,100,99982,100,99932,100,99994,100,99894,100,99999,100,99889,100,100006,100,99843,100,100046,100,99830,100,100047,100,99816,100,100052,100,99809,100,100053,100,,
2019-06-28 09:30:00.000000043,99968,100,99964,100,99969,100,99944,100,99982,100,99932,100,99994,100,99926,100,99999,100,99894,100,100006,100,99889,100,100046,100,99843,100,100047,100,99830,100,100052,100,99816,100,100053,100,99809,100
2019-06-28 09:30:00.000000044,99968,100,99964,100,99969,100,99944,100,99982,100,99932,100,99994,100,99926,100,99999,100,99894,100,100006,100,99889,100,100046,100,99876,100,100047,100,99843,100,100052,100,99830,100,100053,100,99816,100
2019-06-28 09:30:00.000000047,99968,100,99944,100,99969,100,99932,100,99982,100,99926,100,99994,100,99894,100,99999,100,99889,100,100006,100,99880,100,100046,100,99876,100,100047,100,99843,100,100052,100,99830,100,100053,100,99816,100
2019-06-28 09:30:00.000000048,99968,100,99944,100,99969,100,99932,100,99982,100,99926,100,99994,100,99894,100,99999,100,99889,100,100006,100,99882,100,100046,100,99880,100,100047,100,99876,100,100052,100,99843,100,100053,100,99830,100
2019-06-28 09:30:00.000000054,99969,100,99944,100,99982,100,99932,100,99994,100,99926,100,99999,100,99894,100,100006,100,99889,100,100046,100,99882,100,100047,100,99880,100,100052,100,99876,100,100053,100,99843,100,100056,100,99830,100
2019-06-28 09:30:00.000000056,99969,100,99944,100,99982,100,99932,100,99994,100,99926,100,99999,100,99894,100,100006,100,99889,100,100046,100,99882,100,100047,100,99880,100,100052,100,99876,100,100053,100,99848,100,100056,100,99843,100
2019-06-28 09:30:00.000000057,99982,100,99944,100,99994,100,99932,100,99999,100,99926,100,100006,100,99894,100,100008,100,99889,100,100046,100,99882,100,100047,100,99880,100,100052,100,99876,100,100053,100,99848,100,100056,100,99843,100
2019-06-28 09:30:00.000000059,99982,100,99944,100,99994,100,99932,100,99999,100,99926,100,100006,100,99894,100,100008,100,99889,100,100046,100,99882,100,100047,100,99880,100,100052,100,99876,100,100053,100,99848,100,100056,100,99843,100
2019-06-28 09:30:00.000000062,99977,100,99944,100,99982,100,99932,100,99994,100,99926,100,99999,100,99894,100,100006,100,99889,100,100008,100,99882,100,100046,100,99880,100,100047,100,99876,100,100052,100,99848,100,100053,100,99843,100
2019-06-28 09:30:00.000000066,99977,100,99968,100,99982,100,99944,100,99994,100,99932,100,99999,100,99926,100,100006,100,99894,100,100008,100,99889,100,100046,100,99882,100,100047,100,99880,100,100052,100,99876,100,100053,100,99848,100
2019-06-28 09:30:00.000000068,99977,100,99968,100,99982,100,99944,100,99994,100,99932,100,99999,100,99926,100,100006,100,99894,100,100008,100,99889,100,100046,100,99882,100,100047,100,99880,200,100052,100,99876,100,100053,100,99848,100
2019-06-28 09:30:00.000000069,99977,100,99968,100,99982,100,99944,100,99994,100,99932,100,99999,100,99926,100,100006,100,99894,100,100008,100,99889,100,100046,100,99882,100,100047,100,99880,200,100052,100,99876,100,100053,100,99848,100
2019-06-28 09:30:00.000000072,99977,100,99968,200,99982,100,99944,100,99994,100,99932,100,99999,100,99926,100,100006,100,99894,100,100008,100,99889,100,100046,100,99882,100,100047,100,99880,200,100052,100,99876,100,100053,100,99848,100
2019-06-28 09:30:00.000000074,99977,100,99968,200,99982,100,99945,100,99994,100,99944,100,99996,100,99932,100,99999,100,99926,100,100006,100,99917,100,100008,100,99894,100,100046,100,99889,100,100047,100,99882,100,100052,100,99880,200
2019-06-28 09:30:00.000000076,99977,100,99968,200,99982,100,99945,100,99994,100,99944,100,99996,100,99932,100,99999,100,99926,100,100006,100,99917,100,100008,100,99894,100,100046,100,99889,100,100047,100,99882,100,100052,100,99880,200
2019-06-28 09:30:00.000000081,99982,100,99968,200,99994,100,99945,100,99996,100,99944,100,99999,100,99932,100,100006,100,99926,100,100008,100,99917,100,100046,100,99894,100,100047,100,99889,100,100052,100,99882,100,100053,100,99880,200
2019-06-28 09:30:00.000000083,99982,100,99968,200,99994,100,99945,100,99996,100,99944,100,99999,100,99932,100,100006,100,99926,100,100008,100,99917,100,100046,100,99908,100,100047,100,99894,100,100052,100,99889,100,100053,100,99882,100
2019-06-28 09:30:00.000000086,99982,100,99969,100,99994,100,99968,200,99996,100,99945,100,99999,100,99944,100,100006,100,99932,100,100008,100,99926,100,100046,100,99917,100,100047,100,99908,100,100052,100,99894,100,100053,100,99889,100
2019-06-28 09:30:00.000000088,99982,100,99969,200,99994,100,99968,200,99996,100,99945,100,99999,100,99944,100,100006,100,99932,100,100008,100,99926,100,100046,100,99917,100,100047,100,99908,100,100052,100,99894,100,100053,100,99889,100
2019-06-28 09:30:00.000000092,99982,100,99969,200,99994,100,99968,200,99996,100,99945,100,99999,100,99944,100,100006,100,99932,100,100008,100,99926,100,100046,100,99917,100,100047,100,99908,100,100052,100,99904,100,100053,100,99894,100
2019-06-28 09:30:00.000000094,99982,100,99969,200,99994,100,99968,200,99996,100,99945,100,99999,100,99944,100,100006,100,99932,100,100008,100,99926,100,100046,100,99917,100,100047,100,99908,100,100052,100,99904,100,100053,100,99894,100
2019-06-28 09:30:00.000000095,99982,100,99969,300,99994,200,99968,200,99996,100,99945,100,99999,100,99944,100,100006,100,99932,100,100008,100,99926,100,100046,100,99917,100,100047,100,99908,100,100052,100,99904,100,100053,100,99894,100
2019-06-28 09:30:00.000000096,99994,200,99977,100,99996,100,99969,300,99999,100,99968,200,100006,100,99945,100,100008,100,99944,100,100046,100,99932,100,100047,100,99926,100,100052,100,99917,100,100053,100,99908,100,100056,100,99904,100
2019-06-28 09:30:00.000000097,99994,200,99977,100,99996,100,99969,300,99999,100,99968,200,100006,100,99962,100,100008,100,99945,100,100046,100,99944,100,100047,100,99932,100,100052,100,99926,100,100053,100,99917,100,100056,100,99908,100
2019-06-28 09:30:07.842442866,99994,200,99969,300,99996,100,99968,200,99999,100,99962,100,100006,100,99945,100,100008,100,99944,100,100046,100,99932,100,100052,100,99926,100,100053,100,99917,100,100056,100,99908,100,100061,100,99904,100
2019-06-28 09:30:08.857291751,99994,200,99969,300,99996,100,99968,200,99999,100,99962,100,100006,100,99945,100,100008,100,99944,100,100046,100,99932,100,100052,100,99926,100,100053,100,99921,100,100056,100,99917,100,100061,100,99908,100
2019-06-28 09:30:10.000000000,99994,332,99969,432,99996,228,99968,328,99999,228,99962,228,100006,100,99945,100,100008,100,99944,100,100046,100,99932,100,100052,100,99926,100,100053,100,99921,100,100056,100,99917,100,100061,100,99908,100
2019-06-28 09:30:14.741983251,99994,332,99969,432,99996,228,99968,328,99999,228,99962,228,100006,100,99945,100,100046,100,99944,200,100052,100,99932,100,100053,100,99926,100,100056,100,99921,100,100061,100,99917,100,100066,100,99908,100
2019-06-28 09:30:15.319993256,99994,332,99977,100,99996,228,99969,432,99999,228,99968,328,100006,100,99962,228,100046,100,99945,100,100052,100,99944,200,100053,100,99932,100,100056,100,99926,100,100061,100,99921,100,100066,100,99917,100
2019-06-28 09:30:20.000000000,99994,332,99977,232,99996,228,99969,428,99999,228,99968,328,100006,100,99962,100,100046,100,99945,100,100052,100,99944,200,100053,100,99932,100,100056,100,99926,100,100061,100,99921,100,100066,100,99917,100
2019-06-28 09:30:30.000000000,99994,589,99977,489,99996,100,99969,300,99999,100,99968,200,100006,100,99962,100,100046,100,99945,100,100052,100,99944,200,100053,100,99932,100,100056,100,99926,100,100061,100,99921,100,100066,100,99917,100
2019-06-28 09:30:40.000000000,99994,297,99977,197,99996,197,99969,397,99999,197,99968,297,100006,197,99962,197,100046,100,99945,100,100052,100,99944,200,100053,100,99932,100,100056,100,99926,100,100061,100,99921,100,100066,100,99917,100
2019-06-28 09:30:50.000000000,99994,332,99977,232,99996,228,99969,428,99999,228,99968,328,100006,100,99962,100,100046,100,99945,100,100052,100,99944,200,100053,100,99932,100,100056,100,99926,100,100061,100,99921,100,100066,100,99917,100
2019-06-28 09:31:00.000000000,99994,332,99977,232,99996,228,99969,428,99999,228,99968,328,100006,100,99962,100,100046,100,99945,100,100052,100,99944,200,100053,100,99932,100,100056,100,99926,100,100061,100,99921,100,100066,100,99917,100
2019-06-28 09:31:10.000000000,99994,332,99977,232,99996,228,99969,428,99999,228,99968,328,100006,100,99962,100,100046,100,99945,100,100052,100,99944,200,100053,100,99932,100,100056,100,99926,100,100061,100,99921,100,100066,100,99917,100
2019-06-28 09:31:20.000000000,99994,589,99977,489,99996,100,99969,300,99999,100,99968,200,100006,100,99962,100,100046,100,99945,100,100052,100,99944,200,100053,100,99932,100,100056,100,99926,100,100061,100,99921,100,100066,100,99917,100
2019-06-28 09:31:30.000000000,99994,394,99977,294,99996,294,99969,494,99999,100,99968,200,100006,100,99962,100,100046,100,99945,100,100052,100,99944,200,100053,100,99932,100,100056,100,99926,100,100061,100,99921,100,100066,100,99917,100
2019-06-28 09:31:40.000000000,99994,332,99977,232,99996,228,99969,428,99999,228,99968,328,100006,100,99962,100,100046,100,99945,100,100052,100,99944,200,100053,100,99932,100,100056,100,99926,100,100061,100,99921,100,100066,100,99917,100
2019-06-28 09:31:49.698498664,99994,232,99977,232,99996,228,99969,428,99999,228,99968,328,100006,100,99962,100,100046,100,99945,100,100052,100,99944,200,100053,100,99926,100,100056,100,99921,100,100061,100,99917,100,100066,100,99908,100
2019-06-28 09:31:50.000000000,99994,232,99977,232,99996,228,99969,428,99999,228,99968,328,100006,100,99962,100,100046,100,99945,100,100052,100,99944,200,100053,100,99926,100,100056,100,99921,100,100061,100,99917,100,100066,100,99908,100
2019-06-28 09:32:00.000000000,99994,294,99977,294,99996,294,99969,494,99999,100,99968,200,100006,100,99962,100,100046,100,99945,100,100052,100,99944,200,100053,100,99926,100,100056,100,99921,100,100061,100,99917,100,100066,100,99908,100
2019-06-28 09:32:10.000000000,99994,178,99977,178,99996,178,99969,378,99999,178,99968,278,100006,178,99962,178,100046,178,99945,178,100052,100,99944,200,100053,100,99926,100,100056,100,99921,100,100061,100,99917,100,100066,100,99908,100
2019-06-28 09:32:12.603109930,99994,178,99978,100,99996,178,99977,178,99999,178,99969,378,100006,178,99968,278,100046,178,99962,178,100052,100,99945,178,100053,100,99944,200,100056,100,99926,100,100061,100,99921,100,100066,100,99917,100
2019-06-28 09:32:13.794061827,99994,178,99978,100,99996,178,99977,178,99999,178,99969,378,100006,178,99968,278,100046,178,99962,178,100053,100,99945,178,100056,100,99944,200,100061,100,99926,100,100066,100,99921,100,100069,100,99917,100
2019-06-28 09:32:20.000000000,99994,232,99978,232,99996,228,99977,228,99999,228,99969,428,100006,100,99968,200,100046,100,99962,100,100053,100,99945,100,100056,100,99944,200,100061,100,99926,100,100066,100,99921,100,100069,100,99917,100
2019-06-28 09:32:30.000000000,99994,294,99978,294,99996,294,99977,294,99999,100,99969,300,100006,100,99968,200,100046,100,99962,100,100053,100,99945,100,100056,100,99944,200,100061,100,99926,100,100066,100,99921,100,100069,100,99917,100
2019-06-28 09:32:40.000000000,99994,197,99978,197,99996,197,99977,197,99999,197,99969,397,100006,197,99968,297,100046,100,99962,100,100053,100,99945,100,100056,100,99944,200,100061,100,99926,100,100066,100,99921,100,100069,100,99917,100
2019-06-28 09:32:50.000000000,99994,489,99978,489,99996,100,99977,100,99999,100,99969,300,100006,100,99968,200,100046,100,99962,100,100053,100,99945,100,100056,100,99944,200,100061,100,99926,100,100066,100,99921,100,100069,100,99917,100
2019-06-28 09:33:00.000000000,99994,232,99978,232,99996,228,99977,228,99999,228,99969,428,100006,100,99968,200,100046,100,99962,100,100053,100,99945,100,100056,100,99944,200,100061,100,99926,100,100066,100,99921,100,100069,100,99917,100
2019-06-28 09:33:00.129439679,99993,100,99978,232,99994,232,99977,228,99996,228,99969,428,99999,228,99968,100,100006,100,99962,100,100046,100,99945,100,100053,100,99944,200,100056,100,99926,100,100061,100,99921,100,100066,100,99917,100
2019-06-28 09:33:01.057260206,99993,200,99978,232,99994,232,99977,228,99996,228,99969,428,99999,228,99968,100,100006,100,99962,100,100046,100,99945,100,100053,100,99944,200,100056,100,99926,100,100061,100,99921,100,100066,100,99917,100
2019-06-28 09:33:09.428526256,99993,200,99978,132,99994,232,99977,228,99996,228,99969,428,99999,228,99968,100,100006,100,99962,100,100046,100,99945,100,100053,100,99944,200,100056,100,99926,100,100061,100,99921,100,100066,100,99917,100
2019-06-28 09:33:10.000000000,99993,278,99977,178,99994,178,99969,378,99996,178,99968,178,99999,178,99962,178,100006,178,99945,178,100046,100,99944,200,100053,100,99926,100,100056,100,99921,100,100061,100,99917,100,100066,100,99908,100
2019-06-28 09:33:20.000000000,99993,278,99977,178,99994,178,99969,378,99996,178,99968,178,99999,178,99962,178,100006,178,99945,178,100046,100,99944,200,100053,100,99926,100,100056,100,99921,100,100061,100,99917,100,100066,100,99908,100
2019-06-28 09:33:29.534906434,99993,278,99977,178,99994,178,99969,378,99996,178,99968,178,99999,178,99962,178,100006,178,99945,178,100046,100,99944,200,100053,100,99926,100,100056,100,99921,100,100059,100,99917,100,100061,100,99908,100
2019-06-28 09:33:30.000000000,99993,332,99977,232,99994,228,99969,428,99996,228,99968,228,99999,100,99962,100,100006,100,99945,100,100046,100,99944,200,100053,100,99926,100,100056,100,99921,100,100059,100,99917,100,100061,100,99908,100
2019-06-28 09:33:34.026155506,99993,332,99977,232,99994,228,99969,428,99996,228,99968,228,99999,100,99962,100,100006,100,99945,100,100046,100,99944,200,100053,100,99926,100,100056,100,99921,100,100059,100,99917,100,100061,100,99908,100
2019-06-28 09:33:40.000000000,99993,332,99977,232,99994,228,99969,428,99996,228,99968,228,99999,100,99962,100,100006,100,99945,100,100046,100,99944,200,100053,100,99926,100,100056,100,99921,100,100059,100,99917,100,100061,100,99908,100
2019-06-28 09:33:50.000000000,99993,278,99977,178,99994,178,99969,378,99996,178,99968,178,99999,178,99962,178,100006,178,99945,178,100046,100,99944,200,100053,100,99926,100,100056,100,99921,100,100059,100,99917,100,100061,100,99908,100
2019-06-28 09:34:00.000000000,99993,589,99977,489,99994,100,99969,300,99996,100,99968,100,99999,100,99962,100,100006,100,99945,100,100046,100,99944,200,100053,100,99926,100,100056,100,99921,100,100059,100,99917,100,100061,100,99908,100
2019-06-28 09:34:10.000000000,99993,278,99977,178,99994,178,99969,378,99996,178,99968,178,99999,178,99962,178,100006,178,99945,178,100046,100,99944,200,100053,100,99926,100,100056,100,99921,100,100059,100,99917,100,100061,100,99908,100
2019-06-28 09:34:14.274033718,99993,278,99977,178,99994,178,99969,378,99996,178,99968,178,99999,178,99962,178,100006,178,99945,178,100046,100,99944,200,100053,100,99926,100,100056,100,99921,100,100059,100,99917,100,100061,100,99908,100
2019-06-28 09:34:20.000000000,99993,278,99977,178,99994,178,99969,378,99996,178,99968,178,99999,178,99962,178,100006,178,99945,178,100046,100,99944,200,100053,100,99926,100,100056,100,99921,100,100059,100,99917,100,100061,100,99908,100
2019-06-28 09:34:30.000000000,99993,297,99977,197,99994,197,99969,397,99996,197,99968,197,99999,197,99962,197,100006,100,99945,100,100046,100,99944,200,100053,100,99926,100,100056,100,99921,100,100059,100,99917,100,100061,100,99908,100
2019-06-28 09:34:38.368989897,99993,297,99979,100,99994,197,99977,197,99996,197,99969,297,99999,197,99968,197,100006,100,99962,197,100046,100,99945,100,100053,100,99944,200,100056,100,99926,100,100059,100,99921,100,100061,100,99917,100
2019-06-28 09:34:40.000000000,99993,394,99979,294,99994,294,99977,294,99996,100,99969,200,99999,100,99968,100,100006,100,99962,100,100046,100,99945,100,100053,100,99944,200,100056,100,99926,100,100059,100,99921,100,100061,100,99917,100
2019-06-28 09:34:50.000000000,99993,394,99979,294,99994,294,99977,294,99996,100,99969,200,99999,100,99968,100,100006,100,99962,100,100046,100,99945,100,100053,100,99944,200,100056,100,99926,100,100059,100,99921,100,100061,100,99917,100
2019-06-28 09:34:59.388381338,99993,294,99979,294,99994,294,99977,294,99996,100,99969,200,99999,100,99968,100,100006,100,99962,100,100046,100,99945,100,100053,100,99944,200,100056,100,99926,100,100059,100,99921,100,100061,100,99917,100
2019-06-28 09:34:59.395033198,99993,194,99979,294,99994,294,99977,294,99996,100,99969,200,99999,100,99968,100,100006,100,99962,100,100046,100,99945,100,100053,100,99944,200,100056,100,99926,100,100059,100,99921,100,100061,100,99917,100
2019-06-28 09:35:00.000000000,99994,197,99979,197,99996,197,99977,197,99999,197,99969,297,100006,197,99968,197,100046,100,99962,100,100053,100,99945,100,100056,100,99944,200,100059,100,99926,100,100061,100,99921,100,100066,100,99917,100
2019-06-28 09:35:10.000000000,99994,178,99979,178,99996,178,99977,178,99999,178,99969,278,100006,178,99968,178,100046,178,99962,178,100053,100,99945,100,100056,100,99944,200,100059,100,99926,100,100061,100,99921,100,100066,100,99917,100
2019-06-28 09:35:11.432087056,99994,178,99979,78,99996,178,99977,178,99999,178,99969,278,100006,178,99968,178,100046,178,99962,178,100053,100,99945,100,100056,100,99944,200,100059,100,99926,100,100061,100,99921,100,100066,100,99917,100
2019-06-28 09:35:20.000000000,99994,232,99977,232,99996,228,99969,328,99999,228,99968,228,100006,100,99962,100,100046,100,99945,100,100053,100,99944,200,100056,100,99926,100,100059,100,99921,100,100061,100,99917,100,100066,100,99908,100
2019-06-28 09:35:30.000000000,99994,294,99977,294,99996,294,99969,394,99999,100,99968,100,100006,100,99962,100,100046,100,99945,100,100053,100,99944,200,100056,100,99926,100,100059,100,99921,100,100061,100,99917,100,100066,100,99908,100
2019-06-28 09:35:40.000000000,99994,197,99977,197,99996,197,99969,297,99999,197,99968,197,100006,197,99962,197,100046,100,99945,100,100053,100,99944,200,100056,100,99926,100,100059,100,99921,100,100061,100,99917,100,100066,100,99908,100
2019-06-28 09:35:42.490002511,99994,197,99993,100,99996,197,99977,197,99999,197,99969,297,100006,197,99968,197,100046,100,99962,197,100053,100,99945,100,100056,100,99944,200,100059,100,99926,100,100061,100,99921,100,100066,100,99917,100
2019-06-28 09:35:50.000000000,99994,489,99993,489,99996,100,99977,100,99999,100,99969,200,100006,100,99968,100,100046,100,99962,100,100053,100,99945,100,100056,100,99944,200,100059,100,99926,100,100061,100,99921,100,100066,100,99917,100
2019-06-28 09:36:00.000000000,99994,294,99993,294,99996,294,99977,294,99999,100,99969,200,100006,100,99968,100,100046,100,99962,100,100053,100,99945,100,100056,100,99944,200,100059,100,99926,100,100061,100,99921,100,100066,100,99917,100
2019-06-28 09:36:10.000000000,99994,197,99993,197,99996,197,99977,197,99999,197,99969,297,100006,197,99968,197,100046,100,99962,100,100053,100,99945,100,100056,100,99944,200,100059,100,99926,100,100061,100,99921,100,100066,100,99917,100
2019-06-28 09:36:20.000000000,99994,232,99993,232,99996,228,99977,228,99999,228,99969,328,100006,100,99968,100,100046,100,99962,100,100053,100,99945,100,100056,100,99944,200,100059,100,99926,100,100061,100,99921,100,100066,100,99917,100
2019-06-28 09:36:30.000000000,99994,178,99993,178,99996,178,99977,178,99999,178,99969,278,100006,178,99968,178,100046,178,99962,178,100053,100,99945,100,100056,100,99944,200,100059,100,99926,100,100061,100,99921,100,100066,100,99917,100
2019-06-28 09:36:39.460798363,99994,178,99993,178,99996,178,99977,178,99999,178,99969,278,100006,178,99968,178,100046,178,99962,178,100053,100,99945,100,100056,100,99944,200,100059,100,99926,100,100061,100,99921,100,100066,100,99917,100
2019-06-28 09:36:40.000000000,99994,294,99993,294,99996,294,99977,294,99999,100,99969,200,100006,100,99968,100,100046,100,99962,100,100053,100,99945,100,100056,100,99944,200,100059,100,99926,100,100061,100,99921,100,100066,100,99917,100
2019-06-28 09:36:50.000000000,99994,294,99993,294,99996,294,99977,294,99999,100,99969,200,100006,100,99968,100,100046,100,99962,100,100053,100,99945,100,100056,100,99944,200,100059,100,99926,100,100061,100,99921,100,100066,100,99917,100
2019-06-28 09:36:51.720938104,99994,294,99993,194,99996,294,99977,294,99999,100,99969,200,100006,100,99968,100,100046,100,99962,100,100053,100,99945,100,100056,100,99944,200,100059,100,99926,100,100061,100,99917,100,100066,100,99908,100
2019-06-28 09:36:52.087748931,99994,294,99993,194,99996,294,99977,294,99999,100,99969,200,100006,100,99968,100,100046,100,99962,100,100053,100,99945,100,100056,100,99944,200,100059,100,99926,100,100061,100,99917,100,100066,100,99908,100
2019-06-28 09:37:00.000000000,99994,197,99977,197,99996,197,99969,297,99999,197,99968,197,100006,197,99962,197,100046,100,99945,100,100053,100,99944,200,100056,100,99926,100,100059,100,99917,100,100061,100,99908,100,100066,100,99904,100
2019-06-28 09:37:05.523602401,99994,197,99977,97,99996,197,99969,297,99999,197,99968,197,100006,197,99962,197,100046,100,99945,100,100053,100,99944,200,100056,100,99926,100,100059,100,99917,100,100061,100,99908,100,100066,100,99904,100
2019-06-28 09:37:10.000000000,99994,178,99969,278,99996,178,99968,178,99999,178,99962,178,100006,178,99945,178,100046,178,99944,278,100053,100,99926,100,100056,100,99917,100,100059,100,99908,100,100061,100,99904,100,100066,100,99894,100
2019-06-28 09:37:10.044907171,99994,178,99969,178,99996,178,99968,178,99999,178,99962,178,100006,178,99945,178,100046,178,99944,278,100053,100,99926,100,100056,100,99917,100,100059,100,99908,100,100061,100,99904,100,100066,100,99889,100
2019-06-28 09:37:15.474354750,99994,178,99969,78,99996,178,99968,178,99999,178,99962,178,100006,178,99945,178,100046,178,99944,278,100053,100,99926,100,100056,100,99917,100,100059,100,99908,100,100061,100,99904,100,100066,100,99889,100
2019-06-28 09:37:20.000000000,99994,489,99968,489,99996,100,99962,100,99999,100,99945,100,100006,100,99944,200,100046,100,99926,100,100053,100,99917,100,100056,100,99908,100,100059,100,99904,100,100061,100,99889,100,100066,100,99882,100
2019-06-28 09:37:30.000000000,99994,178,99968,178,99996,178,99962,178,99999,178,99945,178,100006,178,99944,278,100046,178,99926,178,100053,100,99917,100,100056,100,99908,100,100059,100,99904,100,100061,100,99889,100,100066,100,99882,100
2019-06-28 09:37:38.731514404,99994,178,99968,178,99996,178,99962,178,99999,178,99945,178,100006,178,99944,278,100046,178,99926,178,100053,100,99917,100,100056,100,99908,100,100059,100,99904,100,100061,100,99889,100,100066,100,99882,100
2019-06-28 09:37:40.000000000,99994,294,99968,294,99996,294,99962,294,99999,100,99945,100,100006,100,99944,200,100046,100,99926,100,100053,100,99917,100,100056,100,99908,100,100059,100,99904,100,100061,100,99889,100,100066,100,99882,100
2019-06-28 09:37:50.000000000,99994,294,99968,294,99996,294,99962,294,99999,100,99945,100,100006,100,99944,200,100046,100,99926,100,100053,100,99917,100,100056,100,99908,100,100059,100,99904,100,100061,100,99889,100,100066,100,99882,100
2019-06-28 09:37:50.822042870,99994,294,99968,294,99996,294,99962,294,99999,100,99945,100,100006,100,99944,200,100008,100,99926,100,100046,100,99917,100,100053,100,99908,100,100056,100,99904,100,100059,100,99889,100,100061,100,99882,100
2019-06-28 09:38:00.000000000,99994,232,99968,232,99996,228,99962,228,99999,228,99945,228,100006,100,99944,200,100008,100,99926,100,100046,100,99917,100,100053,100,99908,100,100056,100,99904,100,100059,100,99889,100,100061,100,99882,100
2019-06-28 09:38:10.000000000,99994,232,99968,232,99996,228,99962,228,99999,228,99945,228,100006,100,99944,200,100008,100,99926,100,100046,100,99917,100,100053,100,99908,100,100056,100,99904,100,100059,100,99889,100,100061,100,99882,100
2019-06-28 09:38:20.000000000,99994,294,99968,294,99996,294,99962,294,99999,100,99945,100,100006,100,99944,200,100008,100,99926,100,100046,100,99917,100,100053,100,99908,100,100056,100,99904,100,100059,100,99889,100,100061,100,99882,100
2019-06-28 09:38:28.784524277,99994,294,99968,294,99996,294,99962,294,99999,100,99945,100,100006,100,99944,200,100008,100,99926,100,100046,100,99917,100,100053,100,99908,100,100056,100,99904,100,100059,100,99889,100,100061,100,99882,100
2019-06-28 09:38:30.000000000,99994,489,99968,489,99996,100,99962,100,99999,100,99945,100,100006,100,99944,200,100008,100,99926,100,100046,100,99917,100,100053,100,99908,100,100056,100,99904,100,100059,100,99889,100,100061,100,99882,100
2019-06-28 09:38:40.000000000,99994,232,99968,232,99996,228,99962,228,99999,228,99945,228,100006,100,99944,200,100008,100,99926,100,100046,100,99917,100,100053,100,99908,100,100056,100,99904,100,100059,100,99889,100,100061,100,99882,100
2019-06-28 09:38:50.000000000,99994,294,99968,294,99996,294,99962,294,99999,100,99945,100,100006,100,99944,200,100008,100,99926,100,100046,100,99917,100,100053,100,99908,100,100056,100,99904,100,100059,100,99889,100,100061,100,99882,100
2019-06-28 09:39:00.000000000,99994,197,99968,197,99996,197,99962,197,99999,197,99945,197,100006,197,99944,297,100008,100,99926,100,100046,100,99917,100,100053,100,99908,100,100056,100,99904,100,100059,100,99889,100,100061,100,99882,100
2019-06-28 09:39:10.000000000,99994,232,99968,232,99996,228,99962,228,99999,228,99945,228,100006,100,99944,200,100008,100,99926,100,100046,100,99917,100,100053,100,99908,100,100056,100,99904,100,100059,100,99889,100,100061,100,99882,100
2019-06-28 09:39:20.000000000,99994,294,99968,294,99996,294,99962,294,99999,100,99945,100,100006,100,99944,200,100008,100,99926,100,100046,100,99917,100,100053,100,99908,100,100056,100,99904,100,100059,100,99889,100,100061,100,99882,100
2019-06-28 09:39:30.000000000,99994,197,99968,197,99996,197,99962,197,99999,197,99945,197,100006,197,99944,297,100008,100,99926,100,100046,100,99917,100,100053,100,99908,100,100056,100,99904,100,100059,100,99889,100,100061,100,99882,100
2019-06-28 09:39:30.691336996,99994,197,99970,100,99996,197,99968,197,99999,197,99962,197,100006,197,99945,197,100008,100,99944,297,100046,100,99926,100,100053,100,99917,100,100056,100,99908,100,100059,100,99904,100,100061,100,99889,100
2019-06-28 09:39:40.000000000,99994,294,99970,294,99996,294,99968,294,99999,100,99962,100,100006,100,99945,100,100008,100,99944,200,100046,100,99926,100,100053,100,99917,100,100056,100,99908,100,100059,100,99904,100,100061,100,99889,100
2019-06-28 09:39:42.524688319,99994,294,99970,394,99996,294,99968,294,99999,100,99962,100,100006,100,99945,100,100008,100,99944,200,100046,100,99926,100,100053,100,99917,100,100056,100,99908,100,100059,100,99904,100,100066,100,99889,100
2019-06-28 09:39:50.000000000,99994,232,99970,332,99996,228,99968,228,99999,228,99962,228,100006,100,99945,100,100008,100,99944,200,100046,100,99926,100,100053,100,99917,100,100056,100,99908,100,100059,100,99904,100,100066,100,99889,100
2019-06-28 09:39:54.113020781,99994,132,99970,332,99996,228,99968,228,99999,228,99962,228,100008,100,99945,100,100046,100,99944,200,100053,100,99926,100,100056,100,99917,100,100059,100,99908,100,100066,100,99904,100,100069,100,99889,100
2019-06-28 09:40:00.000000000,99996,294,99970,394,99999,294,99968,294,100008,100,99962,100,100046,100,99945,100,100053,100,99944,200,100056,100,99926,100,100059,100,99917,100,100066,100,99908,100,100069,100,99904,100,100085,100,99889,100
2019-06-28 09:40:03.611325882,99996,194,99970,394,99999,294,99968,294,100008,100,99962,100,100046,100,99945,100,100053,100,99944,200,100056,100,99926,100,100059,100,99917,100,100066,100,99908,100,100069,100,99904,100,100085,100,99889,100
2019-06-28 09:40:06.872123190,99996,94,99970,394,99999,294,99968,294,100008,100,99962,100,100046,100,99945,100,100053,100,99944,200,100056,100,99926,100,100059,100,99917,100,100066,100,99908,100,100069,100,99904,100,100085,100,99889,100
2019-06-28 09:40:10.000000000,99999,178,99970,278,100008,178,99968,178,100046,178,99962,178,100053,178,99945,178,100056,178,99944,278,100059,100,99926,100,100066,100,99917,100,100069,100,99908,100,100085,100,99904,100,100135,100,99889,100
2019-06-28 09:40:20.000000000,99999,294,99970,394,100008,294,99968,294,100046,100,99962,100,100053,100,99945,100,100056,100,99944,200,100059,100,99926,100,100066,100,99917,100,100069,100,99908,100,100085,100,99904,100,100135,100,99889,100
2019-06-28 09:40:30.000000000,99999,489,99970,589,100008,100,99968,100,100046,100,99962,100,100053,100,99945,100,100056,100,99944,200,100059,100,99926,100,100066,100,99917,100,100069,100,99908,100,100085,100,99904,100,100135,100,99889,100
2019-06-28 09:40:31.588233115,99999,389,99970,589,100008,100,99968,100,100046,100,99962,100,100053,100,99945,100,100056,100,99944,200,100059,100,99926,100,100066,100,99917,100,100069,100,99908,100,100085,100,99904,100,100135,100,99889,100
2019-06-28 09:40:40.000000000,100008,294,99970,394,100046,294,99968,294,100053,100,99962,100,100056,100,99945,100,100059,100,99944,200,100066,100,99926,100,100069,100,99917,100,100085,100,99908,100,100135,100,99904,100,100175,100,99889,100
2019-06-28 09:40:45.499606012,100008,294,99970,294,100046,294,99968,294,100053,100,99962,100,100056,100,99945,100,100059,100,99944,200,100066,100,99926,100,100069,100,99917,100,100085,100,99908,100,100135,100,99904,100,100175,100,99889,100
2019-06-28 09:40:46.096535458,100008,294,99970,294,100046,294,99968,294,100053,100,99962,100,100056,100,99945,100,100059,100,99944,200,100066,100,99926,100,100069,100,99908,100,100085,100,99904,100,100135,100,99889,100,100175,100,99882,100
2019-06-28 09:40:50.000000000,100008,294,99970,294,100046,294,99968,294,100053,100,99962,100,100056,100,99945,100,100059,100,99944,200,100066,100,99926,100,100069,100,99908,100,100085,100,99904,100,100135,100,99889,100,100175,100,99882,100
2019-06-28 09:41:00.000000000,100008,178,99970,178,100046,178,99968,178,100053,178,99962,178,100056,178,99945,178,100059,178,99944,278,100066,100,99926,100,100069,100,99908,100,100085,100,99904,100,100135,100,99889,100,100175,100,99882,100
2019-06-28 09:41:10.000000000,100008,294,99970,294,100046,294,99968,294,100053,100,99962,100,100056,100,99945,100,100059,100,99944,200,100066,100,99926,100,100069,100,99908,100,100085,100,99904,100,100135,100,99889,100,100175,100,99882,100
2019-06-28 09:41:20.000000000,100008,197,99970,197,100046,197,99968,197,100053,197,99962,197,100056,197,99945,197,100059,100,99944,200,100066,100,99926,100,100069,100,99908,100,100085,100,99904,100,100135,100,99889,100,100175,100,99882,100
2019-06-28 09:41:30.000000000,100008,197,99970,197,100046,197,99968,197,100053,197,99962,197,100056,197,99945,197,100059,100,99944,200,100066,100,99926,100,100069,100,99908,100,100085,100,99904,100,100135,100,99889,100,100175,100,99882,100
2019-06-28 09:41:40.000000000,100008,178,99970,178,100046,178,99968,178,100053,178,99962,178,100056,178,99945,178,100059,178,99944,278,100066,100,99926,100,100069,100,99908,100,100085,100,99904,100,100135,100,99889,100,100175,100,99882,100
2019-06-28 09:41:50.000000000,100008,232,99970,232,100046,228,99968,228,100053,228,99962,228,100056,100,99945,100,100059,100,99944,200,100066,100,99926,100,100069,100,99908,100,100085,100,99904,100,100135,100,99889,100,100175,100,99882,100
2019-06-28 09:42:00.000000000,100008,178,99970,178,100046,178,99968,178,100053,178,99962,178,100056,178,99945,178,100059,178,99944,278,100066,100,99926,100,100069,100,99908,100,100085,100,99904,100,100135,100,99889,100,100175,100,99882,100
2019-06-28 09:42:08.191366933,100008,78,99970,178,100046,178,99968,178,100053,178,99962,178,100056,178,99945,178,100059,178,99944,278,100066,100,99926,100,100069,100,99908,100,100085,100,99904,100,100135,100,99889,100,100264,100,99882,100
2019-06-28 09:42:10.000000000,100046,294,99970,294,100053,294,99968,294,100056,100,99962,100,100059,100,99945,100,100066,100,99944,200,100069,100,99926,100,100085,100,99908,100,100135,100,99904,100,100264,100,99889,100,100336,100,99882,100
2019-06-28 09:42:20.000000000,100046,197,99970,197,100053,197,99968,197,100056,197,99962,197,100059,197,99945,197,100066,100,99944,200,100069,100,99926,100,100085,100,99908,100,100135,100,99904,100,100264,100,99889,100,100336,100,99882,100
2019-06-28 09:42:20.191689063,100046,197,99970,197,100053,197,99968,197,100056,197,99962,197,100059,197,99945,197,100066,100,99944,200,100085,100,99926,100,100135,100,99908,100,100178,100,99904,100,100264,100,99889,100,100336,100,99882,100
2019-06-28 09:42:30.000000000,100046,232,99970,232,100053,228,99968,228,100056,228,99962,228,100059,100,99945,100,100066,100,99944,200,100085,100,99926,100,100135,100,99908,100,100178,100,99904,100,100264,100,99889,100,100336,100,99882,100
2019-06-28 09:42:36.722944066,100046,232,99999,100,100053,228,99970,232,100056,228,99968,228,100059,100,99962,228,100066,100,99945,100,100085,100,99944,200,100135,100,99926,100,100178,100,99908,100,100264,100,99904,100,100336,100,99889,100
2019-06-28 09:42:40.000000000,100046,232,99999,232,100053,228,99970,228,100056,228,99968,228,100059,100,99962,100,100066,100,99945,100,100085,100,99944,200,100135,100,99926,100,100178,100,99908,100,100264,100,99904,100,100336,100,99889,100
2019-06-28 09:42:49.605777262,100046,232,99999,332,100053,228,99970,128,100056,228,99968,228,100059,100,99962,100,100066,100,99945,100,100085,100,99944,200,100135,100,99926,100,100178,100,99908,100,100264,100,99904,100,100336,100,99889,100
2019-06-28 09:42:50.000000000,100046,232,99999,332,100053,228,99968,228,100056,228,99962,228,100059,100,99945,100,100066,100,99944,200,100085,100,99926,100,100135,100,99908,100,100178,100,99904,100,100264,100,99889,100,100336,100,99882,100
2019-06-28 09:43:00.000000000,100046,197,99999,297,100053,197,99968,197,100056,197,99962,197,100059,197,99945,197,100066,100,99944,200,100085,100,99926,100,100135,100,99908,100,100178,100,99904,100,100264,100,99889,100,100336,100,99882,100
2019-06-28 09:43:10.000000000,100046,197,99999,297,100053,197,99968,197,100056,197,99962,197,100059,197,99945,197,100066,100,99944,200,100085,100,99926,100,100135,100,99908,100,100178,100,99904,100,100264,100,99889,100,100336,100,99882,100
2019-06-28 09:43:15.065027081,100046,197,99999,297,100053,97,99968,197,100056,197,99962,197,100059,197,99945,197,100066,100,99944,200,100085,100,99926,100,100135,100,99908,100,100178,100,99904,100,100264,100,99889,100,100336,100,99882,100
2019-06-28 09:43:20.000000000,100046,178,99999,278,100056,178,99968,178,100059,178,99962,178,100066,178,99945,178,100085,178,99944,278,100135,100,99926,100,100178,100,99908,100,100264,100,99904,100,100336,100,99889,100,100361,100,99882,100
2019-06-28 09:43:26.092210650,100046,178,99999,278,100056,178,99968,178,100059,178,99962,178,100066,178,99945,178,100085,178,99944,278,100135,100,99926,100,100178,100,99908,100,100264,100,99904,100,100336,100,99889,100,100361,100,99882,100
2019-06-28 09:43:30.000000000,100046,489,99999,589,100056,100,99968,100,100059,100,99962,100,100066,100,99945,100,100085,100,99944,200,100135,100,99926,100,100178,100,99908,100,100264,100,99904,100,100336,100,99889,100,100361,100,99882,100
2019-06-28 09:43:35.249003504,100046,389,99999,589,100056,100,99968,100,100059,100,99962,100,100066,100,99945,100,100085,100,99944,200,100135,100,99926,100,100178,100,99908,100,100264,100,99904,100,100336,100,99889,100,100361,100,99882,100
2019-06-28 09:43:37.646590971,100046,289,99999,589,100056,100,99968,100,100059,100,99962,100,100066,100,99945,100,100085,100,99944,200,100135,100,99926,100,100178,100,99908,100,100264,100,99904,100,100336,100,99889,100,100361,100,99882,100
2019-06-28 09:43:38.936031901,100046,189,99999,589,100056,100,99968,100,100059,100,99962,100,100066,100,99945,100,100085,100,99944,200,100135,100,99926,100,100178,100,99908,100,100264,100,99904,100,100336,100,99889,100,100361,100,99882,100
2019-06-28 09:43:39.123510627,100046,189,99999,589,100056,100,99968,100,100059,100,99962,100,100066,100,99945,100,100085,100,99944,200,100135,100,99926,100,100178,100,99908,100,100264,100,99904,100,100336,100,99889,100,100361,100,99882,100
2019-06-28 09:43:40.000000000,100056,489,99999,589,100059,100,99968,100,100066,100,99962,100,100085,100,99945,100,100135,100,99944,200,100178,100,99926,100,100264,100,99908,100,100336,100,99904,100,100361,100,99889,100,100594,100,99882,100
2019-06-28 09:43:42.454540475,100056,389,99999,589,100059,100,99968,100,100066,100,99962,100,100085,100,99945,100,100135,100,99944,200,100178,100,99926,100,100264,100,99908,100,100336,100,99904,100,100361,100,99889,100,100594,100,99882,100
2019-06-28 09:43:50.000000000,100059,197,99999,297,100066,197,99968,197,100085,197,99962,197,100135,197,99945,197,100178,100,99944,200,100264,100,99926,100,100336,100,99908,100,100361,100,99904,100,100594,100,99889,100,100728,100,99882,100
2019-06-28 09:43:52.212713004,100059,97,99999,297,100066,197,99968,197,100085,197,99962,197,100135,197,99945,197,100178,100,99944,200,100264,100,99926,100,100336,100,99908,100,100361,100,99904,100,100594,100,99889,100,100728,100,99882,100
2019-06-28 09:43:55.828982828,100066,197,100059,3,100085,197,99999,297,100135,197,99968,197,100178,100,99962,197,100264,100,99945,197,100336,100,99944,200,100361,100,99926,100,100594,100,99908,100,100728,100,99904,100,,,99889,100
2019-06-28 09:43:58.361820556,100066,97,100059,3,100085,197,99999,297,100135,197,99968,197,100178,100,99962,197,100264,100,99945,197,100336,100,99944,200,100361,100,99926,100,100594,100,99908,100,100728,100,99904,100,,,99889,100
2019-06-28 09:44:00.000000000,100085,232,100059,135,100135,228,99999,328,100178,228,99968,228,100264,100,99962,100,100336,100,99945,100,100361,100,99944,200,100594,100,99926,100,100728,100,99908,100,,,99904,100,,,99889,100
2019-06-28 09:44:07.425055437,100085,132,100059,135,100135,228,99999,328,100178,228,99968,228,100264,100,99962,100,100336,100,99945,100,100361,100,99944,200,100594,100,99926,100,100728,100,99908,100,,,99904,100,,,99889,100
2019-06-28 09:44:10.000000000,100135,178,100059,81,100178,178,99999,278,100264,178,99968,178,100336,178,99962,178,100361,178,99945,178,100594,100,99944,200,100728,100,99926,100,,,99908,100,,,99904,100,,,99889,100
2019-06-28 09:44:20.000000000,100135,294,100059,197,100178,294,99999,394,100264,100,99968,100,100336,100,99962,100,100361,100,99945,100,100594,100,99944,200,100728,100,99926,100,,,99908,100,,,99904,100,,,99889,100
2019-06-28 09:44:30.000000000,100135,197,100059,100,100178,197,99999,297,100264,197,99968,197,100336,197,99962,197,100361,100,99945,100,100594,100,99944,200,100728,100,99926,100,,,99908,100,,,99904,100,,,99889,100
2019-06-28 09:44:34.115203335,100135,197,100059,100,100178,197,99999,297,100264,197,99968,197,100336,197,99962,197,100361,100,99945,100,100594,100,99944,200,100661,100,99926,100,100728,100,99908,100,,,99904,100,,,99889,100
2019-06-28 09:44:40.000000000,100135,489,100059,392,100178,100,99999,200,100264,100,99968,100,100336,100,99962,100,100361,100,99945,100,100594,100,99944,200,100661,100,99926,100,100728,100,99908,100,,,99904,100,,,99889,100
2019-06-28 09:44:44.508490134,100135,489,100066,100,100178,100,100059,392,100264,100,99999,200,100336,100,99968,100,100361,100,99962,100,100594,100,99945,100,100661,100,99944,200,100728,100,99926,100,,,99908,100,,,99904,100
2019-06-28 09:44:50.000000000,100135,294,100066,294,100178,294,100059,197,100264,100,99999,200,100336,100,99968,100,100361,100,99962,100,100594,100,99945,100,100661,100,99944,200,100728,100,99926,100,,,99908,100,,,99904,100
2019-06-28 09:44:55.447448557,100135,294,100066,394,100178,294,100059,197,100264,100,99999,200,100336,100,99968,100,100361,100,99962,100,100594,100,99945,100,100661,100,99944,200,100728,100,99926,100,,,99908,100,,,99904,100
2019-06-28 09:45:00.000000000,100135,197,100066,297,100178,197,100059,100,100264,197,99999,297,100336,197,99968,197,100361,100,99962,100,100594,100,99945,100,100661,100,99944,200,100728,100,99926,100,,,99908,100,,,99904,100
2019-06-28 09:45:00.156673725,100135,97,100066,297,100178,197,100059,100,100264,197,99999,297,100336,197,99968,197,100361,100,99962,100,100594,100,99945,100,100661,100,99944,200,100728,100,99926,100,,,99908,100,,,99904,100
2019-06-28 09:45:05.968741001,100135,97,100066,297,100178,197,100059,100,100264,197,99999,197,100336,197,99968,197,100361,100,99962,100,100594,100,99945,100,100661,100,99944,200,100728,100,99926,100,,,99908,100,,,99904,100
2019-06-28 09:45:10.000000000,100178,178,100066,278,100264,178,100059,81,100336,178,99999,178,100361,178,99968,178,100594,178,99962,178,100661,100,99945,100,100728,100,99944,200,,,99926,100,,,99908,100,,,99904,100
2019-06-28 09:45:17.624540430,100178,178,100066,278,100264,178,100059,81,100336,178,99999,178,100361,178,99968,178,100534,100,99962,178,100594,178,99945,100,100661,100,99944,200,100728,100,99926,100,,,99908,100,,,99904,100
2019-06-28 09:45:20.000000000,100178,197,100066,297,100264,197,100059,100,100336,197,99999,197,100361,197,99968,197,100534,100,99962,100,100594,100,99945,100,100661,100,99944,200,100728,100,99926,100,,,99908,100,,,99904,100
2019-06-28 09:45:27.847511334,100178,97,100066,297,100264,197,100059,100,100336,197,99999,197,100361,197,99968,197,100534,100,99962,100,100594,100,99945,100,100661,100,99944,200,100728,100,99926,100,,,99908,100,,,99904,100
2019-06-28 09:45:28.364184804,100264,197,100178,3,100336,197,100066,297,100361,197,100059,100,100534,100,99999,197,100594,100,99968,197,100661,100,99962,100,100728,100,99945,100,,,99944,200,,,99926,100,,,99908,100
2019-06-28 09:45:30.000000000,100264,294,100178,197,100336,294,100066,394,100361,100,100059,3,100534,100,99999,100,100594,100,99968,100,100661,100,99962,100,100728,100,99945,100,,,99944,200,,,99926,100,,,99908,100
2019-06-28 09:45:40.000000000,100264,197,100178,100,100336,197,100066,297,100361,197,100059,100,100534,197,99999,197,100594,100,99968,100,100661,100,99962,100,100728,100,99945,100,,,99944,200,,,99926,100,,,99908,100
2019-06-28 09:45:50.000000000,100264,294,100178,197,100336,294,100066,394,100361,100,100059,3,100534,100,99999,100,100594,100,99968,100,100661,100,99962,100,100728,100,99945,100,,,99944,200,,,99926,100,,,99908,100
2019-06-28 09:45:55.927803019,100264,294,100178,197,100336,294,100066,394,100361,100,100059,3,100594,100,99999,100,100661,100,99968,100,100728,100,99962,100,100763,100,99945,100,,,99944,200,,,99926,100,,,99908,100
2019-06-28 09:46:00.000000000,100264,178,100178,81,100336,178,100066,278,100361,178,100059,81,100594,178,99999,178,100661,178,99968,178,100728,100,99962,100,100763,100,99945,100,,,99944,200,,,99926,100,,,99908,100
2019-06-28 09:46:10.000000000,100264,197,100178,100,100336,197,100066,297,100361,197,100059,100,100594,197,99999,197,100661,100,99968,100,100728,100,99962,100,100763,100,99945,100,,,99944,200,,,99926,100,,,99908,100
2019-06-28 09:46:20.000000000,100264,232,100178,135,100336,228,100066,328,100361,228,100059,131,100594,100,99999,100,100661,100,99968,100,100728,100,99962,100,100763,100,99945,100,,,99944,200,,,99926,100,,,99908,100
2019-06-28 09:46:30.000000000,100264,489,100178,392,100336,100,100066,200,100361,100,100059,3,100594,100,99999,100,100661,100,99968,100,100728,100,99962,100,100763,100,99945,100,,,99944,200,,,99926,100,,,99908,100
2019-06-28 09:46:32.822947391,100264,389,100178,392,100336,100,100066,200,100361,100,99999,100,100594,100,99968,100,100661,100,99962,100,100728,100,99945,100,100763,100,99944,200,,,99926,100,,,99908,100,,,99904,100
2019-06-28 09:46:36.929450635,100264,389,100178,392,100336,100,100066,200,100361,100,99999,100,100523,100,99968,100,100594,100,99962,100,100661,100,99945,100,100728,100,99944,200,100763,100,99926,100,,,99908,100,,,99904,100
2019-06-28 09:46:40.000000000,100336,489,100178,392,100361,100,100066,200,100523,100,99999,100,100594,100,99968,100,100661,100,99962,100,100728,100,99945,100,100763,100,99944,200,,,99926,100,,,99908,100,,,99904,100
2019-06-28 09:46:50.000000000,100336,489,100178,392,100361,100,100066,200,100523,100,99999,100,100594,100,99968,100,100661,100,99962,100,100728,100,99945,100,100763,100,99944,200,,,99926,100,,,99908,100,,,99904,100
2019-06-28 09:47:00.000000000,100336,294,100178,197,100361,294,100066,394,100523,100,99999,100,100594,100,99968,100,100661,100,99962,100,100728,100,99945,100,100763,100,99944,200,,,99926,100,,,99908,100,,,99904,100
2019-06-28 09:47:10.000000000,100336,178,100178,81,100361,178,100066,278,100523,178,99999,178,100594,178,99968,178,100661,178,99962,178,100728,100,99945,100,100763,100,99944,200,,,99926,100,,,99908,100,,,99904,100
2019-06-28 09:47:20.000000000,100336,489,100178,392,100361,100,100066,200,100523,100,99999,100,100594,100,99968,100,100661,100,99962,100,100728,100,99945,100,100763,100,99944,200,,,99926,100,,,99908,100,,,99904,100
2019-06-28 09:47:30.000000000,100336,197,100178,100,100361,197,100066,297,100523,197,99999,197,100594,197,99968,197,100661,100,99962,100,100728,100,99945,100,100763,100,99944,200,,,99926,100,,,99908,100,,,99904,100
2019-06-28 09:47:40.000000000,100336,294,100178,197,100361,294,100066,394,100523,100,99999,100,100594,100,99968,100,100661,100,99962,100,100728,100,99945,100,100763,100,99944,200,,,99926,100,,,99908,100,,,99904,100
2019-06-28 09:47:45.201930560,100336,294,100269,100,100361,294,100178,197,100523,100,100066,394,100594,100,99999,100,100661,100,99968,100,100728,100,99962,100,100763,100,99945,100,,,99944,200,,,99908,100,,,99904,100
2019-06-28 09:47:50.000000000,100336,232,100269,232,100361,228,100178,131,100523,228,100066,328,100594,100,99999,100,100661,100,99968,100,100728,100,99962,100,100763,100,99945,100,,,99944,200,,,99908,100,,,99904,100
2019-06-28 09:48:00.000000000,100336,294,100269,294,100361,294,100178,197,100523,100,100066,200,100594,100,99999,100,100661,100,99968,100,100728,100,99962,100,100763,100,99945,100,,,99944,200,,,99908,100,,,99904,100
2019-06-28 09:48:09.083177733,100336,294,100269,194,100361,294,100178,197,100523,100,100066,200,100594,100,99999,100,100661,100,99968,100,100728,100,99962,100,100763,100,99945,100,,,99944,200,,,99908,100,,,99904,100
2019-06-28 09:48:10.000000000,100336,232,100178,135,100361,228,100066,328,100523,228,99999,228,100594,100,99968,100,100661,100,99962,100,100728,100,99945,100,100763,100,99944,200,,,99908,100,,,99904,100,,,99889,100
2019-06-28 09:48:16.080368098,100336,132,100178,135,100361,228,100066,328,100523,228,99999,228,100594,100,99968,100,100661,100,99962,100,100728,100,99945,100,100763,100,99944,200,,,99908,100,,,99904,100,,,99889,100
2019-06-28 09:48:20.000000000,100361,489,100178,392,100523,100,100066,200,100594,100,99999,100,100661,100,99968,100,100728,100,99962,100,100763,100,99945,100,,,99944,200,,,99908,100,,,99904,100,,,99889,100
2019-06-28 09:48:30.000000000,100361,294,100178,197,100523,294,100066,394,100594,100,99999,100,100661,100,99968,100,100728,100,99962,100,100763,100,99945,100,,,99944,200,,,99908,100,,,99904,100,,,99889,100
2019-06-28 09:48:40.000000000,100361,178,100178,81,100523,178,100066,278,100594,178,99999,178,100661,178,99968,178,100728,178,99962,178,100763,100,99945,100,,,99944,200,,,99908,100,,,99904,100,,,99889,100
2019-06-28 09:48:40.706442406,100178,19,100066,278,100361,178,99999,178,100523,178,99968,178,100594,178,99962,178,100661,178,99945,100,100728,178,99944,200,100763,100,99908,100,,,99904,100,,,99889,100,,,99882,100
2019-06-28 09:48:50.000000000,100178,408,100066,589,100361,100,99999,100,100523,100,99968,100,100594,100,99962,100,100661,100,99945,100,100728,100,99944,200,100763,100,99908,100,,,99904,100,,,99889,100,,,99882,100
2019-06-28 09:48:54.308837760,100178,408,100066,589,100361,100,99999,100,100523,100,99968,100,100594,100,99962,100,100652,100,99945,100,100661,100,99944,200,100728,100,99908,100,,,99904,100,,,99889,100,,,99882,100
2019-06-28 09:48:54.593719368,100178,308,100066,589,100361,100,99999,100,100523,100,99968,100,100594,100,99962,100,100652,100,99945,100,100661,100,99944,200,100728,100,99908,100,,,99904,100,,,99889,100,,,99882,100
2019-06-28 09:49:00.000000000,100361,197,100066,297,100523,197,99999,197,100594,197,99968,197,100652,197,99962,197,100661,100,99945,100,100728,100,99944,200,,,99908,100,,,99904,100,,,99889,100,,,99882,100
2019-06-28 09:49:10.000000000,100361,489,100066,589,100523,100,99999,100,100594,100,99968,100,100652,100,99962,100,100661,100,99945,100,100728,100,99944,200,,,99908,100,,,99904,100,,,99889,100,,,99882,100
2019-06-28 09:49:14.904778274,100361,489,100179,100,100523,100,100066,589,100594,100,99999,100,100652,100,99968,100,100661,100,99962,100,100728,100,99945,100,,,99944,200,,,99908,100,,,99904,100,,,99889,100
2019-06-28 09:49:15.228760232,100361,489,100179,200,100523,100,100066,589,100594,100,99999,100,100652,100,99968,100,100661,100,99962,100,100728,100,99945,100,,,99944,200,,,99908,100,,,99904,100,,,99889,100
2019-06-28 09:49:20.000000000,100361,232,100179,332,100523,228,100066,328,100594,228,99999,228,100652,100,99968,100,100661,100,99962,100,100728,100,99945,100,,,99944,200,,,99908,100,,,99904,100,,,99889,100
2019-06-28 09:49:30.000000000,100361,294,100179,394,100523,294,100066,394,100594,100,99999,100,100652,100,99968,100,100661,100,99962,100,100728,100,99945,100,,,99944,200,,,99908,100,,,99904,100,,,99889,100
2019-06-28 09:49:40.000000000,100361,178,100179,278,100523,178,100066,278,100594,178,99999,178,100652,178,99968,178,100661,178,99962,178,100728,100,99945,100,,,99944,200,,,99908,100,,,99904,100,,,99889,100
2019-06-28 09:49:42.214565886,100361,178,100179,278,100523,178,100066,278,100548,100,99999,178,100594,178,99968,178,100652,178,99962,178,100661,178,99945,100,100728,100,99944,200,,,99908,100,,,99904,100,,,99889,100
2019-06-28 09:49:50.000000000,100361,197,100179,297,100523,197,100066,297,100548,197,99999,197,100594,197,99968,197,100652,100,99962,100,100661,100,99945,100,100728,100,99944,200,,,99908,100,,,99904,100,,,99889,100
2019-06-28 09:50:00.000000000,100361,489,100179,589,100523,100,100066,200,100548,100,99999,100,100594,100,99968,100,100652,100,99962,100,100661,100,99945,100,100728,100,99944,200,,,99908,100,,,99904,100,,,99889,100
2019-06-28 09:50:10.000000000,100361,197,100179,297,100523,197,100066,297,100548,197,99999,197,100594,197,99968,197,100652,100,99962,100,100661,100,99945,100,100728,100,99944,200,,,99908,100,,,99904,100,,,99889,100
2019-06-28 09:50:15.662742885,100361,197,100179,297,100412,100,100066,297,100523,97,99999,197,100548,197,99968,197,100594,197,99962,100,100652,100,99945,100,100661,100,99944,200,100728,100,99908,100,,,99904,100,,,99889,100
2019-06-28 09:50:18.157704688,100361,197,100179,297,100412,100,100066,297,100523,97,99999,197,100548,97,99968,197,100550,100,99962,100,100594,197,99945,100,100652,100,99944,200,100661,100,99908,100,100728,100,99904,100,,,99889,100
2019-06-28 09:50:20.000000000,100361,178,100179,278,100412,178,100066,278,100550,178,99999,178,100594,178,99968,178,100652,178,99962,178,100661,100,99945,100,100728,100,99944,200,,,99908,100,,,99904,100,,,99889,100
2019-06-28 09:50:21.446102641,100361,178,100210,100,100412,178,100179,278,100550,178,100066,278,100594,178,99999,178,100652,178,99968,178,100661,100,99962,178,100728,100,99945,100,,,99944,200,,,99908,100,,,99904,100
2019-06-28 09:50:30.000000000,100361,197,100210,197,100412,197,100179,297,100550,197,100066,297,100594,197,99999,197,100652,100,99968,100,100661,100,99962,100,100728,100,99945,100,,,99944,200,,,99908,100,,,99904,100
2019-06-28 09:50:40.000000000,100361,197,100210,197,100412,197,100179,297,100550,197,100066,297,100594,197,99999,197,100652,100,99968,100,100661,100,99962,100,100728,100,99945,100,,,99944,200,,,99908,100,,,99904,100
2019-06-28 09:50:50.000000000,100361,232,100210,232,100412,228,100179,328,100550,228,100066,328,100594,100,99999,100,100652,100,99968,100,100661,100,99962,100,100728,100,99945,100,,,99944,200,,,99908,100,,,99904,100
2019-06-28 09:50:50.323148944,100361,232,100213,100,100412,228,100210,232,100550,228,100179,328,100594,100,100066,328,100652,100,99999,100,100661,100,99968,100,100728,100,99962,100,,,99945,100,,,99944,200,,,99908,100
2019-06-28 09:50:50.823245354,100361,232,100213,100,100412,228,100210,232,100550,228,100179,328,100594,100,100066,328,100652,100,100054,100,100661,100,99999,100,100728,100,99968,100,,,99962,100,,,99945,100,,,99944,100
2019-06-28 09:50:52.217088328,100357,100,100213,100,100361,232,100210,232,100412,228,100179,328,100550,228,100066,328,100594,100,100054,100,100652,100,99999,100,100661,100,99968,100,100728,100,99962,100,,,99945,100,,,99944,100
2019-06-28 09:51:00.000000000,100357,197,100213,197,100361,197,100210,197,100412,197,100179,297,100550,197,100066,297,100594,100,100054,100,100652,100,99999,100,100661,100,99968,100,100728,100,99962,100,,,99945,100,,,99944,100
2019-06-28 09:51:01.009965196,100357,197,100213,97,100361,197,100210,197,100412,197,100179,297,100550,197,100066,297,100594,100,100054,100,100652,100,99999,100,100661,100,99968,100,100728,100,99962,100,,,99945,100,,,99944,100
2019-06-28 09:51:10.000000000,100357,178,100210,178,100361,178,100179,278,100412,178,100066,278,100550,178,100054,178,100594,178,99999,178,100652,100,99968,100,100661,100,99962,100,100728,100,99945,100,,,99944,100,,,99908,100
2019-06-28 09:51:20.000000000,100357,232,100210,232,100361,228,100179,328,100412,228,100066,328,100550,100,100054,100,100594,100,99999,100,100652,100,99968,100,100661,100,99962,100,100728,100,99945,100,,,99944,100,,,99908,100
2019-06-28 09:51:28.844370622,100213,100,100210,232,100357,232,100179,328,100361,228,100066,328,100412,228,100054,100,100550,100,99999,100,100594,100,99968,100,100652,100,99962,100,100661,100,99945,100,100728,100,99944,100,,,99908,100
2019-06-28 09:51:30.000000000,100213,294,100210,294,100357,294,100179,394,100361,100,100066,200,100412,100,100054,100,100550,100,99999,100,100594,100,99968,100,100652,100,99962,100,100661,100,99945,100,100728,100,99944,100,,,99908,100
2019-06-28 09:51:32.665355458,100213,294,100210,194,100357,294,100179,394,100361,100,100066,200,100412,100,100054,100,100550,100,99999,100,100594,100,99968,100,100652,100,99962,100,100661,100,99945,100,100728,100,99944,100,,,99908,100
2019-06-28 09:51:40.000000000,100213,294,100179,394,100357,294,100066,394,100361,100,100054,100,100412,100,99999,100,100550,100,99968,100,100594,100,99962,100,100652,100,99945,100,100661,100,99944,100,100728,100,99908,100,,,99904,100
2019-06-28 09:51:45.156421198,100213,294,100179,294,100357,294,100066,394,100361,100,100054,100,100412,100,99999,100,100550,100,99968,100,100652,100,99962,100,100661,100,99945,100,100728,100,99944,100,,,99908,100,,,99904,100
2019-06-28 09:51:47.040122382,100210,100,100179,294,100213,294,100066,394,100357,294,100054,100,100361,100,99999,100,100412,100,99968,100,100550,100,99962,100,100652,100,99945,100,100661,100,99944,100,100728,100,99908,100,,,99904,100
2019-06-28 09:51:50.000000000,100210,489,100179,489,100213,100,100066,200,100357,100,100054,100,100361,100,99999,100,100412,100,99968,100,100550,100,99962,100,100652,100,99945,100,100661,100,99944,100,100728,100,99908,100,,,99904,100
2019-06-28 09:52:00.000000000,100210,232,100179,232,100213,228,100066,328,100357,228,100054,228,100361,100,99999,100,100412,100,99968,100,100550,100,99962,100,100652,100,99945,100,100661,100,99944,100,100728,100,99908,100,,,99904,100
2019-06-28 09:52:00.049461829,100210,232,100179,132,100213,228,100066,328,100357,228,100054,228,100361,100,99999,100,100412,100,99968,100,100550,100,99962,100,100652,100,99945,100,100661,100,99944,100,100728,100,99908,100,,,99904,100
2019-06-28 09:52:10.000000000,100210,489,100066,589,100213,100,100054,100,100357,100,99999,100,100361,100,99968,100,100412,100,99962,100,100550,100,99945,100,100652,100,99944,100,100661,100,99908,100,100728,100,99904,100,,,99889,100
2019-06-28 09:52:15.568126609,100210,489,100066,489,100213,100,100054,100,100357,100,99999,100,100361,100,99968,100,100412,100,99962,100,100550,100,99945,100,100652,100,99944,100,100661,100,99908,100,100728,100,99904,100,,,99889,100
2019-06-28 09:52:20.000000000,100210,232,100066,232,100213,228,100054,228,100357,228,99999,228,100361,100,99968,100,100412,100,99962,100,100550,100,99945,100,100652,100,99944,100,100661,100,99908,100,100728,100,99904,100,,,99889,100
2019-06-28 09:52:30.000000000,100210,197,100066,197,100213,197,100054,197,100357,197,99999,197,100361,197,99968,197,100412,100,99962,100,100550,100,99945,100,100652,100,99944,100,100661,100,99908,100,100728,100,99904,100,,,99889,100
2019-06-28 09:52:40.000000000,100210,294,100066,294,100213,294,100054,294,100357,100,99999,100,100361,100,99968,100,100412,100,99962,100,100550,100,99945,100,100652,100,99944,100,100661,100,99908,100,100728,100,99904,100,,,99889,100
2019-06-28 09:52:50.000000000,100210,489,100066,489,100213,100,100054,100,100357,100,99999,100,100361,100,99968,100,100412,100,99962,100,100550,100,99945,100,100652,100,99944,100,100661,100,99908,100,100728,100,99904,100,,,99889,100
2019-06-28 09:53:00.000000000,100210,232,100066,232,100213,228,100054,228,100357,228,99999,228,100361,100,99968,100,100412,100,99962,100,100550,100,99945,100,100652,100,99944,100,100661,100,99908,100,100728,100,99904,100,,,99889,100
2019-06-28 09:53:10.000000000,100210,294,100066,294,100213,294,100054,294,100357,100,99999,100,100361,100,99968,100,100412,100,99962,100,100550,100,99945,100,100652,100,99944,100,100661,100,99908,100,100728,100,99904,100,,,99889,100
2019-06-28 09:53:13.879660244,100210,294,100066,194,100213,294,100054,294,100357,100,99999,100,100361,100,99968,100,100412,100,99945,100,100550,100,99944,100,100652,100,99908,100,100661,100,99904,100,100728,100,99889,100,,,99882,100
2019-06-28 09:53:17.793757903,100210,294,100066,94,100213,294,100054,294,100357,100,99999,100,100361,100,99968,100,100412,100,99945,100,100550,100,99944,100,100652,100,99908,100,100661,100,99904,100,100728,100,99889,100,,,99882,100
2019-06-28 09:53:20.000000000,100210,489,100054,489,100213,100,99999,100,100357,100,99968,100,100361,100,99945,100,100412,100,99944,100,100550,100,99908,100,100652,100,99904,100,100661,100,99889,100,100728,100,99882,100,,,99880,100
2019-06-28 09:53:30.000000000,100210,197,100054,197,100213,197,99999,197,100357,197,99968,197,100361,197,99945,197,100412,100,99944,100,100550,100,99908,100,100652,100,99904,100,100661,100,99889,100,100728,100,99882,100,,,99880,100
2019-06-28 09:53:35.256559070,100066,100,100054,197,100210,97,99999,197,100213,197,99968,197,100357,197,99945,197,100361,197,99944,100,100412,100,99908,100,100550,100,99904,100,100652,100,99889,100,100661,100,99882,100,100728,100,99880,100
2019-06-28 09:53:37.249239236,100066,100,100054,97,100210,97,99999,197,100213,197,99968,197,100357,197,99945,197,100361,197,99944,100,100412,100,99908,100,100550,100,99904,100,100652,100,99889,100,100661,100,99882,100,100728,100,99880,100
2019-06-28 09:53:40.000000000,100066,232,99999,232,100213,228,99968,228,100357,228,99945,228,100361,100,99944,100,100412,100,99908,100,100550,100,99904,100,100652,100,99889,100,100661,100,99882,100,100728,100,99880,100,,,99848,100
2019-06-28 09:53:50.000000000,100066,232,99999,232,100213,228,99968,228,100357,228,99945,228,100361,100,99944,100,100412,100,99908,100,100550,100,99904,100,100652,100,99889,100,100661,100,99882,100,100728,100,99880,100,,,99848,100
2019-06-28 09:54:00.000000000,100066,178,99999,178,100213,178,99968,178,100357,178,99945,178,100361,178,99944,178,100412,178,99908,178,100550,100,99904,100,100652,100,99889,100,100661,100,99882,100,100728,100,99880,100,,,99848,100
2019-06-28 09:54:10.000000000,100066,489,99999,489,100213,100,99968,100,100357,100,99945,100,100361,100,99944,100,100412,100,99908,100,100550,100,99904,100,100652,100,99889,100,100661,100,99882,100,100728,100,99880,100,,,99848,100
2019-06-28 09:54:17.249712875,100065,100,99999,489,100066,489,99968,100,100213,100,99945,100,100357,100,99944,100,100361,100,99908,100,100412,100,99904,100,100550,100,99889,100,100652,100,99882,100,100661,100,99880,100,100728,100,99848,100
2019-06-28 09:54:20.000000000,100065,197,99999,197,100066,197,99968,197,100213,197,99945,197,100357,197,99944,197,100361,100,99908,100,100412,100,99904,100,100550,100,99889,100,100652,100,99882,100,100661,100,99880,100,100728,100,99848,100
2019-06-28 09:54:30.000000000,100065,178,99999,178,100066,178,99968,178,100213,178,99945,178,100357,178,99944,178,100361,178,99908,178,100412,100,99904,100,100550,100,99889,100,100652,100,99882,100,100661,100,99880,100,100728,100,99848,100
2019-06-28 09:54:34.861257651,100065,278,99999,178,100066,178,99968,178,100213,178,99945,178,100357,178,99944,178,100361,178,99908,178,100412,100,99904,100,100550,100,99889,100,100652,100,99882,100,100661,100,99880,100,100728,100,99848,100
2019-06-28 09:54:40.000000000,100065,278,99999,178,100066,178,99968,178,100213,178,99945,178,100357,178,99944,178,100361,178,99908,178,100412,100,99904,100,100550,100,99889,100,100652,100,99882,100,100661,100,99880,100,100728,100,99848,100
2019-06-28 09:54:50.000000000,100065,394,99999,294,100066,294,99968,294,100213,100,99945,100,100357,100,99944,100,100361,100,99908,100,100412,100,99904,100,100550,100,99889,100,100652,100,99882,100,100661,100,99880,100,100728,100,99848,100
2019-06-28 09:55:00.000000000,100065,278,99999,178,100066,178,99968,178,100213,178,99945,178,100357,178,99944,178,100361,178,99908,178,100412,100,99904,100,100550,100,99889,100,100652,100,99882,100,100661,100,99880,100,100728,100,99848,100
2019-06-28 09:55:10.000000000,100065,297,99999,197,100066,197,99968,197,100213,197,99945,197,100357,197,99944,197,100361,100,99908,100,100412,100,99904,100,100550,100,99889,100,100652,100,99882,100,100661,100,99880,100,100728,100,99848,100
2019-06-28 09:55:20.000000000,100065,278,99999,178,100066,178,99968,178,100213,178,99945,178,100357,178,99944,178,100361,178,99908,178,100412,100,99904,100,100550,100,99889,100,100652,100,99882,100,100661,100,99880,100,100728,100,99848,100
2019-06-28 09:55:30.000000000,100065,394,99999,294,100066,294,99968,294,100213,100,99945,100,100357,100,99944,100,100361,100,99908,100,100412,100,99904,100,100550,100,99889,100,100652,100,99882,100,100661,100,99880,100,100728,100,99848,100
2019-06-28 09:55:38.073200920,100065,394,99999,294,100066,194,99968,294,100213,100,99945,100,100357,100,99944,100,100361,100,99908,100,100412,100,99904,100,100550,100,99889,100,100652,100,99882,100,100661,100,99880,100,100728,100,99848,100
2019-06-28 09:55:40.000000000,100065,278,99999,178,100213,178,99968,178,100357,178,99945,178,100361,178,99944,178,100412,178,99908,178,100550,100,99904,100,100652,100,99889,100,100661,100,99882,100,100728,100,99880,100,,,99848,100
2019-06-28 09:55:42.376677475,100065,378,99999,178,100213,178,99968,178,100357,178,99945,178,100361,178,99944,178,100412,178,99908,178,100550,100,99904,100,100652,100,99889,100,100661,100,99882,100,100728,100,99880,100,,,99848,100
2019-06-28 09:55:47.024213629,100065,378,99999,178,100213,178,99968,178,100357,178,99945,178,100361,178,99944,178,100412,178,99908,178,100550,100,99904,100,100652,100,99889,100,100661,100,99882,100,100728,100,99880,100,,,99848,100
2019-06-28 09:55:50.000000000,100065,432,99999,232,100213,228,99968,228,100357,228,99945,228,100361,100,99944,100,100412,100,99908,100,100550,100,99904,100,100652,100,99889,100,100661,100,99882,100,100728,100,99880,100,,,99848,100
2019-06-28 09:55:57.952648243,100065,432,99999,232,100213,228,99968,228,100357,228,99945,228,100361,100,99944,100,100412,100,99908,100,100550,100,99904,100,100652,100,99889,100,100661,100,99882,100,100728,100,99880,100,,,99848,100
2019-06-28 09:56:00.000000000,100065,689,99999,489,100213,100,99968,100,100357,100,99945,100,100361,100,99944,100,100412,100,99908,100,100550,100,99904,100,100652,100,99889,100,100661,100,99882,100,100728,100,99880,100,,,99848,100
2019-06-28 09:56:10.000000000,100065,432,99999,232,100213,228,99968,228,100357,228,99945,228,100361,100,99944,100,100412,100,99908,100,100550,100,99904,100,100652,100,99889,100,100661,100,99882,100,100728,100,99880,100,,,99848,100
2019-06-28 09:56:16.109213415,100065,332,99999,232,100213,228,99968,228,100357,228,99945,228,100361,100,99944,100,100412,100,99908,100,100550,100,99904,100,100652,100,99889,100,100661,100,99882,100,100728,100,99880,100,,,99848,100
2019-06-28 09:56:20.000000000,100065,332,99999,232,100213,228,99968,228,100357,228,99945,228,100361,100,99944,100,100412,100,99908,100,100550,100,99904,100,100652,100,99889,100,100661,100,99882,100,100728,100,99880,100,,,99848,100
2019-06-28 09:56:23.538125050,100065,332,100055,100,100213,228,99999,232,100357,228,99968,228,100361,100,99945,228,100412,100,99944,100,100550,100,99908,100,100652,100,99904,100,100661,100,99889,100,100728,100,99882,100,,,99880,100
2019-06-28 09:56:23.991648326,100065,332,100055,200,100213,228,99999,232,100357,228,99968,228,100361,100,99945,228,100412,100,99944,100,100550,100,99908,100,100652,100,99904,100,100661,100,99889,100,100728,100,99882,100,,,99880,100
2019-06-28 09:56:30.000000000,100065,589,100055,589,100213,100,99999,100,100357,100,99968,100,100361,100,99945,100,100412,100,99944,100,100550,100,99908,100,100652,100,99904,100,100661,100,99889,100,100728,100,99882,100,,,99880,100
2019-06-28 09:56:40.000000000,100065,278,100055,278,100213,178,99999,178,100357,178,99968,178,100361,178,99945,178,100412,178,99944,178,100550,100,99908,100,100652,100,99904,100,100661,100,99889,100,100728,100,99882,100,,,99880,100
2019-06-28 09:56:50.000000000,100065,278,100055,278,100213,178,99999,178,100357,178,99968,178,100361,178,99945,178,100412,178,99944,178,100550,100,99908,100,100652,100,99904,100,100661,100,99889,100,100728,100,99882,100,,,99880,100
2019-06-28 09:56:50.133683465,100065,278,100055,278,100213,178,99999,178,100357,178,99968,178,100361,178,99945,178,100412,178,99944,178,100550,100,99908,100,100652,100,99904,100,100661,100,99889,100,100726,100,99882,100,100728,100,99880,100
2019-06-28 09:56:50.460281293,100065,178,100055,278,100213,178,99999,178,100357,178,99968,178,100361,178,99945,178,100412,178,99944,178,100550,100,99908,100,100652,100,99904,100,100661,100,99889,100,100726,100,99882,100,100728,100,99880,100
2019-06-28 09:57:00.000000000,100065,232,100055,332,100213,228,99999,228,100357,228,99968,228,100361,100,99945,100,100412,100,99944,100,100550,100,99908,100,100652,100,99904,100,100661,100,99889,100,100726,100,99882,100,100728,100,99880,100
2019-06-28 09:57:10.000000000,100065,197,100055,297,100213,197,99999,197,100357,197,99968,197,100361,197,99945,197,100412,100,99944,100,100550,100,99908,100,100652,100,99904,100,100661,100,99889,100,100726,100,99882,100,100728,100,99880,100
2019-06-28 09:57:15.825170507,100065,197,100055,297,100213,197,99999,197,100357,197,99968,197,100361,197,99945,197,100410,100,99944,100,100412,100,99908,100,100550,100,99904,100,100652,100,99889,100,100661,100,99882,100,100728,100,99880,100
2019-06-28 09:57:20.000000000,100065,489,100055,589,100213,100,99999,100,100357,100,99968,100,100361,100,99945,100,100410,100,99944,100,100412,100,99908,100,100550,100,99904,100,100652,100,99889,100,100661,100,99882,100,100728,100,99880,100
2019-06-28 09:57:25.428594009,100065,489,100055,589,100213,100,99999,100,100357,100,99968,100,100361,100,99945,100,100410,100,99944,100,100412,100,99908,100,100499,100,99904,100,100550,100,99889,100,100652,100,99882,100,100661,100,99880,100
2019-06-28 09:57:30.000000000,100065,294,100055,394,100213,294,99999,294,100357,100,99968,100,100361,100,99945,100,100410,100,99944,100,100412,100,99908,100,100499,100,99904,100,100550,100,99889,100,100652,100,99882,100,100661,100,99880,100
2019-06-28 09:57:40.000000000,100065,232,100055,332,100213,228,99999,228,100357,228,99968,228,100361,100,99945,100,100410,100,99944,100,100412,100,99908,100,100499,100,99904,100,100550,100,99889,100,100652,100,99882,100,100661,100,99880,100
2019-06-28 09:57:50.000000000,100065,232,100055,332,100213,228,99999,228,100357,228,99968,228,100361,100,99945,100,100410,100,99944,100,100412,100,99908,100,100499,100,99904,100,100550,100,99889,100,100652,100,99882,100,100661,100,99880,100
2019-06-28 09:58:00.000000000,100065,232,100055,332,100213,228,99999,228,100357,228,99968,228,100361,100,99945,100,100410,100,99944,100,100412,100,99908,100,100499,100,99904,100,100550,100,99889,100,100652,100,99882,100,100661,100,99880,100
2019-06-28 09:58:05.144950751,100065,132,100055,332,100213,228,99999,228,100357,228,99968,228,100361,100,99945,100,100410,100,99944,100,100412,100,99908,100,100499,100,99904,100,100550,100,99889,100,100652,100,99882,100,100661,100,99880,100
2019-06-28 09:58:10.000000000,100213,294,100055,394,100357,294,99999,294,100361,100,99968,100,100410,100,99945,100,100412,100,99944,100,100499,100,99908,100,100550,100,99904,100,100652,100,99889,100,100661,100,99882,100,100728,100,99880,100
2019-06-28 09:58:13.839954699,100213,194,100055,394,100357,294,99999,294,100361,100,99968,100,100410,100,99945,100,100412,100,99944,100,100499,100,99908,100,100550,100,99904,100,100652,100,99889,100,100661,100,99882,100,100728,100,99880,100
2019-06-28 09:58:13.992141423,100213,194,100055,394,100357,294,99999,294,100361,100,99968,100,100410,100,99945,100,100412,100,99944,100,100499,100,99908,100,100550,100,99904,100,100652,100,99889,100,100661,100,99882,100,100728,100,99880,100
2019-06-28 09:58:20.000000000,100357,294,100055,394,100361,294,99999,294,100410,100,99968,100,100412,100,99945,100,100499,100,99944,100,100550,100,99908,100,100652,100,99904,100,100661,100,99889,100,100728,100,99882,100,101248,100,99880,100
2019-06-28 09:58:30.000000000,100357,294,100055,394,100361,294,99999,294,100410,100,99968,100,100412,100,99945,100,100499,100,99944,100,100550,100,99908,100,100652,100,99904,100,100661,100,99889,100,100728,100,99882,100,101248,100,99880,100
2019-06-28 09:58:40.000000000,100357,178,100055,278,100361,178,99999,178,100410,178,99968,178,100412,178,99945,178,100499,178,99944,178,100550,100,99908,100,100652,100,99904,100,100661,100,99889,100,100728,100,99882,100,101248,100,99880,100
2019-06-28 09:58:47.217592242,100357,78,100055,278,100361,178,99999,178,100410,178,99968,178,100412,178,99945,178,100499,178,99944,178,100550,100,99908,100,100652,100,99904,100,100661,100,99889,100,100728,100,99882,100,101248,100,99880,100
2019-06-28 09:58:50.000000000,100361,178,100055,278,100410,178,99999,178,100412,178,99968,178,100499,178,99945,178,100550,178,99944,178,100652,100,99908,100,100661,100,99904,100,100728,100,99889,100,101248,100,99882,100,,,99880,100
2019-06-28 09:59:00.000000000,100361,489,100055,589,100410,100,99999,100,100412,100,99968,100,100499,100,99945,100,100550,100,99944,100,100652,100,99908,100,100661,100,99904,100,100728,100,99889,100,101248,100,99882,100,,,99880,100
2019-06-28 09:59:10.000000000,100361,489,100055,589,100410,100,99999,100,100412,100,99968,100,100499,100,99945,100,100550,100,99944,100,100652,100,99908,100,100661,100,99904,100,100728,100,99889,100,101248,100,99882,100,,,99880,100
2019-06-28 09:59:20.000000000,100361,232,100055,332,100410,228,99999,228,100412,228,99968,228,100499,100,99945,100,100550,100,99944,100,100652,100,99908,100,100661,100,99904,100,100728,100,99889,100,101248,100,99882,100,,,99880,100
2019-06-28 09:59:30.000000000,100361,178,100055,278,100410,178,99999,178,100412,178,99968,178,100499,178,99945,178,100550,178,99944,178,100652,100,99908,100,100661,100,99904,100,100728,100,99889,100,101248,100,99882,100,,,99880,100
2019-06-28 09:59:38.539690737,100361,178,100055,278,100410,178,99999,178,100412,178,99968,178,100499,178,99945,178,100550,178,99944,178,100652,100,99908,100,100661,100,99904,100,100728,100,99889,100,100924,100,99882,100,101248,100,99880,100
2019-06-28 09:59:39.896247823,100361,178,100055,278,100410,178,99999,178,100412,178,99968,178,100499,178,99945,178,100550,178,99944,178,100652,100,99908,100,100661,100,99904,100,100728,100,99889,100,100840,100,99882,100,100924,100,99880,100
2019-06-28 09:59:40.000000000,100361,232,100055,332,100410,228,99999,228,100412,228,99968,228,100499,100,99945,100,100550,100,99944,100,100652,100,99908,100,100661,100,99904,100,100728,100,99889,100,100840,100,99882,100,100924,100,99880,100
2019-06-28 09:59:46.632472963,100361,232,100213,100,100410,228,100055,332,100412,228,99999,228,100499,100,99968,228,100550,100,99945,100,100652,100,99944,100,100661,100,99908,100,100728,100,99904,100,100840,100,99889,100,100924,100,99882,100
2019-06-28 09:59:48.153155039,100361,232,100213,200,100410,228,100055,332,100412,228,99999,228,100499,100,99968,228,100550,100,99945,100,100652,100,99944,100,100661,100,99908,100,100728,100,99904,100,100840,100,99889,100,100924,100,99882,100
2019-06-28 09:59:50.000000000,100361,294,100213,394,100410,294,100055,394,100412,100,99999,100,100499,100,99968,100,100550,100,99945,100,100652,100,99944,100,100661,100,99908,100,100728,100,99904,100,100840,100,99889,100,100924,100,99882,100
2019-06-28 09:59:56.583106560,100361,294,100213,494,100410,294,100055,394,100412,100,99999,100,100499,100,99968,100,100550,100,99945,100,100652,100,99944,100,100661,100,99908,100,100728,100,99904,100,100840,100,99889,100,100924,100,99882,100
2019-06-28 10:00:00.000000000,100361,178,100213,378,100410,178,100055,278,100412,178,99999,178,100499,178,99968,178,100550,178,99945,178,100652,100,99944,100,100661,100,99908,100,100728,100,99904,100,100840,100,99889,100,100924,100,99882,100
2019-06-28 10:00:02.557372353,100361,178,100213,378,100410,178,100055,278,100412,178,99999,178,100499,178,99968,178,100550,178,99945,178,100652,100,99944,100,100661,100,99908,100,100728,100,99904,100,100840,100,99889,100,100924,100,99882,100
2019-06-28 10:00:05.492369805,100361,78,100213,378,100410,178,100055,278,100412,178,99999,178,100499,178,99968,178,100550,178,99945,178,100652,100,99944,100,100661,100,99908,100,100728,100,99904,100,100840,100,99889,100,100924,100,99882,100
2019-06-28 10:00:10.000000000,100410,232,100213,432,100412,228,100055,328,100499,228,99999,228,100550,100,99968,100,100652,100,99945,100,100661,100,99944,100,100728,100,99908,100,100840,100,99904,100,100924,100,99889,100,100956,100,99882,100
2019-06-28 10:00:20.000000000,100410,489,100213,689,100412,100,100055,200,100499,100,99999,100,100550,100,99968,100,100652,100,99945,100,100661,100,99944,100,100728,100,99908,100,100840,100,99904,100,100924,100,99889,100,100956,100,99882,100
2019-06-28 10:00:30.000000000,100410,178,100213,378,100412,178,100055,278,100499,178,99999,178,100550,178,99968,178,100652,178,99945,178,100661,100,99944,100,100728,100,99908,100,100840,100,99904,100,100924,100,99889,100,100956,100,99882,100
2019-06-28 10:00:31.681804993,100410,78,100213,378,100412,178,100055,278,100499,178,99999,178,100550,178,99968,178,100652,178,99945,178,100728,100,99944,100,100840,100,99908,100,100924,100,99904,100,100956,100,99889,100,101248,100,99882,100
2019-06-28 10:00:37.896965827,100410,78,100213,378,100412,178,100055,278,100471,100,99999,178,100499,178,99968,178,100550,178,99945,178,100652,178,99944,100,100728,100,99908,100,100840,100,99904,100,100924,100,99889,100,100956,100,99882,100
2019-06-28 10:00:40.000000000,100412,489,100213,689,100471,100,100055,200,100499,100,99999,100,100550,100,99968,100,100652,100,99945,100,100728,100,99944,100,100840,100,99908,100,100924,100,99904,100,100956,100,99889,100,,,99882,100
2019-06-28 10:00:47.479737488,100412,489,100361,100,100471,100,100213,589,100499,100,100055,200,100550,100,99999,100,100652,100,99968,100,100728,100,99945,100,100840,100,99944,100,100924,100,99908,100,100956,100,99904,100,,,99889,100
2019-06-28 10:00:50.000000000,100412,232,100361,232,100471,228,100213,328,100499,228,100055,328,100550,100,99999,100,100652,100,99968,100,100728,100,99945,100,100840,100,99944,100,100924,100,99908,100,100956,100,99904,100,,,99889,100
2019-06-28 10:00:51.959463389,100412,232,100361,232,100471,228,100213,328,100499,228,100055,328,100550,100,99999,100,100652,100,99968,100,100728,100,99945,100,100773,100,99944,100,100840,100,99908,100,100924,100,99904,100,100956,100,99889,100
2019-06-28 10:01:00.000000000,100412,197,100361,197,100471,197,100213,297,100499,197,100055,297,100550,197,99999,197,100652,100,99968,100,100728,100,99945,100,100773,100,99944,100,100840,100,99908,100,100924,100,99904,100,100956,100,99889,100
2019-06-28 10:01:10.000000000,100412,178,100361,178,100471,178,100213,278,100499,178,100055,278,100550,178,99999,178,100652,178,99968,178,100728,100,99945,100,100773,100,99944,100,100840,100,99908,100,100924,100,99904,100,100956,100,99889,100
2019-06-28 10:01:20.000000000,100412,178,100361,178,100471,178,100213,278,100499,178,100055,278,100550,178,99999,178,100652,178,99968,178,100728,100,99945,100,100773,100,99944,100,100840,100,99908,100,100924,100,99904,100,100956,100,99889,100
2019-06-28 10:01:30.000000000,100412,489,100361,489,100471,100,100213,200,100499,100,100055,200,100550,100,99999,100,100652,100,99968,100,100728,100,99945,100,100773,100,99944,100,100840,100,99908,100,100924,100,99904,100,100956,100,99889,100
2019-06-28 10:01:40.000000000,100412,294,100361,294,100471,294,100213,394,100499,100,100055,200,100550,100,99999,100,100652,100,99968,100,100728,100,99945,100,100773,100,99944,100,100840,100,99908,100,100924,100,99904,100,100956,100,99889,100
2019-06-28 10:01:50.000000000,100412,197,100361,197,100471,197,100213,297,100499,197,100055,297,100550,197,99999,197,100652,100,99968,100,100728,100,99945,100,100773,100,99944,100,100840,100,99908,100,100924,100,99904,100,100956,100,99889,100
2019-06-28 10:02:00.000000000,100412,489,100361,489,100471,100,100213,200,100499,100,100055,200,100550,100,99999,100,100652,100,99968,100,100728,100,99945,100,100773,100,99944,100,100840,100,99908,100,100924,100,99904,100,100956,100,99889,100
2019-06-28 10:02:02.793251128,100412,489,100361,489,100471,100,100213,200,100499,100,100055,200,100550,100,99999,100,100652,100,99968,100,100728,100,99945,100,100773,100,99944,100,100924,100,99908,100,100956,100,99904,100,101769,100,99889,100
2019-06-28 10:02:06.197275982,100412,389,100361,489,100471,100,100213,200,100499,100,100055,200,100550,100,99999,100,100652,100,99968,100,100728,100,99945,100,100773,100,99944,100,100924,100,99908,100,100956,100,99904,100,101769,100,99889,100
2019-06-28 10:02:10.000000000,100471,294,100361,294,100499,294,100213,394,100550,100,100055,200,100652,100,99999,100,100728,100,99968,100,100773,100,99945,100,100924,100,99944,100,100956,100,99908,100,101769,100,99904,100,,,99889,100
2019-06-28 10:02:20.000000000,100471,294,100361,294,100499,294,100213,394,100550,100,100055,200,100652,100,99999,100,100728,100,99968,100,100773,100,99945,100,100924,100,99944,100,100956,100,99908,100,101769,100,99904,100,,,99889,100
2019-06-28 10:02:30.000000000,100471,232,100361,232,100499,228,100213,328,100550,228,100055,328,100652,100,99999,100,100728,100,99968,100,100773,100,99945,100,100924,100,99944,100,100956,100,99908,100,101769,100,99904,100,,,99889,100
2019-06-28 10:02:40.000000000,100471,197,100361,197,100499,197,100213,297,100550,197,100055,297,100652,197,99999,197,100728,100,99968,100,100773,100,99945,100,100924,100,99944,100,100956,100,99908,100,101769,100,99904,100,,,99889,100
2019-06-28 10:02:44.553105592,100471,197,100410,100,100499,197,100361,197,100550,197,100213,297,100652,197,100055,297,100728,100,99999,197,100773,100,99968,100,100924,100,99945,100,100956,100,99944,100,101769,100,99908,100,,,99904,100
2019-06-28 10:02:50.000000000,100471,294,100410,294,100499,294,100361,294,100550,100,100213,200,100652,100,100055,200,100728,100,99999,100,100773,100,99968,100,100924,100,99945,100,100956,100,99944,100,101769,100,99908,100,,,99904,100
2019-06-28 10:02:58.951995699,100471,294,100410,394,100499,294,100361,294,100550,100,100213,200,100652,100,100055,200,100728,100,99999,100,100773,100,99968,100,100924,100,99945,100,100956,100,99944,100,101769,100,99908,100,,,99904,100
2019-06-28 10:03:00.000000000,100471,197,100410,297,100499,197,100361,197,100550,197,100213,297,100652,197,100055,297,100728,100,99999,100,100773,100,99968,100,100924,100,99945,100,100956,100,99944,100,101769,100,99908,100,,,99904,100
2019-06-28 10:03:05.780970220,100471,197,100410,297,100499,197,100361,197,100550,197,100213,297,100652,197,100055,197,100728,100,99999,100,100773,100,99968,100,100924,100,99945,100,100956,100,99944,100,101769,100,99908,100,,,99904,100
2019-06-28 10:03:10.000000000,100471,294,100410,394,100499,294,100361,294,100550,100,100213,200,100652,100,100055,100,100728,100,99999,100,100773,100,99968,100,100924,100,99945,100,100956,100,99944,100,101769,100,99908,100,,,99904,100
2019-06-28 10:03:19.656298723,100471,194,100410,394,100499,294,100361,294,100550,100,100213,200,100652,100,100055,100,100728,100,99999,100,100773,100,99968,100,100924,100,99945,100,100956,100,99944,100,101769,100,99908,100,,,99904,100
2019-06-28 10:03:20.000000000,100499,197,100410,297,100550,197,100361,197,100652,197,100213,297,100728,197,100055,197,100773,100,99999,100,100924,100,99968,100,100956,100,99945,100,101769,100,99944,100,,,99908,100,,,99904,100
2019-06-28 10:03:30.000000000,100499,489,100410,589,100550,100,100361,100,100652,100,100213,200,100728,100,100055,100,100773,100,99999,100,100924,100,99968,100,100956,100,99945,100,101769,100,99944,100,,,99908,100,,,99904,100
2019-06-28 10:03:32.468916284,100499,389,100410,589,100550,100,100361,100,100652,100,100213,200,100728,100,100055,100,100773,100,99999,100,100924,100,99968,100,100956,100,99945,100,101769,100,99944,100,,,99908,100,,,99904,100
2019-06-28 10:03:38.530449971,100499,389,100471,100,100550,100,100410,589,100652,100,100361,100,100728,100,100213,200,100773,100,100055,100,100924,100,99999,100,100956,100,99968,100,101769,100,99945,100,,,99944,100,,,99908,100
2019-06-28 10:03:40.000000000,100550,294,100471,294,100652,294,100410,394,100728,100,100361,100,100773,100,100213,200,100924,100,100055,100,100956,100,99999,100,101769,100,99968,100,,,99945,100,,,99944,100,,,99908,100
2019-06-28 10:03:50.000000000,100550,232,100471,232,100652,228,100410,328,100728,228,100361,228,100773,100,100213,200,100924,100,100055,100,100956,100,99999,100,101769,100,99968,100,,,99945,100,,,99944,100,,,99908,100
2019-06-28 10:04:00.000000000,100550,232,100471,232,100652,228,100410,328,100728,228,100361,228,100773,100,100213,200,100924,100,100055,100,100956,100,99999,100,101769,100,99968,100,,,99945,100,,,99944,100,,,99908,100
2019-06-28 10:04:10.000000000,100550,294,100471,294,100652,294,100410,394,100728,100,100361,100,100773,100,100213,200,100924,100,100055,100,100956,100,99999,100,101769,100,99968,100,,,99945,100,,,99944,100,,,99908,100
2019-06-28 10:04:11.665265102,100550,194,100471,294,100652,294,100410,394,100728,100,100361,100,100773,100,100213,200,100924,100,100055,100,100956,100,99999,100,101769,100,99968,100,,,99945,100,,,99944,100,,,99904,100
2019-06-28 10:04:20.000000000,100652,232,100471,232,100728,228,100410,328,100773,228,100361,228,100924,100,100213,200,100956,100,100055,100,101769,100,99999,100,,,99968,100,,,99945,100,,,99944,100,,,99904,100
2019-06-28 10:04:30.000000000,100652,232,100471,232,100728,228,100410,328,100773,228,100361,228,100924,100,100213,200,100956,100,100055,100,101769,100,99999,100,,,99968,100,,,99945,100,,,99944,100,,,99904,100
2019-06-28 10:04:40.000000000,100652,294,100471,294,100728,294,100410,394,100773,100,100361,100,100924,100,100213,200,100956,100,100055,100,101769,100,99999,100,,,99968,100,,,99945,100,,,99944,100,,,99904,100
2019-06-28 10:04:42.790550944,100652,294,100471,294,100728,294,100410,394,100773,100,100361,100,100924,100,100213,200,100956,100,100055,100,101769,100,99999,100,101914,100,99968,100,,,99945,100,,,99944,100,,,99904,100
2019-06-28 10:04:50.000000000,100652,232,100471,232,100728,228,100410,328,100773,228,100361,228,100924,100,100213,200,100956,100,100055,100,101769,100,99999,100,101914,100,99968,100,,,99945,100,,,99944,100,,,99904,100
2019-06-28 10:05:00.000000000,100652,197,100471,197,100728,197,100410,297,100773,197,100361,197,100924,197,100213,297,100956,100,100055,100,101769,100,99999,100,101914,100,99968,100,,,99945,100,,,99944,100,,,99904,100
2019-06-28 10:05:07.167323537,100652,97,100471,197,100728,197,100410,297,100773,197,100361,197,100924,197,100213,297,100956,100,100055,100,101769,100,99999,100,101914,100,99968,100,,,99945,100,,,99944,100,,,99904,100
2019-06-28 10:05:10.000000000,100728,294,100471,294,100773,294,100410,394,100924,100,100361,100,100956,100,100213,200,101769,100,100055,100,101914,100,99999,100,,,99968,100,,,99945,100,,,99944,100,,,99904,100
2019-06-28 10:05:10.437190218,100728,294,100550,100,100773,294,100471,294,100924,100,100410,394,100956,100,100361,100,101769,100,100213,200,101914,100,100055,100,,,99999,100,,,99968,100,,,99945,100,,,99944,100
2019-06-28 10:05:20.000000000,100728,178,100550,178,100773,178,100471,178,100924,178,100410,278,100956,178,100361,178,101769,178,100213,278,101914,100,100055,100,,,99999,100,,,99968,100,,,99945,100,,,99944,100
2019-06-28 10:05:21.300367611,100728,178,100550,278,100773,178,100471,178,100924,178,100410,278,100956,178,100361,178,101769,178,100213,278,101914,100,100055,100,,,99999,100,,,99968,100,,,99945,100,,,99944,100
2019-06-28 10:05:24.851562160,100728,78,100550,278,100773,178,100471,178,100924,178,100410,278,100956,178,100361,178,101769,178,100213,278,101914,100,100055,100,,,99999,100,,,99968,100,,,99945,100,,,99944,100
2019-06-28 10:05:30.000000000,100773,178,100550,278,100924,178,100471,178,100956,178,100410,278,101769,178,100361,178,101914,178,100213,278,,,100055,100,,,99999,100,,,99968,100,,,99945,100,,,99944,100
2019-06-28 10:05:32.066604829,100773,78,100550,278,100924,178,100471,178,100956,178,100410,278,101769,178,100361,178,101914,178,100213,278,,,100055,100,,,99999,100,,,99968,100,,,99945,100,,,99944,100
2019-06-28 10:05:40.000000000,100924,294,100550,394,100956,294,100471,294,101769,100,100410,200,101914,100,100361,100,,,100213,200,,,100055,100,,,99999,100,,,99968,100,,,99945,100,,,99944,100
2019-06-28 10:05:50.000000000,100924,178,100550,278,100956,178,100471,178,101769,178,100410,278,101914,178,100361,178,101915,78,100213,278,,,100055,100,,,99999,100,,,99968,100,,,99945,100,,,99944,100
2019-06-28 10:06:00.000000000,100924,178,100550,278,100956,178,100471,178,101769,178,100410,278,101914,178,100361,178,101915,78,100213,278,,,100055,100,,,99999,100,,,99968,100,,,99945,100,,,99944,100
2019-06-28 10:06:10.000000000,100924,178,100550,278,100956,178,100471,178,101769,178,100410,278,101914,178,100361,178,101915,78,100213,278,,,100055,100,,,99999,100,,,99968,100,,,99945,100,,,99944,100
2019-06-28 10:06:20.000000000,100924,178,100550,278,100956,178,100471,178,101769,178,100410,278,101914,178,100361,178,101915,78,100213,278,,,100055,100,,,99999,100,,,99968,100,,,99945,100,,,99944,100
2019-06-28 10:06:30.000000000,100924,294,100550,394,100956,294,100471,294,101769,100,100410,200,101914,100,100361,100,,,100213,200,,,100055,100,,,99999,100,,,99968,100,,,99945,100,,,99944,100
2019-06-28 10:06:40.000000000,100924,294,100550,394,100956,294,100471,294,101769,100,100410,200,101914,100,100361,100,,,100213,200,,,100055,100,,,99999,100,,,99968,100,,,99945,100,,,99944,100
2019-06-28 10:06:41.565089896,100924,194,100550,394,100956,294,100471,294,101914,100,100410,200,,,100361,100,,,100213,200,,,100055,100,,,99999,100,,,99968,100,,,99945,100,,,99944,100
2019-06-28 10:06:48.912831390,100924,194,100550,394,100956,294,100471,294,100964,100,100410,200,101914,100,100361,100,,,100213,200,,,100055,100,,,99999,100,,,99968,100,,,99945,100,,,99944,100
2019-06-28 10:06:50.000000000,100956,489,100550,589,100964,100,100471,100,101914,100,100410,200,,,100361,100,,,100213,200,,,100055,100,,,99999,100,,,99968,100,,,99945,100,,,99944,100
2019-06-28 10:07:00.000000000,100956,178,100550,278,100964,178,100471,178,101914,178,100410,278,101915,78,100361,178,,,100213,278,,,100055,100,,,99999,100,,,99968,100,,,99945,100,,,99944,100
2019-06-28 10:07:10.000000000,100956,197,100550,297,100964,197,100471,197,101914,197,100410,297,101915,97,100361,197,,,100213,200,,,100055,100,,,99999,100,,,99968,100,,,99945,100,,,99944,100
2019-06-28 10:07:10.210760041,100956,197,100550,297,100964,197,100471,197,100967,100,100410,297,101914,197,100361,197,101915,97,100213,200,,,100055,100,,,99999,100,,,99968,100,,,99945,100,,,99944,100
2019-06-28 10:07:14.712915741,100956,197,100550,297,100964,197,100471,197,100967,100,100410,297,101008,100,100361,197,101914,197,100213,200,101915,97,100055,100,,,99999,100,,,99968,100,,,99945,100,,,99944,100
2019-06-28 10:07:20.000000000,100956,489,100550,589,100964,100,100471,100,100967,100,100410,200,101008,100,100361,100,101914,100,100213,200,,,100055,100,,,99999,100,,,99968,100,,,99945,100,,,99944,100
2019-06-28 10:07:30.000000000,100956,489,100550,589,100964,100,100471,100,100967,100,100410,200,101008,100,100361,100,101914,100,100213,200,,,100055,100,,,99999,100,,,99968,100,,,99945,100,,,99944,100
2019-06-28 10:07:32.374521398,100956,489,100550,489,100964,100,100471,100,100967,100,100410,200,101008,100,100361,100,101914,100,100213,200,,,100055,100,,,99999,100,,,99968,100,,,99945,100,,,99944,100
2019-06-28 10:07:40.000000000,100956,489,100550,489,100964,100,100471,100,100967,100,100410,200,101008,100,100361,100,101914,100,100213,200,,,100055,100,,,99999,100,,,99968,100,,,99945,100,,,99944,100
2019-06-28 10:07:50.000000000,100956,232,100550,232,100964,228,100471,228,100967,228,100410,328,101008,100,100361,100,101914,100,100213,200,,,100055,100,,,99999,100,,,99968,100,,,99945,100,,,99944,100
2019-06-28 10:07:57.149895349,100956,132,100550,232,100964,228,100471,228,100967,228,100410,328,101008,100,100361,100,101914,100,100213,200,,,100055,100,,,99999,100,,,99968,100,,,99945,100,,,99944,100
2019-06-28 10:08:00.000000000,100964,178,100550,178,100967,178,100471,178,101008,178,100410,278,101914,178,100361,178,101915,78,100213,278,,,100055,100,,,99999,100,,,99968,100,,,99945,100,,,99944,100
2019-06-28 10:08:05.595390887,100964,178,100550,178,100967,178,100471,178,101008,178,100410,278,101427,100,100361,178,101914,178,100213,278,101915,78,100055,100,,,99999,100,,,99968,100,,,99945,100,,,99944,100
2019-06-28 10:08:10.000000000,100964,489,100550,489,100967,100,100471,100,101008,100,100410,200,101427,100,100361,100,101914,100,100213,200,,,100055,100,,,99999,100,,,99968,100,,,99945,100,,,99944,100
2019-06-28 10:08:10.918621082,100964,489,100550,489,100967,100,100471,100,101008,100,100410,200,101427,100,100361,100,101638,100,100213,200,101914,100,100055,100,,,99999,100,,,99968,100,,,99945,100,,,99944,100
2019-06-28 10:08:20.000000000,100964,178,100550,178,100967,178,100471,178,101008,178,100410,278,101427,178,100361,178,101638,178,100213,278,101914,100,100055,100,,,99999,100,,,99968,100,,,99945,100,,,99944,100
2019-06-28 10:08:30.000000000,100964,232,100550,232,100967,228,100471,228,101008,228,100410,328,101427,100,100361,100,101638,100,100213,200,101914,100,100055,100,,,99999,100,,,99968,100,,,99945,100,,,99944,100
2019-06-28 10:08:32.261825502,100964,132,100550,232,100967,228,100471,228,101008,228,100410,328,101427,100,100361,100,101638,100,100213,200,101914,100,100055,100,,,99999,100,,,99968,100,,,99945,100,,,99944,100
2019-06-28 10:08:34.885717896,100964,132,100956,100,100967,228,100550,132,101008,228,100471,228,101427,100,100410,328,101638,100,100361,100,101914,100,100213,200,,,100055,100,,,99999,100,,,99968,100,,,99945,100
2019-06-28 10:08:40.000000000,100967,178,100956,178,101008,178,100471,178,101427,178,100410,278,101638,178,100361,178,101914,178,100213,278,,,100055,100,,,99999,100,,,99968,100,,,99945,100,,,99944,100
2019-06-28 10:08:50.000000000,100967,197,100956,197,101008,197,100471,197,101427,197,100410,297,101638,197,100361,197,101914,100,100213,200,,,100055,100,,,99999,100,,,99968,100,,,99945,100,,,99944,100
2019-06-28 10:09:00.000000000,100967,197,100956,197,101008,197,100471,197,101427,197,100410,297,101638,197,100361,197,101914,100,100213,200,,,100055,100,,,99999,100,,,99968,100,,,99945,100,,,99944,100
2019-06-28 10:09:04.068406162,100967,97,100956,197,101008,197,100471,197,101427,197,100410,297,101638,197,100361,197,101914,100,100213,200,,,100055,100,,,99999,100,,,99968,100,,,99945,100,,,99944,100
2019-06-28 10:09:10.000000000,101008,294,100956,294,101427,294,100471,294,101638,100,100410,200,101914,100,100361,100,,,100213,200,,,100055,100,,,99999,100,,,99968,100,,,99945,100,,,99944,100
2019-06-28 10:09:20.000000000,101008,178,100956,178,101427,178,100471,178,101638,178,100410,278,101914,178,100361,178,101915,78,100213,278,,,100055,100,,,99999,100,,,99968,100,,,99945,100,,,99944,100
2019-06-28 10:09:25.736845107,101008,78,100956,178,101427,178,100471,178,101638,178,100410,278,101914,178,100361,178,101915,78,100213,278,,,100055,100,,,99999,100,,,99968,100,,,99945,100,,,99944,100
2019-06-28 10:09:30.000000000,101427,197,100956,197,101638,197,100471,197,101914,197,100410,297,101915,97,100361,197,,,100213,200,,,100055,100,,,99999,100,,,99968,100,,,99945,100,,,99944,100
2019-06-28 10:09:32.358832105,101427,197,101085,100,101638,197,100956,197,101914,197,100471,197,101915,97,100410,297,,,100361,197,,,100213,200,,,100055,100,,,99999,100,,,99968,100,,,99945,100
2019-06-28 10:09:40.000000000,101427,232,101085,232,101638,228,100956,228,101914,228,100471,228,,,100410,200,,,100361,100,,,100213,200,,,100055,100,,,99999,100,,,99968,100,,,99945,100
2019-06-28 10:09:42.317961991,101116,100,101085,232,101427,232,100956,228,101638,228,100471,228,101914,228,100410,200,,,100361,100,,,100213,200,,,100055,100,,,99999,100,,,99968,100,,,99945,100
2019-06-28 10:09:45.322304689,101116,100,101085,232,101427,232,100956,228,101638,228,100653,100,101914,228,100471,228,,,100410,200,,,100361,100,,,100213,200,,,100055,100,,,99999,100,,,99968,100
2019-06-28 10:09:50.000000000,101116,178,101085,178,101427,178,100956,178,101638,178,100653,178,101914,178,100471,178,101915,78,100410,278,,,100361,100,,,100213,200,,,100055,100,,,99999,100,,,99968,100
2019-06-28 10:10:00.000000000,101116,197,101085,197,101427,197,100956,197,101638,197,100653,197,101914,197,100471,197,,,100410,200,,,100361,100,,,100213,200,,,100055,100,,,99999,100,,,99968,100
2019-06-28 10:10:07.265725807,101116,197,101085,197,101427,197,100956,197,101638,197,100653,197,101914,197,100646,100,,,100471,197,,,100410,200,,,100361,100,,,100213,200,,,100055,100,,,99999,100
2019-06-28 10:10:10.000000000,101116,197,101085,197,101427,197,100956,197,101638,197,100653,197,101914,197,100646,197,,,100471,100,,,100410,200,,,100361,100,,,100213,200,,,100055,100,,,99999,100
2019-06-28 10:10:14.349245995,101116,197,101085,97,101427,197,100956,197,101638,197,100653,197,101914,197,100646,197,,,100471,100,,,100410,200,,,100361,100,,,100213,200,,,100055,100,,,99999,100
2019-06-28 10:10:20.000000000,101116,294,100956,294,101427,294,100653,294,101638,100,100646,100,101914,100,100471,100,,,100410,200,,,100361,100,,,100213,200,,,100055,100,,,99999,100,,,99968,100
2019-06-28 10:10:29.659126965,101080,100,100956,294,101116,294,100653,294,101427,294,100646,100,101638,100,100471,100,101914,100,100410,200,,,100361,100,,,100213,200,,,100055,100,,,99999,100,,,99968,100
2019-06-28 10:10:30.000000000,101080,232,100956,232,101116,228,100653,228,101427,228,100646,228,101638,100,100471,100,101914,100,100410,200,,,100361,100,,,100213,200,,,100055,100,,,99999,100,,,99968,100
2019-06-28 10:10:40.000000000,101080,294,100956,294,101116,294,100653,294,101427,100,100646,100,101638,100,100471,100,101914,100,100410,200,,,100361,100,,,100213,200,,,100055,100,,,99999,100,,,99968,100
2019-06-28 10:10:45.868153156,101080,294,100956,294,101116,294,100863,100,101427,100,100653,294,101638,100,100646,100,101914,100,100471,100,,,100410,200,,,100361,100,,,100213,200,,,100055,100,,,99999,100
2019-06-28 10:10:48.189747225,101080,294,100956,194,101116,294,100863,100,101427,100,100653,294,101638,100,100646,100,101914,100,100471,100,,,100410,200,,,100361,100,,,100213,200,,,100055,100,,,99999,100
2019-06-28 10:10:50.000000000,101080,489,100863,489,101116,100,100653,100,101427,100,100646,100,101638,100,100471,100,101914,100,100410,200,,,100361,100,,,100213,200,,,100055,100,,,99999,100,,,99968,100
2019-06-28 10:11:00.000000000,101080,178,100863,178,101116,178,100653,178,101427,178,100646,178,101638,178,100471,178,101914,178,100410,278,,,100361,100,,,100213,200,,,100055,100,,,99999,100,,,99968,100
2019-06-28 10:11:10.000000000,101080,294,100863,294,101116,294,100653,294,101427,100,100646,100,101638,100,100471,100,101914,100,100410,200,,,100361,100,,,100213,200,,,100055,100,,,99999,100,,,99968,100
