,ask_price_1,ask_size_1,bid_price_1,bid_size_1,ask_price_2,ask_size_2,bid_price_2,bid_size_2,ask_price_3,ask_size_3,bid_price_3,bid_size_3,ask_price_4,ask_size_4,bid_price_4,bid_size_4,ask_price_5,ask_size_5,bid_price_5,bid_size_5,ask_price_6,ask_size_6,bid_price_6,bid_size_6,ask_price_7,ask_size_7,bid_price_7,bid_size_7,ask_price_8,ask_size_8,bid_price_8,bid_size_8,ask_price_9,ask_size_9,bid_price_9,bid_size_9,ask_price_10,ask_size_10,bid_price_10,bid_size_10
2019-06-28 09:30:00.000000000,100037,100,100011,100,,,99921,100,,,,,,,,,,,,,,,,,,,,,,,,,,,,,,,,
2019-06-28 09:30:00.000000001,100026,100,100011,100,100037,100,99921,100,100106,100,,,,,,,,,,,,,,,,,,,,,,,,,,,,,,
2019-06-28 09:30:00.000000009,100026,100,100011,100,100037,100,99921,100,100048,100,,,100106,100,,,100110,100,,,,,,,,,,,,,,,,,,,,,,
2019-06-28 09:30:00.000000010,100026,100,100011,100,100037,100,99921,100,100042,100,,,100048,100,,,100106,100,,,100110,100,,,,,,,,,,,,,,,,,,
2019-06-28 09:30:00.000000011,100026,100,100011,100,100037,100,99921,100,100042,100,,,100048,100,,,100074,100,,,100106,100,,,100110,100,,,,,,,,,,,,,,
2019-06-28 09:30:00.000000013,100026,100,100011,100,100037,100,99921,100,100042,100,,,100048,100,,,100068,100,,,100074,100,,,100106,100,,,100110,100,,,,,,,,,,
2019-06-28 09:30:00.000000014,100026,100,100011,100,100037,100,99921,100,100042,100,99908,100,100048,100,,,100068,100,,,100074,100,,,100106,100,,,100110,100,,,,,,,,,,
2019-06-28 09:30:00.000000017,100026,100,100011,100,100037,100,99965,100,100042,100,99921,100,100048,100,99908,100,100068,100,,,100074,100,,,100106,100,,,100110,100,,,,,,,,,,
2019-06-28 09:30:00.000000018,100026,100,100011,100,100037,100,99986,100,100042,100,99965,100,100048,100,99921,100,100068,100,99908,100,100074,100,,,100106,100,,,100110,100,,,,,,,,,,
2019-06-28 09:30:00.000000021,100037,100,100011,100,100042,100,99998,100,100048,100,99986,100,100068,100,99965,100,100074,100,99921,100,100096,100,99908,100,100106,100,,,100110,100,,,,,,,,,,
2019-06-28 09:30:00.000000022,100037,100,100011,100,100042,100,99998,100,100048,100,99986,100,100068,100,99965,100,100074,100,99921,100,100096,100,99908,100,100106,100,99854,100,100110,100,,,,,,,,,,
2019-06-28 09:30:00.000000023,100037,100,100011,100,100042,100,99998,100,100048,100,99986,100,100068,100,99965,100,100074,100,99921,100,100094,100,99908,100,100096,100,99854,100,100106,100,,,100110,100,,,,,,
2019-06-28 09:30:00.000000024,100037,100,100011,100,100042,100,99998,100,100048,100,99986,100,100068,100,99965,100,100074,100,99921,100,100094,100,99908,100,100096,100,99854,100,100106,100,,,100108,100,,,100110,100,,
2019-06-28 09:30:00.000000025,100037,100,100011,100,100042,100,99998,100,100048,100,99986,100,100068,100,99965,100,100074,100,99921,100,100094,100,99908,100,100096,100,99907,100,100101,100,99854,100,100106,100,,,100108,100,,
2019-06-28 09:30:00.000000027,100037,100,100011,100,100042,100,99998,100,100048,100,99986,100,100068,100,99965,100,100074,100,99921,100,100094,100,99908,100,100096,100,99907,100,100101,100,99854,100,100106,100,,,100107,100,,
2019-06-28 09:30:00.000000030,100037,100,100011,100,100042,100,99998,100,100048,100,99986,100,100068,100,99965,100,100074,100,99921,100,100078,100,99908,100,100094,100,99907,100,100096,100,99854,100,100101,100,,,100106,100,,
2019-06-28 09:30:00.000000033,100037,100,100011,100,100042,100,99998,100,100048,100,99986,100,100068,100,99965,100,100074,100,99921,100,100078,100,99908,100,100082,100,99907,100,100094,100,99854,100,100096,100,,,100101,100,,
2019-06-28 09:30:00.000000035,100037,100,100011,100,100042,100,99998,100,100048,100,99986,100,100068,100,99965,100,100074,100,99921,100,100078,100,99908,100,100082,100,99907,100,100094,100,99854,100,100096,100,,,100101,100,,
2019-06-28 09:30:00.000000036,100037,100,100011,100,100042,100,99998,100,100048,100,99989,100,100068,100,99986,100,100074,100,99965,100,100078,100,99946,100,100082,100,99921,100,100094,100,99908,100,100096,100,99907,100,100101,100,99854,100
2019-06-28 09:30:00.000000039,100037,100,100011,100,100042,100,99998,100,100048,100,99989,100,100068,100,99986,100,100074,100,99965,100,100078,100,99946,100,100082,100,99921,100,100094,100,99908,100,100096,100,99907,100,100101,100,99854,100
2019-06-28 09:30:00.000000040,100037,100,100011,100,100042,100,99998,100,100048,100,99989,100,100068,100,99986,100,100074,100,99965,100,100078,100,99946,100,100082,100,99921,100,100094,100,99908,100,100096,100,99907,100,100101,100,99854,100
2019-06-28 09:30:00.000000041,100037,100,100011,100,100042,100,99998,100,100048,100,99989,100,100068,100,99986,100,100074,100,99965,100,100078,100,99946,100,100082,100,99921,100,100094,100,99908,100,100096,100,99907,100,100101,100,99868,100
2019-06-28 09:30:00.000000044,100037,100,100011,100,100042,100,99998,100,100048,100,99989,100,100068,100,99986,100,100074,100,99965,100,100078,100,99946,100,100082,100,99921,100,100094,100,99908,100,100096,100,99907,100,100101,100,99868,100
2019-06-28 09:30:00.000000045,100037,100,100011,100,100042,100,99998,100,100048,100,99989,100,100059,100,99986,100,100068,100,99965,100,100074,100,99946,100,100078,100,99921,100,100082,100,99908,100,100094,100,99907,100,100096,100,99868,100
2019-06-28 09:30:00.000000046,100037,100,100011,100,100042,100,99998,100,100048,100,99989,100,100059,100,99986,100,100068,100,99965,100,100074,100,99946,100,100078,100,99921,100,100082,100,99908,100,100094,100,99907,100,100096,100,99868,100
2019-06-28 09:30:00.000000047,100037,100,100029,100,100042,100,100011,100,100048,100,99998,100,100059,100,99989,100,100068,100,99986,100,100074,100,99965,100,100078,100,99946,100,100082,100,99921,100,100094,100,99908,100,100096,100,99907,100
2019-06-28 09:30:00.000000048,100037,100,100011,100,100042,100,99998,100,100048,100,99993,100,100059,100,99989,100,100068,100,99986,100,100074,100,99965,100,100078,100,99946,100,100082,100,99921,100,100094,100,99908,100,100096,100,99907,100
2019-06-28 09:30:00.000000049,100037,100,100011,100,100042,100,99998,100,100048,100,99993,100,100059,100,99989,100,100068,100,99986,100,100074,100,99965,100,100078,100,99946,100,100082,100,99936,100,100094,100,99921,100,100096,100,99908,100
2019-06-28 09:30:00.000000052,100037,100,100011,100,100042,100,99998,100,100048,100,99993,100,100059,100,99989,100,100068,100,99986,100,100074,100,99965,200,100078,100,99946,100,100082,100,99936,100,100094,100,99921,100,100096,100,99908,100
2019-06-28 09:30:00.000000054,100029,100,100011,100,100037,100,99998,100,100042,100,99993,100,100048,100,99989,100,100059,100,99986,100,100068,100,99965,200,100074,100,99946,100,100078,100,99936,100,100082,100,99921,100,100094,100,99908,100
2019-06-28 09:30:00.000000055,100029,100,100011,100,100037,100,99998,100,100042,100,99993,200,100048,100,99989,100,100059,100,99986,100,100068,100,99965,200,100074,100,99946,100,100078,100,99936,100,100082,100,99921,100,100094,100,99908,100
2019-06-28 09:30:00.000000058,100029,100,100011,100,100037,100,99998,100,100042,100,99993,200,100048,100,99989,100,100059,100,99986,100,100068,100,99965,200,100074,100,99946,100,100078,100,99936,100,100082,100,99921,100,100094,100,99908,100
2019-06-28 09:30:00.000000063,100029,200,100026,100,100037,100,100011,100,100042,100,99998,100,100048,100,99993,200,100059,100,99989,100,100068,100,99986,100,100074,100,99965,200,100078,100,99946,100,100082,100,99936,100,100094,100,99921,100
2019-06-28 09:30:00.000000065,100029,200,100026,100,100037,100,100011,100,100042,100,99998,100,100048,100,99993,200,100059,100,99989,100,100068,100,99986,100,100074,100,99965,200,100078,100,99946,100,100082,100,99936,100,100094,100,99921,100
2019-06-28 09:30:00.000000067,100029,200,100026,100,100037,100,100011,100,100042,100,99998,100,100048,100,99993,200,100059,100,99989,100,100068,100,99986,100,100074,100,99965,200,100078,100,99946,100,100082,100,99936,100,100094,100,99921,100
2019-06-28 09:30:00.000000069,100029,200,100026,100,100030,100,100011,100,100037,100,99998,100,100042,100,99993,200,100048,100,99989,100,100059,100,99986,100,100068,100,99968,100,100074,100,99965,200,100078,100,99946,100,100082,100,99936,100
2019-06-28 09:30:00.000000072,100029,200,100011,100,100030,100,99998,100,100037,100,99993,200,100042,100,99989,100,100048,100,99986,100,100059,100,99968,100,100068,100,99965,200,100074,100,99946,100,100078,100,99936,100,100082,100,99921,100
2019-06-28 09:30:00.000000076,100029,100,100011,100,100030,100,99998,100,100037,100,99993,200,100042,100,99989,100,100048,100,99986,100,100059,100,99968,100,100068,100,99965,200,100074,100,99946,100,100078,100,99936,100,100082,100,99921,100
2019-06-28 09:30:00.000000080,100029,100,100011,100,100030,100,99998,100,100037,100,99993,200,100042,100,99989,100,100048,100,99986,100,100058,100,99968,100,100059,100,99965,200,100068,100,99946,100,100074,100,99936,100,100078,100,99921,100
2019-06-28 09:30:00.000000084,100029,100,99998,100,100030,100,99993,200,100037,100,99989,100,100042,100,99986,100,100048,100,99968,100,100058,100,99965,200,100059,100,99946,100,100068,100,99936,100,100074,100,99921,100,100078,100,99915,100
2019-06-28 09:30:00.000000090,100029,100,99993,200,100030,100,99989,100,100037,100,99986,100,100042,100,99968,100,100048,100,99965,200,100058,100,99946,100,100059,100,99936,100,100068,100,99921,100,100074,100,99915,100,100078,100,99908,100
2019-06-28 09:30:00.000000092,100029,100,99993,200,100030,100,99989,100,100037,100,99986,100,100042,100,99968,100,100048,100,99965,200,100058,100,99946,100,100059,100,99936,100,100068,100,99921,100,100074,100,99915,100,100078,100,99908,100
2019-06-28 09:30:00.000000093,100011,100,99993,200,100029,100,99989,100,100030,200,99986,100,100037,100,99968,100,100042,100,99965,200,100048,100,99946,100,100058,100,99936,100,100059,100,99921,100,100068,100,99915,100,100074,100,99913,100
2019-06-28 09:30:00.000000096,100011,100,99993,200,100029,200,99989,100,100030,200,99986,100,100037,100,99968,100,100042,100,99965,200,100048,100,99946,100,100058,100,99936,100,100059,100,99921,100,100068,100,99915,100,100074,100,99913,100
2019-06-28 09:30:00.000000097,100011,200,99993,200,100029,200,99989,100,100030,200,99986,100,100037,100,99968,100,100042,100,99965,200,100048,100,99946,100,100058,100,99936,100,100059,100,99921,100,100068,100,99915,100,100074,100,99913,100
2019-06-28 09:30:00.000000098,100011,200,99993,200,100029,200,99989,100,100030,200,99986,100,100037,100,99968,100,100042,100,99965,200,100048,100,99946,100,100058,100,99936,100,100059,100,99921,100,100068,100,99915,100,100074,100,99913,100
2019-06-28 09:30:00.000000099,100011,200,99993,300,100029,200,99989,100,100030,200,99986,100,100037,100,99968,100,100042,100,99965,200,100048,100,99946,100,100058,100,99936,100,100059,100,99921,100,100068,100,99915,100,100074,100,99913,100
2019-06-28 09:30:10.000000000,100011,288,99993,388,100029,288,99989,188,100030,288,99986,188,100037,188,99968,188,100042,100,99965,200,100048,100,99946,100,100058,100,99936,100,100059,100,99921,100,100068,100,99915,100,100074,100,99913,100
2019-06-28 09:30:15.872879781,100011,188,99993,388,100029,288,99989,188,100030,288,99986,188,100037,188,99968,188,100042,100,99965,200,100048,100,99946,100,100058,100,99936,100,100059,100,99921,100,100068,100,99915,100,100074,100,99913,100
2019-06-28 09:30:20.000000000,100011,454,99993,654,100029,200,99989,100,100030,200,99986,100,100037,100,99968,100,100042,100,99965,200,100048,100,99946,100,100058,100,99936,100,100059,100,99921,100,100068,100,99915,100,100074,100,99913,100
2019-06-28 09:30:29.722331689,100011,454,99994,100,100029,200,99993,654,100030,200,99989,100,100037,100,99986,100,100042,100,99968,100,100048,100,99965,200,100058,100,99946,100,100059,100,99936,100,100068,100,99921,100,100074,100,99915,100
2019-06-28 09:30:30.000000000,100011,188,99994,188,100029,288,99993,388,100030,288,99989,188,100037,188,99986,188,100042,100,99968,100,100048,100,99965,200,100058,100,99946,100,100059,100,99936,100,100068,100,99921,100,100074,100,99915,100
2019-06-28 09:30:39.972688027,100011,188,99994,188,100029,288,99993,388,100030,288,99989,188,100037,188,99986,188,100042,100,99968,100,100058,100,99965,200,100059,100,99946,100,100068,100,99936,100,100074,100,99921,100,100078,100,99915,100
2019-06-28 09:30:40.000000000,100011,188,99994,188,100029,288,99993,388,100030,288,99989,188,100037,188,99986,188,100042,100,99968,100,100058,100,99965,200,100059,100,99946,100,100068,100,99936,100,100074,100,99921,100,100078,100,99915,100
2019-06-28 09:30:49.338048788,100011,188,99994,188,100029,288,99993,388,100030,288,99989,188,100037,188,99986,188,100042,100,99968,100,100058,100,99965,200,100059,100,99946,100,100068,100,99936,100,100074,100,99921,100,100078,100,99915,100
2019-06-28 09:30:50.000000000,100011,220,99994,220,100029,317,99993,417,100030,317,99989,217,100037,100,99986,100,100042,100,99968,100,100058,100,99965,200,100059,100,99946,100,100068,100,99936,100,100074,100,99921,100,100078,100,99915,100
2019-06-28 09:31:00.000000000,100011,220,99994,220,100029,317,99993,417,100030,317,99989,217,100037,100,99986,100,100042,100,99968,100,100058,100,99965,200,100059,100,99946,100,100068,100,99936,100,100074,100,99921,100,100078,100,99915,100
2019-06-28 09:31:10.000000000,100011,277,99994,277,100029,377,99993,477,100030,200,99989,100,100037,100,99986,100,100042,100,99968,100,100058,100,99965,200,100059,100,99946,100,100068,100,99936,100,100074,100,99921,100,100078,100,99915,100
2019-06-28 09:31:14.337310794,100011,177,99994,277,100029,377,99993,477,100030,200,99989,100,100037,100,99986,100,100042,100,99968,100,100058,100,99965,200,100059,100,99946,100,100068,100,99936,100,100074,100,99921,100,100078,100,99915,100
2019-06-28 09:31:20.000000000,100029,320,99994,220,100030,317,99993,417,100037,217,99989,217,100042,100,99986,100,100058,100,99968,100,100059,100,99965,200,100068,100,99946,100,100074,100,99936,100,100078,100,99921,100,100082,100,99915,100
2019-06-28 09:31:30.000000000,100029,320,99994,220,100030,317,99993,417,100037,217,99989,217,100042,100,99986,100,100058,100,99968,100,100059,100,99965,200,100068,100,99946,100,100074,100,99936,100,100078,100,99921,100,100082,100,99915,100
2019-06-28 09:31:40.000000000,100029,271,99994,171,100030,271,99993,371,100037,171,99989,171,100042,171,99986,171,100058,171,99968,171,100059,100,99965,200,100068,100,99946,100,100074,100,99936,100,100078,100,99921,100,100082,100,99915,100
2019-06-28 09:31:50.000000000,100029,377,99994,277,100030,377,99993,477,100037,100,99989,100,100042,100,99986,100,100058,100,99968,100,100059,100,99965,200,100068,100,99946,100,100074,100,99936,100,100078,100,99921,100,100082,100,99915,100
2019-06-28 09:32:00.000000000,100029,554,99994,454,100030,200,99993,300,100037,100,99989,100,100042,100,99986,100,100058,100,99968,100,100059,100,99965,200,100068,100,99946,100,100074,100,99936,100,100078,100,99921,100,100082,100,99915,100
2019-06-28 09:32:10.000000000,100029,554,99994,454,100030,200,99993,300,100037,100,99989,100,100042,100,99986,100,100058,100,99968,100,100059,100,99965,200,100068,100,99946,100,100074,100,99936,100,100078,100,99921,100,100082,100,99915,100
2019-06-28 09:32:10.882986039,100029,554,99994,454,100030,200,99993,300,100037,100,99989,100,100042,100,99986,100,100059,100,99968,100,100068,100,99965,200,100074,100,99946,100,100078,100,99936,100,100082,100,99921,100,100094,100,99915,100
2019-06-28 09:32:19.583042217,100029,554,99994,454,100030,200,99993,300,100037,100,99989,100,100042,100,99986,100,100059,100,99968,100,100068,100,99965,200,100074,100,99946,100,100078,100,99936,100,100082,100,99921,100,100094,100,99915,100
2019-06-28 09:32:20.000000000,100029,377,99994,277,100030,377,99993,477,100037,100,99989,100,100042,100,99986,100,100059,100,99968,100,100068,100,99965,200,100074,100,99946,100,100078,100,99936,100,100082,100,99921,100,100094,100,99915,100
2019-06-28 09:32:30.000000000,100029,271,99994,171,100030,271,99993,371,100037,171,99989,171,100042,171,99986,171,100059,171,99968,171,100068,100,99965,200,100074,100,99946,100,100078,100,99936,100,100082,100,99921,100,100094,100,99915,100
2019-06-28 09:32:34.152227038,100029,271,99994,171,100030,171,99993,371,100037,171,99989,171,100042,171,99986,171,100059,171,99978,100,100068,100,99968,171,100074,100,99965,200,100078,100,99946,100,100082,100,99936,100,100094,100,99921,100
2019-06-28 09:32:40.000000000,100029,554,99994,454,100030,100,99993,300,100037,100,99989,100,100042,100,99986,100,100059,100,99978,100,100068,100,99968,100,100074,100,99965,200,100078,100,99946,100,100082,100,99936,100,100094,100,99921,100
2019-06-28 09:32:50.000000000,100029,320,99994,220,100030,217,99993,417,100037,217,99989,217,100042,100,99986,100,100059,100,99978,100,100068,100,99968,100,100074,100,99965,200,100078,100,99946,100,100082,100,99936,100,100094,100,99921,100
2019-06-28 09:32:50.912149465,100029,320,99994,220,100030,217,99993,417,100037,217,99989,217,100042,100,99986,100,100059,100,99978,100,100068,100,99968,100,100074,100,99965,200,100078,100,99946,100,100082,100,99936,100,100094,100,99921,100
2019-06-28 09:33:00.000000000,100029,320,99994,220,100030,217,99993,417,100037,217,99989,217,100042,100,99986,100,100059,100,99978,100,100068,100,99968,100,100074,100,99965,200,100078,100,99946,100,100082,100,99936,100,100094,100,99921,100
2019-06-28 09:33:05.966022245,100029,320,99994,220,100030,217,99993,417,100037,217,99989,217,100042,100,99986,100,100059,100,99978,100,100068,100,99968,100,100074,100,99965,200,100078,100,99946,100,100094,100,99936,100,100096,100,99921,100
2019-06-28 09:33:10.000000000,100029,320,99994,220,100030,217,99993,417,100037,217,99989,217,100042,100,99986,100,100059,100,99978,100,100068,100,99968,100,100074,100,99965,200,100078,100,99946,100,100094,100,99936,100,100096,100,99921,100
2019-06-28 09:33:14.357166262,100029,220,99994,220,100030,217,99993,417,100037,217,99989,217,100042,100,99986,100,100059,100,99978,100,100068,100,99968,100,100074,100,99965,200,100078,100,99946,100,100094,100,99936,100,100096,100,99921,100
2019-06-28 09:33:20.000000000,100029,277,99994,277,100030,277,99993,477,100037,100,99989,100,100042,100,99986,100,100059,100,99978,100,100068,100,99968,100,100074,100,99965,200,100078,100,99946,100,100094,100,99936,100,100096,100,99921,100
2019-06-28 09:33:27.797385513,100029,277,99994,277,100030,277,99993,477,100037,100,99989,100,100042,100,99986,100,100059,100,99978,100,100068,100,99968,100,100074,100,99965,200,100078,100,99946,100,100094,100,99936,100,100096,100,99921,100
2019-06-28 09:33:30.000000000,100029,220,99994,220,100030,217,99993,417,100037,217,99989,217,100042,100,99986,100,100059,100,99978,100,100068,100,99968,100,100074,100,99965,200,100078,100,99946,100,100094,100,99936,100,100096,100,99921,100
2019-06-28 09:33:30.567918770,100029,120,99994,220,100030,217,99993,417,100037,217,99989,217,100042,100,99986,100,100059,100,99978,100,100068,100,99968,100,100074,100,99965,200,100078,100,99946,100,100094,100,99936,100,100096,100,99921,100
2019-06-28 09:33:34.642064021,100029,20,99994,220,100030,217,99993,417,100037,217,99989,217,100042,100,99986,100,100059,100,99978,100,100068,100,99968,100,100074,100,99965,200,100078,100,99946,100,100094,100,99936,100,100096,100,99921,100
2019-06-28 09:33:40.000000000,100030,277,99994,277,100037,277,99993,477,100042,100,99989,100,100059,100,99986,100,100068,100,99978,100,100074,100,99968,100,100078,100,99965,200,100094,100,99946,100,100096,100,99936,100,100105,100,99921,100
2019-06-28 09:33:50.000000000,100030,454,99994,454,100037,100,99993,300,100042,100,99989,100,100059,100,99986,100,100068,100,99978,100,100074,100,99968,100,100078,100,99965,200,100094,100,99946,100,100096,100,99936,100,100105,100,99921,100
2019-06-28 09:34:00.000000000,100030,220,99994,220,100037,217,99993,417,100042,217,99989,217,100059,100,99986,100,100068,100,99978,100,100074,100,99968,100,100078,100,99965,200,100094,100,99946,100,100096,100,99936,100,100105,100,99921,100
2019-06-28 09:34:10.000000000,100030,277,99994,277,100037,277,99993,477,100042,100,99989,100,100059,100,99986,100,100068,100,99978,100,100074,100,99968,100,100078,100,99965,200,100094,100,99946,100,100096,100,99936,100,100105,100,99921,100
2019-06-28 09:34:20.000000000,100030,188,99994,188,100037,188,99993,388,100042,188,99989,188,100059,188,99986,188,100068,100,99978,100,100074,100,99968,100,100078,100,99965,200,100094,100,99946,100,100096,100,99936,100,100105,100,99921,100
2019-06-28 09:34:20.717692981,100030,188,99994,188,100037,188,99993,388,100042,188,99989,188,100059,188,99986,188,100068,100,99978,100,100074,100,99968,100,100094,100,99965,200,100096,100,99946,100,100105,100,99936,100,100106,300,99921,100
2019-06-28 09:34:30.000000000,100030,454,99994,454,100037,100,99993,300,100042,100,99989,100,100059,100,99986,100,100068,100,99978,100,100074,100,99968,100,100094,100,99965,200,100096,100,99946,100,100105,100,99936,100,100106,300,99921,100
2019-06-28 09:34:30.745001384,100030,454,99994,454,100037,100,99993,300,100042,100,99989,100,100059,100,99986,100,100068,100,99978,100,100074,100,99968,100,100094,100,99965,200,100096,100,99946,100,100105,100,99936,100,100106,300,99921,100
2019-06-28 09:34:32.471338795,100030,354,99994,454,100037,100,99993,300,100042,100,99989,100,100059,100,99986,100,100068,100,99978,100,100074,100,99968,100,100094,100,99965,200,100096,100,99946,100,100105,100,99936,100,100106,300,99921,100
2019-06-28 09:34:36.516827735,100030,354,100029,100,100037,100,99994,454,100042,100,99993,300,100059,100,99989,100,100068,100,99986,100,100074,100,99978,100,100094,100,99968,100,100096,100,99965,200,100105,100,99946,100,100106,300,99936,100
2019-06-28 09:34:40.000000000,100037,171,100029,171,100042,171,99994,171,100059,171,99993,371,100068,171,99989,171,100074,171,99986,171,100094,100,99978,100,100096,100,99968,100,100105,100,99965,200,100106,300,99946,100,100108,100,99936,100
2019-06-28 09:34:42.489287945,100037,71,100029,171,100042,171,99994,171,100059,171,99993,371,100068,171,99989,171,100074,171,99986,171,100094,100,99978,100,100096,100,99968,100,100105,100,99965,200,100106,300,99946,100,100108,100,99936,100
2019-06-28 09:34:50.000000000,100042,171,100029,171,100059,171,99994,171,100068,171,99993,371,100074,171,99989,171,100094,171,99986,171,100096,100,99978,100,100105,100,99968,100,100106,300,99965,200,100108,100,99946,100,100110,100,99936,100
2019-06-28 09:35:00.000000000,100042,277,100029,277,100059,277,99994,277,100068,100,99993,300,100074,100,99989,100,100094,100,99986,100,100096,100,99978,100,100105,100,99968,100,100106,300,99965,200,100108,100,99946,100,100110,100,99936,100
2019-06-28 09:35:02.541785388,100042,177,100029,277,100059,277,99994,277,100068,100,99993,300,100074,100,99989,100,100094,100,99986,100,100096,100,99978,100,100105,100,99968,100,100106,300,99965,200,100108,100,99946,100,100110,100,99936,100
2019-06-28 09:35:10.000000000,100059,188,100029,188,100068,188,99994,188,100074,188,99993,388,100094,188,99989,188,100096,100,99986,100,100105,100,99978,100,100106,300,99968,100,100108,100,99965,200,100110,100,99946,100,100111,100,99936,100
2019-06-28 09:35:20.000000000,100059,454,100029,454,100068,100,99994,100,100074,100,99993,300,100094,100,99989,100,100096,100,99986,100,100105,100,99978,100,100106,300,99968,100,100108,100,99965,200,100110,100,99946,100,100111,100,99936,100
2019-06-28 09:35:30.000000000,100059,220,100029,220,100068,217,99994,217,100074,217,99993,417,100094,100,99989,100,100096,100,99986,100,100105,100,99978,100,100106,300,99968,100,100108,100,99965,200,100110,100,99946,100,100111,100,99936,100
2019-06-28 09:35:40.000000000,100059,171,100029,171,100068,171,99994,171,100074,171,99993,371,100094,171,99989,171,100096,171,99986,171,100105,100,99978,100,100106,300,99968,100,100108,100,99965,200,100110,100,99946,100,100111,100,99936,100
2019-06-28 09:35:50.000000000,100059,220,100029,220,100068,217,99994,217,100074,217,99993,417,100094,100,99989,100,100096,100,99986,100,100105,100,99978,100,100106,300,99968,100,100108,100,99965,200,100110,100,99946,100,100111,100,99936,100
2019-06-28 09:36:00.000000000,100059,454,100029,454,100068,100,99994,100,100074,100,99993,300,100094,100,99989,100,100096,100,99986,100,100105,100,99978,100,100106,300,99968,100,100108,100,99965,200,100110,100,99946,100,100111,100,99936,100
2019-06-28 09:36:03.672980930,100059,354,100029,454,100068,100,99994,100,100074,100,99993,300,100094,100,99989,100,100096,100,99986,100,100105,100,99978,100,100106,300,99968,100,100108,100,99965,200,100110,100,99946,100,100111,100,99936,100
2019-06-28 09:36:07.465381362,100059,354,100029,454,100068,100,99994,100,100074,100,99993,300,100094,100,99989,100,100096,100,99986,100,100105,100,99978,100,100106,300,99968,100,100108,100,99965,100,100110,100,99946,100,100111,100,99936,100
2019-06-28 09:36:09.553018934,100059,354,100029,454,100068,100,99994,100,100074,100,99993,300,100094,100,99989,100,100096,100,99986,100,100105,100,99978,100,100106,300,99968,100,100108,100,99965,100,100110,100,99946,100,100111,100,99936,100
2019-06-28 09:36:10.000000000,100068,454,100029,454,100074,100,99994,100,100094,100,99993,300,100096,100,99989,100,100105,100,99986,100,100106,300,99978,100,100108,100,99968,100,100110,100,99965,100,100111,100,99946,100,100136,100,99936,100
2019-06-28 09:36:14.214224729,100068,354,100029,454,100074,100,99994,100,100094,100,99993,300,100096,100,99989,100,100106,300,99986,100,100108,100,99978,100,100110,100,99968,100,100111,100,99965,100,100136,100,99946,100,100162,100,99936,100
2019-06-28 09:36:16.526130066,100068,354,100059,100,100074,100,100029,454,100094,100,99994,100,100096,100,99993,300,100106,300,99989,100,100108,100,99986,100,100110,100,99978,100,100111,100,99968,100,100136,100,99965,100,100162,100,99946,100
2019-06-28 09:36:20.000000000,100074,277,100059,277,100094,277,100029,277,100096,100,99994,100,100106,300,99993,300,100108,100,99989,100,100110,100,99986,100,100111,100,99978,100,100136,100,99968,100,100162,100,99965,100,100302,100,99946,100
2019-06-28 09:36:22.811997947,100074,277,100059,377,100094,277,100029,277,100096,100,99994,100,100106,300,99993,300,100108,100,99989,100,100110,100,99986,100,100111,100,99978,100,100136,100,99968,100,100162,100,99965,100,100302,100,99946,100
2019-06-28 09:36:29.707258128,100074,277,100059,277,100094,277,100029,277,100096,100,99994,100,100106,300,99993,300,100108,100,99989,100,100110,100,99986,100,100111,100,99978,100,100136,100,99968,100,100162,100,99965,100,100302,100,99946,100
2019-06-28 09:36:30.000000000,100074,220,100059,220,100094,217,100029,217,100096,217,99994,217,100106,300,99993,300,100108,100,99989,100,100110,100,99986,100,100111,100,99978,100,100136,100,99968,100,100162,100,99965,100,100302,100,99946,100
2019-06-28 09:36:35.483975689,100074,220,100059,220,100094,217,100029,217,100096,217,99994,217,100106,300,99993,300,100108,100,99989,100,100110,100,99986,100,100111,100,99978,100,100136,100,99968,100,100162,100,99965,100,100302,100,99947,100
2019-06-28 09:36:40.000000000,100074,454,100059,454,100094,100,100029,100,100096,100,99994,100,100106,300,99993,300,100108,100,99989,100,100110,100,99986,100,100111,100,99978,100,100136,100,99968,100,100162,100,99965,100,100302,100,99947,100
2019-06-28 09:36:50.000000000,100074,171,100059,171,100094,171,100029,171,100096,171,99994,171,100106,371,99993,371,100108,171,99989,171,100110,100,99986,100,100111,100,99978,100,100136,100,99968,100,100162,100,99965,100,100302,100,99947,100
2019-06-28 09:37:00.000000000,100074,277,100059,277,100094,277,100029,277,100096,100,99994,100,100106,300,99993,300,100108,100,99989,100,100110,100,99986,100,100111,100,99978,100,100136,100,99968,100,100162,100,99965,100,100302,100,99947,100
2019-06-28 09:37:10.000000000,100074,171,100059,171,100094,171,100029,171,100096,171,99994,171,100106,371,99993,371,100108,171,99989,171,100110,100,99986,100,100111,100,99978,100,100136,100,99968,100,100162,100,99965,100,100302,100,99947,100
2019-06-28 09:37:10.595590680,100074,71,100059,171,100094,171,100029,171,100096,171,99994,171,100106,371,99993,371,100108,171,99989,171,100110,100,99986,100,100111,100,99978,100,100136,100,99968,100,100162,100,99965,100,100302,100,99947,100
2019-06-28 09:37:20.000000000,100094,454,100059,454,100096,100,100029,100,100106,300,99994,100,100108,100,99993,300,100110,100,99989,100,100111,100,99986,100,100136,100,99978,100,100162,100,99968,100,100302,100,99965,100,100337,100,99947,100
2019-06-28 09:37:20.559266859,100094,454,100059,454,100096,100,100029,100,100106,300,99994,100,100108,100,99993,300,100110,100,99989,100,100111,100,99986,100,100136,100,99978,100,100162,100,99968,100,100302,100,99965,100,100337,100,99947,100
2019-06-28 09:37:30.000000000,100094,277,100059,277,100096,277,100029,277,100106,300,99994,100,100108,100,99993,300,100110,100,99989,100,100111,100,99986,100,100136,100,99978,100,100162,100,99968,100,100302,100,99965,100,100337,100,99947,100
2019-06-28 09:37:33.586812675,100094,277,100060,100,100096,277,100059,277,100106,300,100029,277,100108,100,99994,100,100110,100,99993,300,100111,100,99986,100,100136,100,99978,100,100162,100,99968,100,100302,100,99965,100,100337,100,99947,100
2019-06-28 09:37:40.000000000,100094,220,100060,220,100096,217,100059,217,100106,417,100029,217,100108,100,99994,100,100110,100,99993,300,100111,100,99986,100,100136,100,99978,100,100162,100,99968,100,100302,100,99965,100,100337,100,99947,100
2019-06-28 09:37:50.000000000,100094,171,100060,171,100096,171,100059,171,100106,371,100029,171,100108,171,99994,171,100110,171,99993,371,100111,100,99986,100,100136,100,99978,100,100162,100,99968,100,100302,100,99965,100,100337,100,99947,100
2019-06-28 09:38:00.000000000,100094,220,100060,220,100096,217,100059,217,100106,417,100029,217,100108,100,99994,100,100110,100,99993,300,100111,100,99986,100,100136,100,99978,100,100162,100,99968,100,100302,100,99965,100,100337,100,99947,100
2019-06-28 09:38:01.150695917,100094,220,100060,320,100096,217,100059,217,100106,417,100029,217,100108,100,99994,100,100110,100,99993,300,100111,100,99986,100,100136,100,99978,100,100162,100,99968,100,100302,100,99965,100,100337,100,99947,100
2019-06-28 09:38:01.634608440,100094,220,100060,320,100096,217,100059,217,100106,417,100029,217,100108,100,99994,100,100110,100,99993,200,100111,100,99986,100,100136,100,99978,100,100162,100,99968,100,100302,100,99965,100,100337,100,99947,100
2019-06-28 09:38:02.257191324,100094,220,100061,100,100096,217,100060,320,100106,417,100059,217,100108,100,100029,217,100110,100,99994,100,100111,100,99993,200,100136,100,99986,100,100162,100,99978,100,100302,100,99968,100,100337,100,99965,100
2019-06-28 09:38:10.000000000,100094,171,100061,171,100096,171,100060,271,100106,371,100059,171,100108,171,100029,171,100110,171,99994,171,100111,100,99993,200,100136,100,99986,100,100162,100,99978,100,100302,100,99968,100,100337,100,99965,100
2019-06-28 09:38:20.000000000,100094,454,100061,454,100096,100,100060,200,100106,300,100059,100,100108,100,100029,100,100110,100,99994,100,100111,100,99993,200,100136,100,99986,100,100162,100,99978,100,100302,100,99968,100,100337,100,99965,100
2019-06-28 09:38:24.013333560,100094,454,100061,454,100096,100,100060,200,100106,300,100059,100,100108,100,100029,100,100110,100,99994,100,100111,100,99993,200,100136,100,99986,100,100141,100,99978,100,100162,100,99968,100,100302,100,99965,100
2019-06-28 09:38:30.000000000,100094,277,100061,277,100096,277,100060,377,100106,300,100059,100,100108,100,100029,100,100110,100,99994,100,100111,100,99993,200,100136,100,99986,100,100141,100,99978,100,100162,100,99968,100,100302,100,99965,100
2019-06-28 09:38:40.000000000,100094,171,100061,171,100096,171,100060,271,100106,371,100059,171,100108,171,100029,171,100110,171,99994,171,100111,100,99993,200,100136,100,99986,100,100141,100,99978,100,100162,100,99968,100,100302,100,99965,100
2019-06-28 09:38:50.000000000,100094,454,100061,454,100096,100,100060,200,100106,300,100059,100,100108,100,100029,100,100110,100,99994,100,100111,100,99993,200,100136,100,99986,100,100141,100,99978,100,100162,100,99968,100,100302,100,99965,100
2019-06-28 09:39:00.000000000,100094,220,100061,220,100096,217,100060,317,100106,417,100059,217,100108,100,100029,100,100110,100,99994,100,100111,100,99993,200,100136,100,99986,100,100141,100,99978,100,100162,100,99968,100,100302,100,99965,100
2019-06-28 09:39:10.000000000,100094,171,100061,171,100096,171,100060,271,100106,371,100059,171,100108,171,100029,171,100110,171,99994,171,100111,100,99993,200,100136,100,99986,100,100141,100,99978,100,100162,100,99968,100,100302,100,99965,100
2019-06-28 09:39:20.000000000,100094,171,100061,171,100096,171,100060,271,100106,371,100059,171,100108,171,100029,171,100110,171,99994,171,100111,100,99993,200,100136,100,99986,100,100141,100,99978,100,100162,100,99968,100,100302,100,99965,100
2019-06-28 09:39:30.000000000,100094,454,100061,454,100096,100,100060,200,100106,300,100059,100,100108,100,100029,100,100110,100,99994,100,100111,100,99993,200,100136,100,99986,100,100141,100,99978,100,100162,100,99968,100,100302,100,99965,100
2019-06-28 09:39:34.103084732,100094,454,100061,354,100096,100,100060,200,100106,300,100059,100,100108,100,100029,100,100110,100,99994,100,100111,100,99993,200,100136,100,99986,100,100141,100,99978,100,100162,100,99968,100,100302,100,99965,100
2019-06-28 09:39:40.000000000,100094,277,100060,377,100096,277,100059,277,100106,300,100029,100,100108,100,99994,100,100110,100,99993,200,100111,100,99986,100,100136,100,99978,100,100141,100,99968,100,100162,100,99965,100,100302,100,99947,100
2019-06-28 09:39:50.000000000,100094,188,100060,288,100096,188,100059,188,100106,388,100029,188,100108,188,99994,188,100110,100,99993,200,100111,100,99986,100,100136,100,99978,100,100141,100,99968,100,100162,100,99965,100,100302,100,99947,100
2019-06-28 09:39:53.512737885,100094,188,100060,288,100096,188,100059,188,100106,388,100029,188,100108,188,99994,188,100110,100,99993,200,100111,100,99986,100,100136,100,99978,100,100141,100,99968,100,100162,100,99965,100,100302,100,99947,100
2019-06-28 09:40:00.000000000,100094,188,100060,288,100096,188,100059,188,100106,388,100029,188,100108,188,99994,188,100110,100,99993,200,100111,100,99986,100,100136,100,99978,100,100141,100,99968,100,100162,100,99965,100,100302,100,99947,100
2019-06-28 09:40:04.077768436,100094,188,100060,288,100096,188,100059,188,100106,388,100029,188,100108,188,99994,188,100110,100,99993,200,100111,100,99986,100,100136,100,99978,100,100141,100,99968,100,100162,100,99965,100,100302,100,99947,100
2019-06-28 09:40:10.000000000,100094,188,100060,288,100096,188,100059,188,100106,388,100029,188,100108,188,99994,188,100110,100,99993,200,100111,100,99986,100,100136,100,99978,100,100141,100,99968,100,100162,100,99965,100,100302,100,99947,100
2019-06-28 09:40:20.000000000,100094,188,100060,288,100096,188,100059,188,100106,388,100029,188,100108,188,99994,188,100110,100,99993,200,100111,100,99986,100,100136,100,99978,100,100141,100,99968,100,100162,100,99965,100,100302,100,99947,100
2019-06-28 09:40:29.695855467,100073,100,100060,188,100094,188,100059,188,100096,188,100029,188,100106,388,99994,188,100108,188,99993,200,100110,100,99986,100,100111,100,99978,100,100136,100,99968,100,100141,100,99965,100,100162,100,99947,100
2019-06-28 09:40:30.000000000,100073,454,100060,454,100094,100,100059,100,100096,100,100029,100,100106,300,99994,100,100108,100,99993,200,100110,100,99986,100,100111,100,99978,100,100136,100,99968,100,100141,100,99965,100,100162,100,99947,100
2019-06-28 09:40:40.000000000,100073,277,100060,277,100094,277,100059,277,100096,100,100029,100,100106,300,99994,100,100108,100,99993,200,100110,100,99986,100,100111,100,99978,100,100136,100,99968,100,100141,100,99965,100,100162,100,99947,100
2019-06-28 09:40:50.000000000,100073,188,100060,188,100094,188,100059,188,100096,188,100029,188,100106,388,99994,188,100108,100,99993,200,100110,100,99986,100,100111,100,99978,100,100136,100,99968,100,100141,100,99965,100,100162,100,99947,100
2019-06-28 09:41:00.000000000,100073,454,100060,454,100094,100,100059,100,100096,100,100029,100,100106,300,99994,100,100108,100,99993,200,100110,100,99986,100,100111,100,99978,100,100136,100,99968,100,100141,100,99965,100,100162,100,99947,100
2019-06-28 09:41:10.000000000,100073,454,100060,454,100094,100,100059,100,100096,100,100029,100,100106,300,99994,100,100108,100,99993,200,100110,100,99986,100,100111,100,99978,100,100136,100,99968,100,100141,100,99965,100,100162,100,99947,100
2019-06-28 09:41:20.000000000,100073,220,100060,220,100094,217,100059,217,100096,217,100029,217,100106,300,99994,100,100108,100,99993,200,100110,100,99986,100,100111,100,99978,100,100136,100,99968,100,100141,100,99965,100,100162,100,99947,100
2019-06-28 09:41:24.605086586,100073,220,100060,120,100094,217,100059,217,100096,217,100029,217,100106,300,99994,100,100108,100,99993,200,100110,100,99986,100,100111,100,99978,100,100136,100,99968,100,100141,100,99965,100,100162,100,99947,100
2019-06-28 09:41:30.000000000,100073,188,100059,188,100094,188,100029,188,100096,188,99994,188,100106,388,99993,288,100108,100,99986,100,100110,100,99978,100,100111,100,99968,100,100136,100,99965,100,100141,100,99947,100,100162,100,99946,100
2019-06-28 09:41:40.000000000,100073,171,100059,171,100094,171,100029,171,100096,171,99994,171,100106,371,99993,271,100108,171,99986,171,100110,100,99978,100,100111,100,99968,100,100136,100,99965,100,100141,100,99947,100,100162,100,99946,100
2019-06-28 09:41:44.399160463,100073,171,100059,171,100094,171,100029,171,100096,171,99994,171,100106,371,99993,271,100108,171,99986,171,100110,100,99978,100,100111,100,99968,100,100136,100,99965,100,100141,100,99947,100,100162,100,99946,100
2019-06-28 09:41:46.277762025,100061,100,100059,171,100073,171,100029,171,100094,171,99994,171,100096,71,99993,271,100106,371,99986,171,100108,171,99978,100,100110,100,99968,100,100111,100,99965,100,100136,100,99947,100,100141,100,99946,100
2019-06-28 09:41:50.000000000,100061,188,100059,188,100073,188,100029,188,100094,188,99994,188,100106,388,99993,288,100108,100,99986,100,100110,100,99978,100,100111,100,99968,100,100136,100,99965,100,100141,100,99947,100,100162,100,99946,100
2019-06-28 09:41:51.776501854,100061,288,100059,188,100073,188,100029,188,100094,188,99994,188,100106,388,99993,288,100108,100,99986,100,100110,100,99978,100,100111,100,99968,100,100136,100,99965,100,100141,100,99947,100,100162,100,99946,100
2019-06-28 09:41:59.636200008,100061,288,100059,88,100073,188,100029,188,100094,188,99994,188,100106,388,99993,288,100108,100,99986,100,100110,100,99978,100,100111,100,99968,100,100136,100,99965,100,100141,100,99947,100,100162,100,99946,100
2019-06-28 09:42:00.000000000,100061,271,100029,171,100073,171,99994,171,100094,171,99993,271,100106,371,99986,171,100108,171,99978,171,100110,100,99968,100,100111,100,99965,100,100136,100,99947,100,100141,100,99946,100,100162,100,99936,100
2019-06-28 09:42:10.000000000,100061,320,100029,220,100073,217,99994,217,100094,217,99993,317,100106,300,99986,100,100108,100,99978,100,100110,100,99968,100,100111,100,99965,100,100136,100,99947,100,100141,100,99946,100,100162,100,99936,100
2019-06-28 09:42:12.640466369,100061,320,100029,220,100073,217,99994,217,100094,217,99993,317,100106,300,99986,100,100108,100,99978,100,100110,100,99965,100,100111,100,99947,100,100136,100,99946,100,100141,100,99936,100,100162,100,99913,100
2019-06-28 09:42:15.901541606,100061,320,100029,120,100073,217,99994,217,100094,217,99993,317,100106,300,99986,100,100108,100,99978,100,100110,100,99965,100,100111,100,99947,100,100136,100,99946,100,100141,100,99936,100,100162,100,99913,100
2019-06-28 09:42:20.000000000,100061,320,99994,220,100073,217,99993,317,100094,217,99986,217,100106,300,99978,100,100108,100,99965,100,100110,100,99947,100,100111,100,99946,100,100136,100,99936,100,100141,100,99913,100,100162,100,99907,100
2019-06-28 09:42:30.000000000,100061,377,99994,277,100073,277,99993,377,100094,100,99986,100,100106,300,99978,100,100108,100,99965,100,100110,100,99947,100,100111,100,99946,100,100136,100,99936,100,100141,100,99913,100,100162,100,99907,100
2019-06-28 09:42:40.000000000,100061,271,99994,171,100073,171,99993,271,100094,171,99986,171,100106,371,99978,171,100108,171,99965,171,100110,100,99947,100,100111,100,99946,100,100136,100,99936,100,100141,100,99913,100,100162,100,99907,100
2019-06-28 09:42:47.672277900,100059,100,99994,171,100061,271,99993,271,100073,171,99986,171,100094,171,99978,171,100106,371,99965,171,100108,171,99947,100,100110,100,99946,100,100111,100,99936,100,100136,100,99913,100,100141,100,99907,100
2019-06-28 09:42:50.000000000,100059,171,99994,171,100061,271,99993,271,100073,171,99986,171,100094,171,99978,171,100106,371,99965,171,100108,100,99947,100,100110,100,99946,100,100111,100,99936,100,100136,100,99913,100,100141,100,99907,100
2019-06-28 09:42:58.464577251,100059,171,99994,71,100061,271,99993,271,100073,171,99986,171,100094,171,99978,171,100106,371,99965,171,100108,100,99947,100,100110,100,99946,100,100111,100,99936,100,100136,100,99913,100,100141,100,99907,100
2019-06-28 09:43:00.000000000,100059,188,99993,288,100061,288,99986,188,100073,188,99978,188,100094,188,99965,188,100106,300,99947,100,100108,100,99946,100,100110,100,99936,100,100111,100,99913,100,100136,100,99907,100,100141,100,99868,100
2019-06-28 09:43:10.000000000,100059,220,99993,320,100061,317,99986,217,100073,217,99978,217,100094,100,99965,100,100106,300,99947,100,100108,100,99946,100,100110,100,99936,100,100111,100,99913,100,100136,100,99907,100,100141,100,99868,100
2019-06-28 09:43:20.000000000,100059,171,99993,271,100061,271,99986,171,100073,171,99978,171,100094,171,99965,171,100106,371,99947,171,100108,100,99946,100,100110,100,99936,100,100111,100,99913,100,100136,100,99907,100,100141,100,99868,100
2019-06-28 09:43:30.000000000,100059,188,99993,288,100061,288,99986,188,100073,188,99978,188,100094,188,99965,188,100106,300,99947,100,100108,100,99946,100,100110,100,99936,100,100111,100,99913,100,100136,100,99907,100,100141,100,99868,100
2019-06-28 09:43:40.000000000,100059,454,99993,554,100061,200,99986,100,100073,100,99978,100,100094,100,99965,100,100106,300,99947,100,100108,100,99946,100,100110,100,99936,100,100111,100,99913,100,100136,100,99907,100,100141,100,99868,100
2019-06-28 09:43:50.000000000,100059,454,99993,554,100061,200,99986,100,100073,100,99978,100,100094,100,99965,100,100106,300,99947,100,100108,100,99946,100,100110,100,99936,100,100111,100,99913,100,100136,100,99907,100,100141,100,99868,100
2019-06-28 09:44:00.000000000,100059,220,99993,320,100061,317,99986,217,100073,217,99978,217,100094,100,99965,100,100106,300,99947,100,100108,100,99946,100,100110,100,99936,100,100111,100,99913,100,100136,100,99907,100,100141,100,99868,100
2019-06-28 09:44:10.000000000,100059,277,99993,377,100061,377,99986,277,100073,100,99978,100,100094,100,99965,100,100106,300,99947,100,100108,100,99946,100,100110,100,99936,100,100111,100,99913,100,100136,100,99907,100,100141,100,99868,100
2019-06-28 09:44:11.960419508,100029,100,99993,377,100059,277,99986,277,100061,377,99978,100,100073,100,99965,100,100094,100,99947,100,100106,300,99946,100,100108,100,99936,100,100110,100,99913,100,100111,100,99907,100,100136,100,99868,100
2019-06-28 09:44:20.000000000,100029,454,99993,554,100059,100,99986,100,100061,200,99978,100,100073,100,99965,100,100094,100,99947,100,100106,300,99946,100,100108,100,99936,100,100110,100,99913,100,100111,100,99907,100,100136,100,99868,100
2019-06-28 09:44:28.081267086,100029,454,99993,554,100059,100,99986,100,100061,200,99978,100,100073,100,99965,100,100094,100,99947,100,100106,300,99946,100,100108,100,99936,100,100110,100,99913,100,100111,100,99868,100,100136,100,99862,100
2019-06-28 09:44:30.000000000,100029,188,99993,288,100059,188,99986,188,100061,288,99978,188,100073,188,99965,188,100094,100,99947,100,100106,300,99946,100,100108,100,99936,100,100110,100,99913,100,100111,100,99868,100,100136,100,99862,100
2019-06-28 09:44:40.000000000,100029,171,99993,271,100059,171,99986,171,100061,271,99978,171,100073,171,99965,171,100094,171,99947,171,100106,300,99946,100,100108,100,99936,100,100110,100,99913,100,100111,100,99868,100,100136,100,99862,100
2019-06-28 09:44:50.000000000,100029,220,99993,320,100059,217,99986,217,100061,317,99978,217,100073,100,99965,100,100094,100,99947,100,100106,300,99946,100,100108,100,99936,100,100110,100,99913,100,100111,100,99868,100,100136,100,99862,100
2019-06-28 09:45:00.000000000,100029,188,99993,288,100059,188,99986,188,100061,288,99978,188,100073,188,99965,188,100094,100,99947,100,100106,300,99946,100,100108,100,99936,100,100110,100,99913,100,100111,100,99868,100,100136,100,99862,100
2019-06-28 09:45:03.088504816,100029,188,99993,288,100059,188,99986,188,100061,288,99978,188,100073,188,99965,188,100094,100,99947,100,100106,300,99946,100,100108,100,99936,100,100110,100,99913,100,100111,100,99868,100,100136,100,99862,100
2019-06-28 09:45:06.464856669,100029,288,99993,288,100059,188,99986,188,100061,288,99978,188,100073,188,99965,188,100094,100,99947,100,100106,300,99946,100,100108,100,99936,100,100110,100,99913,100,100111,100,99868,100,100136,100,99862,100
2019-06-28 09:45:10.000000000,100029,554,99993,554,100059,100,99986,100,100061,200,99978,100,100073,100,99965,100,100094,100,99947,100,100106,300,99946,100,100108,100,99936,100,100110,100,99913,100,100111,100,99868,100,100136,100,99862,100
2019-06-28 09:45:20.000000000,100029,320,99993,320,100059,217,99986,217,100061,317,99978,217,100073,100,99965,100,100094,100,99947,100,100106,300,99946,100,100108,100,99936,100,100110,100,99913,100,100111,100,99868,100,100136,100,99862,100
2019-06-28 09:45:25.133470821,100029,320,99993,320,100059,217,99986,217,100061,317,99978,217,100073,100,99965,100,100094,100,99947,100,100106,300,99946,100,100108,100,99936,100,100110,100,99868,100,100111,100,99862,100,100136,100,99841,100
2019-06-28 09:45:28.502232937,100029,420,99993,320,100059,217,99986,217,100061,317,99978,217,100073,100,99965,100,100094,100,99947,100,100106,300,99946,100,100108,100,99936,100,100110,100,99868,100,100111,100,99862,100,100136,100,99841,100
2019-06-28 09:45:30.000000000,100029,371,99993,271,100059,171,99986,171,100061,271,99978,171,100073,171,99965,171,100094,171,99947,171,100106,300,99946,100,100108,100,99936,100,100110,100,99868,100,100111,100,99862,100,100136,100,99841,100
2019-06-28 09:45:38.129859145,100029,371,99993,171,100059,171,99986,171,100061,271,99978,171,100073,171,99965,171,100094,171,99947,171,100106,300,99946,100,100108,100,99936,100,100110,100,99862,100,100111,100,99841,100,100136,100,99580,100
2019-06-28 09:45:40.000000000,100029,654,99993,454,100059,100,99986,100,100061,200,99978,100,100073,100,99965,100,100094,100,99947,100,100106,300,99946,100,100108,100,99936,100,100110,100,99862,100,100111,100,99841,100,100136,100,99580,100
2019-06-28 09:45:43.857204522,100029,654,99993,454,100059,100,99986,100,100061,200,99978,100,100073,100,99965,100,100106,300,99947,100,100108,100,99946,100,100110,100,99936,100,100111,100,99862,100,100136,100,99841,100,100141,100,99580,100
2019-06-28 09:45:50.000000000,100029,420,99993,220,100059,217,99986,217,100061,317,99978,217,100073,100,99965,100,100106,300,99947,100,100108,100,99946,100,100110,100,99936,100,100111,100,99862,100,100136,100,99841,100,100141,100,99580,100
2019-06-28 09:46:00.000000000,100029,654,99993,454,100059,100,99986,100,100061,200,99978,100,100073,100,99965,100,100106,300,99947,100,100108,100,99946,100,100110,100,99936,100,100111,100,99862,100,100136,100,99841,100,100141,100,99580,100
2019-06-28 09:46:03.629153632,100029,654,99993,454,100059,100,99986,100,100061,200,99978,100,100073,100,99965,100,100106,300,99947,100,100108,100,99946,100,100110,100,99936,100,100111,100,99862,100,100136,100,99841,100,100141,100,99529,100
2019-06-28 09:46:10.000000000,100029,371,99993,171,100059,171,99986,171,100061,271,99978,171,100073,171,99965,171,100106,371,99947,171,100108,100,99946,100,100110,100,99936,100,100111,100,99862,100,100136,100,99841,100,100141,100,99529,100
2019-06-28 09:46:17.570853169,100029,371,99993,171,100059,171,99986,71,100061,271,99978,171,100073,171,99965,171,100106,371,99947,171,100108,100,99946,100,100110,100,99936,100,100111,100,99862,100,100136,100,99841,100,100141,100,99760,100
2019-06-28 09:46:20.000000000,100029,371,99993,171,100059,171,99978,171,100061,271,99965,171,100073,171,99947,171,100106,371,99946,171,100108,100,99936,100,100110,100,99862,100,100111,100,99841,100,100136,100,99760,100,100141,100,99529,100
2019-06-28 09:46:30.000000000,100029,654,99993,454,100059,100,99978,100,100061,200,99965,100,100073,100,99947,100,100106,300,99946,100,100108,100,99936,100,100110,100,99862,100,100111,100,99841,100,100136,100,99760,100,100141,100,99529,100
2019-06-28 09:46:40.000000000,100029,388,99993,188,100059,188,99978,188,100061,288,99965,188,100073,188,99947,188,100106,300,99946,100,100108,100,99936,100,100110,100,99862,100,100111,100,99841,100,100136,100,99760,100,100141,100,99529,100
2019-06-28 09:46:42.218842509,100029,388,99993,188,100059,188,99978,188,100061,288,99965,188,100073,188,99947,188,100106,300,99946,100,100108,100,99936,100,100110,100,99862,100,100111,100,99841,100,100136,100,99794,100,100141,100,99760,100
2019-06-28 09:46:50.000000000,100029,654,99993,454,100059,100,99978,100,100061,200,99965,100,100073,100,99947,100,100106,300,99946,100,100108,100,99936,100,100110,100,99862,100,100111,100,99841,100,100136,100,99794,100,100141,100,99760,100
2019-06-28 09:46:50.396046152,100029,554,99993,454,100059,100,99978,100,100061,200,99965,100,100073,100,99947,100,100106,300,99946,100,100108,100,99936,100,100110,100,99862,100,100111,100,99841,100,100136,100,99794,100,100141,100,99760,100
2019-06-28 09:46:51.929422140,99994,100,99993,454,100029,554,99978,100,100059,100,99965,100,100061,200,99947,100,100073,100,99946,100,100106,300,99936,100,100108,100,99862,100,100110,100,99841,100,100111,100,99794,100,100136,100,99760,100
2019-06-28 09:47:00.000000000,99994,277,99993,277,100029,377,99978,277,100059,100,99965,100,100061,200,99947,100,100073,100,99946,100,100106,300,99936,100,100108,100,99862,100,100110,100,99841,100,100111,100,99794,100,100136,100,99760,100
2019-06-28 09:47:10.000000000,99994,171,99993,171,100029,271,99978,171,100059,171,99965,171,100061,271,99947,171,100073,171,99946,171,100106,300,99936,100,100108,100,99862,100,100110,100,99841,100,100111,100,99794,100,100136,100,99760,100
2019-06-28 09:47:20.000000000,99994,188,99993,188,100029,288,99978,188,100059,188,99965,188,100061,288,99947,188,100073,100,99946,100,100106,300,99936,100,100108,100,99862,100,100110,100,99841,100,100111,100,99794,100,100136,100,99760,100
2019-06-28 09:47:30.000000000,99994,220,99993,220,100029,317,99978,217,100059,217,99965,217,100061,200,99947,100,100073,100,99946,100,100106,300,99936,100,100108,100,99862,100,100110,100,99841,100,100111,100,99794,100,100136,100,99760,100
2019-06-28 09:47:37.935244413,99994,220,99993,120,100029,317,99978,217,100059,217,99965,217,100061,200,99947,100,100073,100,99946,100,100106,300,99936,100,100108,100,99862,100,100110,100,99841,100,100111,100,99794,100,100136,100,99760,100
2019-06-28 09:47:40.000000000,99994,454,99978,454,100029,200,99965,100,100059,100,99947,100,100061,200,99946,100,100073,100,99936,100,100106,300,99862,100,100108,100,99841,100,100110,100,99794,100,100111,100,99760,100,100136,100,99529,100
2019-06-28 09:47:46.695454083,99994,454,99978,454,100029,200,99965,100,100059,100,99947,100,100061,200,99946,100,100073,100,99936,100,100106,200,99862,100,100108,100,99841,100,100110,100,99794,100,100111,100,99760,100,100136,100,99529,100
2019-06-28 09:47:50.000000000,99994,220,99978,220,100029,317,99965,217,100059,217,99947,217,100061,200,99946,100,100073,100,99936,100,100106,200,99862,100,100108,100,99841,100,100110,100,99794,100,100111,100,99760,100,100136,100,99529,100
2019-06-28 09:48:00.000000000,99994,171,99978,171,100029,271,99965,171,100059,171,99947,171,100061,271,99946,171,100073,171,99936,171,100106,200,99862,100,100108,100,99841,100,100110,100,99794,100,100111,100,99760,100,100136,100,99529,100
2019-06-28 09:48:10.000000000,99994,454,99978,454,100029,200,99965,100,100059,100,99947,100,100061,200,99946,100,100073,100,99936,100,100106,200,99862,100,100108,100,99841,100,100110,100,99794,100,100111,100,99760,100,100136,100,99529,100
2019-06-28 09:48:20.000000000,99994,277,99978,277,100029,377,99965,277,100059,100,99947,100,100061,200,99946,100,100073,100,99936,100,100106,200,99862,100,100108,100,99841,100,100110,100,99794,100,100111,100,99760,100,100136,100,99529,100
2019-06-28 09:48:27.735560095,99994,277,99978,277,100029,377,99965,277,100059,100,99947,100,100061,200,99946,100,100073,100,99936,100,100106,200,99862,100,100108,100,99841,100,100111,100,99794,100,100136,100,99760,100,100141,100,99529,100
2019-06-28 09:48:30.000000000,99994,277,99978,277,100029,377,99965,277,100059,100,99947,100,100061,200,99946,100,100073,100,99936,100,100106,200,99862,100,100108,100,99841,100,100111,100,99794,100,100136,100,99760,100,100141,100,99529,100
2019-06-28 09:48:34.304609563,99993,100,99978,277,99994,277,99965,277,100029,377,99947,100,100059,100,99946,100,100061,200,99936,100,100073,100,99862,100,100106,200,99841,100,100108,100,99794,100,100111,100,99760,100,100136,100,99529,100
2019-06-28 09:48:35.249910890,99993,100,99978,177,99994,277,99965,277,100029,377,99947,100,100059,100,99946,100,100061,200,99936,100,100073,100,99862,100,100106,200,99841,100,100108,100,99794,100,100111,100,99760,100,100136,100,99529,100
2019-06-28 09:48:40.000000000,99993,277,99965,277,99994,277,99947,277,100029,200,99946,100,100059,100,99936,100,100061,200,99862,100,100073,100,99841,100,100106,200,99794,100,100108,100,99760,100,100111,100,99529,100,100136,100,99497,100
2019-06-28 09:48:42.243222646,99993,277,99965,277,99994,277,99947,277,100029,200,99946,100,100059,100,99936,100,100061,200,99862,100,100073,100,99841,100,100106,200,99794,100,100108,100,99760,100,100111,100,99529,100,100136,100,99497,100
2019-06-28 09:48:46.636585980,99993,277,99965,277,99994,277,99947,277,100029,100,99946,100,100059,100,99936,100,100061,200,99862,100,100073,100,99841,100,100106,200,99794,100,100108,100,99760,100,100111,100,99529,100,100136,100,99497,100
2019-06-28 09:48:50.000000000,99993,171,99965,171,99994,171,99947,171,100029,171,99946,171,100059,171,99936,171,100061,271,99862,171,100073,100,99841,100,100106,200,99794,100,100108,100,99760,100,100111,100,99529,100,100136,100,99497,100
2019-06-28 09:48:56.243892182,99993,171,99965,171,99994,171,99947,171,100029,171,99946,171,100059,171,99936,171,100061,271,99862,171,100073,100,99841,100,100106,200,99794,100,100108,100,99760,100,100111,100,99529,100,100136,100,99497,100
2019-06-28 09:49:00.000000000,99993,188,99965,188,99994,188,99947,188,100029,188,99946,188,100059,188,99936,188,100061,200,99862,100,100073,100,99841,100,100106,200,99794,100,100108,100,99760,100,100111,100,99529,100,100136,100,99497,100
2019-06-28 09:49:01.801405130,99993,188,99965,88,99994,188,99947,88,100029,188,99946,188,100059,188,99936,188,100061,200,99862,100,100073,100,99841,100,100106,200,99794,100,100108,100,99760,100,100111,100,99529,100,100136,100,99497,100
2019-06-28 09:49:04.802211612,99978,100,99965,88,99993,188,99947,88,99994,188,99946,188,100029,188,99936,188,100059,188,99862,100,100061,200,99841,100,100073,100,99794,100,100106,200,99760,100,100108,100,99529,100,100111,100,99497,100
2019-06-28 09:49:10.000000000,99978,277,99946,277,99993,277,99936,277,99994,100,99862,100,100029,100,99841,100,100059,100,99794,100,100061,200,99760,100,100073,100,99529,100,100106,200,99497,100,100108,100,99493,100,100111,100,99466,100
2019-06-28 09:49:20.000000000,99978,188,99946,188,99993,188,99936,188,99994,188,99862,188,100029,188,99841,188,100059,100,99794,100,100061,200,99760,100,100073,100,99529,100,100106,200,99497,100,100108,100,99493,100,100111,100,99466,100
2019-06-28 09:49:20.513952367,99978,188,99946,188,99993,188,99936,188,99994,188,99862,188,100029,188,99841,188,100059,100,99794,100,100061,200,99760,100,100073,100,99529,100,100106,200,99497,100,100108,100,99493,100,100136,100,99466,100
2019-06-28 09:49:30.000000000,99978,188,99946,188,99993,188,99936,188,99994,188,99862,188,100029,188,99841,188,100059,100,99794,100,100061,200,99760,100,100073,100,99529,100,100106,200,99497,100,100108,100,99493,100,100136,100,99466,100
2019-06-28 09:49:40.000000000,99978,171,99946,171,99993,171,99936,171,99994,171,99862,171,100029,171,99841,171,100059,171,99794,171,100061,200,99760,100,100073,100,99529,100,100106,200,99497,100,100108,100,99493,100,100136,100,99466,100
2019-06-28 09:49:41.493548201,99978,171,99946,171,99993,171,99936,171,99994,171,99862,171,100029,171,99841,171,100059,171,99794,171,100061,200,99760,100,100073,100,99529,100,100106,200,99497,100,100108,100,99493,100,100136,100,99466,100
2019-06-28 09:49:50.000000000,99978,188,99946,188,99993,188,99936,188,99994,188,99862,188,100029,188,99841,188,100059,100,99794,100,100061,200,99760,100,100073,100,99529,100,100106,200,99497,100,100108,100,99493,100,100136,100,99466,100
2019-06-28 09:50:00.000000000,99978,188,99946,188,99993,188,99936,188,99994,188,99862,188,100029,188,99841,188,100059,100,99794,100,100061,200,99760,100,100073,100,99529,100,100106,200,99497,100,100108,100,99493,100,100136,100,99466,100
2019-06-28 09:50:05.928169059,99978,188,99946,88,99993,188,99936,188,99994,188,99862,188,100029,188,99841,188,100059,100,99760,100,100061,200,99529,100,100073,100,99497,100,100106,200,99493,100,100108,100,99466,100,100136,100,99457,100
2019-06-28 09:50:10.000000000,99978,171,99936,171,99993,171,99862,171,99994,171,99841,171,100029,171,99760,171,100059,171,99529,171,100061,200,99497,100,100073,100,99493,100,100106,200,99466,100,100108,100,99457,100,100136,100,99398,100
2019-06-28 09:50:12.169047800,99965,100,99936,171,99978,171,99862,171,99993,171,99841,171,99994,171,99760,171,100029,171,99529,171,100059,171,99497,100,100061,200,99493,100,100073,100,99466,100,100106,200,99457,100,100108,100,99398,100
2019-06-28 09:50:20.000000000,99965,171,99936,171,99978,171,99862,171,99993,171,99841,171,99994,171,99760,171,100029,171,99529,171,100059,100,99497,100,100061,200,99493,100,100073,100,99466,100,100106,200,99457,100,100108,100,99398,100
2019-06-28 09:50:28.135408473,99965,171,99936,71,99978,171,99862,171,99993,171,99841,171,99994,171,99760,71,100029,171,99529,171,100059,100,99497,100,100061,200,99493,100,100073,100,99466,100,100106,200,99457,100,100108,100,99398,100
2019-06-28 09:50:30.000000000,99965,454,99862,454,99978,100,99841,100,99993,100,99529,100,99994,100,99497,100,100029,100,99493,100,100059,100,99466,100,100061,200,99457,100,100073,100,99398,100,100106,200,99347,100,100108,100,99299,100
2019-06-28 09:50:34.363303008,99965,454,99862,354,99978,100,99841,100,99993,100,99529,100,99994,100,99497,100,100029,100,99493,100,100059,100,99466,100,100061,200,99457,100,100073,100,99398,100,100106,200,99347,100,100108,100,99299,100
2019-06-28 09:50:40.000000000,99965,454,99841,454,99978,100,99529,100,99993,100,99497,100,99994,100,99493,100,100029,100,99466,100,100059,100,99457,100,100061,200,99398,100,100073,100,99347,100,100106,200,99299,100,100108,100,99269,100
2019-06-28 09:50:50.000000000,99965,171,99841,171,99978,171,99529,171,99993,171,99497,171,99994,171,99493,171,100029,171,99466,171,100059,100,99457,100,100061,200,99398,100,100073,100,99347,100,100106,200,99299,100,100108,100,99269,100
2019-06-28 09:50:50.596369568,99965,171,99841,171,99978,171,99529,171,99993,171,99497,171,99994,171,99493,171,100029,171,99466,171,100059,100,99457,100,100061,200,99398,100,100073,100,99347,100,100106,200,99299,100,100108,100,99269,100
2019-06-28 09:50:53.977081673,99965,171,99841,171,99978,171,99529,171,99993,171,99497,171,99994,171,99493,171,100029,171,99466,171,100059,100,99457,100,100061,200,99347,100,100073,100,99299,100,100106,200,99269,100,100108,100,99177,100
2019-06-28 09:50:54.754212742,99965,171,99841,171,99978,171,99529,171,99993,171,99497,171,99994,171,99493,171,100029,171,99466,171,100059,100,99457,100,100061,200,99347,100,100073,100,99299,100,100106,200,99269,100,100108,100,99257,100
2019-06-28 09:51:00.000000000,99965,454,99841,454,99978,100,99529,100,99993,100,99497,100,99994,100,99493,100,100029,100,99466,100,100059,100,99457,100,100061,200,99347,100,100073,100,99299,100,100106,200,99269,100,100108,100,99257,100
2019-06-28 09:51:05.243942246,99965,454,99841,354,99978,100,99529,100,99993,100,99497,100,99994,100,99493,100,100029,100,99466,100,100059,100,99457,100,100061,200,99347,100,100073,100,99299,100,100106,200,99269,100,100108,100,99257,100
2019-06-28 09:51:05.978060878,99965,454,99841,254,99978,100,99529,100,99993,100,99497,100,99994,100,99493,100,100029,100,99457,100,100059,100,99347,100,100061,200,99299,100,100073,100,99269,100,100106,200,99257,100,100108,100,99177,100
2019-06-28 09:51:07.364216599,99965,454,99841,254,99978,100,99529,100,99993,100,99497,100,99994,100,99493,100,100029,100,99457,100,100061,200,99347,100,100073,100,99299,100,100106,200,99269,100,100108,100,99257,100,100136,100,99177,100
2019-06-28 09:51:10.000000000,99965,220,99529,220,99978,217,99497,217,99993,217,99493,217,99994,100,99457,100,100029,100,99347,100,100061,200,99299,100,100073,100,99269,100,100106,200,99257,100,100108,100,99177,100,100136,100,99152,100
2019-06-28 09:51:20.000000000,99965,454,99529,454,99978,100,99497,100,99993,100,99493,100,99994,100,99457,100,100029,100,99347,100,100061,200,99299,100,100073,100,99269,100,100106,200,99257,100,100108,100,99177,100,100136,100,99152,100
2019-06-28 09:51:30.000000000,99965,171,99529,171,99978,171,99497,171,99993,171,99493,171,99994,171,99457,171,100029,171,99347,171,100061,200,99299,100,100073,100,99269,100,100106,200,99257,100,100108,100,99177,100,100136,100,99152,100
2019-06-28 09:51:40.000000000,99965,171,99529,171,99978,171,99497,171,99993,171,99493,171,99994,171,99457,171,100029,171,99347,171,100061,200,99299,100,100073,100,99269,100,100106,200,99257,100,100108,100,99177,100,100136,100,99152,100
2019-06-28 09:51:50.000000000,99965,454,99529,454,99978,100,99497,100,99993,100,99493,100,99994,100,99457,100,100029,100,99347,100,100061,200,99299,100,100073,100,99269,100,100106,200,99257,100,100108,100,99177,100,100136,100,99152,100
2019-06-28 09:51:54.519664843,99965,454,99529,454,99978,100,99497,100,99993,100,99493,100,99994,100,99474,100,100029,100,99457,100,100061,200,99347,100,100073,100,99299,100,100106,200,99269,100,100108,100,99257,100,100136,100,99177,100
2019-06-28 09:52:00.000000000,99965,220,99529,220,99978,217,99497,217,99993,217,99493,217,99994,100,99474,100,100029,100,99457,100,100061,200,99347,100,100073,100,99299,100,100106,200,99269,100,100108,100,99257,100,100136,100,99177,100
2019-06-28 09:52:02.292639427,99965,220,99529,220,99978,217,99497,217,99993,217,99493,217,100029,100,99474,100,100061,200,99457,100,100073,100,99347,100,100106,200,99299,100,100108,100,99269,100,100136,100,99257,100,100141,100,99177,100
2019-06-28 09:52:10.000000000,99965,188,99529,188,99978,188,99497,188,99993,188,99493,188,100029,188,99474,188,100061,200,99457,100,100073,100,99347,100,100106,200,99299,100,100108,100,99269,100,100136,100,99257,100,100141,100,99177,100
2019-06-28 09:52:11.496624286,99965,188,99671,100,99978,188,99529,188,99993,188,99497,188,100029,188,99493,188,100061,200,99474,188,100073,100,99457,100,100106,200,99347,100,100108,100,99299,100,100136,100,99269,100,100141,100,99257,100
2019-06-28 09:52:17.617307898,99672,100,99671,100,99965,188,99529,188,99978,188,99497,188,99993,188,99493,188,100029,188,99474,188,100061,200,99457,100,100073,100,99347,100,100106,200,99299,100,100108,100,99269,100,100136,100,99257,100
2019-06-28 09:52:19.979838459,99672,100,99671,100,99893,100,99529,188,99965,188,99497,188,99978,188,99493,188,99993,188,99474,188,100029,188,99457,100,100061,200,99299,100,100073,100,99269,100,100106,200,99257,100,100108,100,99177,100
2019-06-28 09:52:20.000000000,99672,220,99671,220,99893,217,99529,217,99965,217,99497,217,99978,100,99493,100,99993,100,99474,100,100029,100,99457,100,100061,200,99299,100,100073,100,99269,100,100106,200,99257,100,100108,100,99177,100
2019-06-28 09:52:24.807651169,99672,120,99671,220,99893,217,99529,217,99965,217,99497,217,99978,100,99493,100,99993,100,99474,100,100029,100,99457,100,100061,200,99299,100,100073,100,99269,100,100106,200,99257,100,100108,100,99177,100
2019-06-28 09:52:30.000000000,99893,220,99671,220,99965,217,99529,217,99978,217,99497,217,99993,100,99493,100,100029,100,99474,100,100061,200,99457,100,100073,100,99299,100,100106,200,99269,100,100108,100,99257,100,100136,100,99177,100
2019-06-28 09:52:37.670420299,99893,220,99671,220,99938,100,99529,217,99965,217,99497,217,99978,217,99493,100,99993,100,99474,100,100029,100,99457,100,100061,200,99299,100,100073,100,99269,100,100106,200,99257,100,100108,100,99177,100
2019-06-28 09:52:40.000000000,99893,454,99671,454,99938,100,99529,100,99965,100,99497,100,99978,100,99493,100,99993,100,99474,100,100029,100,99457,100,100061,200,99299,100,100073,100,99269,100,100106,200,99257,100,100108,100,99177,100
2019-06-28 09:52:50.000000000,99893,220,99671,220,99938,217,99529,217,99965,217,99497,217,99978,100,99493,100,99993,100,99474,100,100029,100,99457,100,100061,200,99299,100,100073,100,99269,100,100106,200,99257,100,100108,100,99177,100
2019-06-28 09:52:50.195816057,99841,100,99671,220,99893,220,99529,217,99938,217,99497,217,99965,217,99493,100,99978,100,99474,100,99993,100,99457,100,100029,100,99299,100,100061,200,99269,100,100073,100,99257,100,100106,200,99177,100
2019-06-28 09:52:51.869163185,99740,100,99671,220,99841,100,99529,217,99893,220,99497,217,99938,217,99493,100,99965,217,99474,100,99978,100,99457,100,99993,100,99299,100,100029,100,99269,100,100061,200,99257,100,100073,100,99177,100
2019-06-28 09:53:00.000000000,99740,277,99671,277,99841,277,99529,277,99893,100,99497,100,99938,100,99493,100,99965,100,99474,100,99978,100,99457,100,99993,100,99299,100,100029,100,99269,100,100061,200,99257,100,100073,100,99177,100
2019-06-28 09:53:10.000000000,99740,454,99671,454,99841,100,99529,100,99893,100,99497,100,99938,100,99493,100,99965,100,99474,100,99978,100,99457,100,99993,100,99299,100,100029,100,99269,100,100061,200,99257,100,100073,100,99177,100
2019-06-28 09:53:20.000000000,99740,454,99671,454,99841,100,99529,100,99893,100,99497,100,99938,100,99493,100,99965,100,99474,100,99978,100,99457,100,99993,100,99299,100,100029,100,99269,100,100061,200,99257,100,100073,100,99177,100
2019-06-28 09:53:30.000000000,99740,277,99671,277,99841,277,99529,277,99893,100,99497,100,99938,100,99493,100,99965,100,99474,100,99978,100,99457,100,99993,100,99299,100,100029,100,99269,100,100061,200,99257,100,100073,100,99177,100
2019-06-28 09:53:30.709028180,99740,277,99671,277,99841,277,99529,277,99893,100,99497,100,99938,100,99493,100,99965,100,99474,100,99978,100,99457,100,99993,100,99299,100,100029,100,99269,100,100061,200,99257,100,100106,200,99177,100
2019-06-28 09:53:40.000000000,99740,171,99671,171,99841,171,99529,171,99893,171,99497,171,99938,171,99493,171,99965,171,99474,171,99978,100,99457,100,99993,100,99299,100,100029,100,99269,100,100061,200,99257,100,100106,200,99177,100
2019-06-28 09:53:42.080008914,99740,171,99672,100,99841,171,99671,171,99893,171,99529,171,99938,171,99497,171,99965,171,99493,171,99978,100,99474,171,99993,100,99457,100,100029,100,99299,100,100061,200,99269,100,100106,200,99257,100
2019-06-28 09:53:47.593685181,99740,171,99672,100,99841,171,99671,171,99893,171,99529,171,99938,171,99497,171,99965,171,99493,171,99978,100,99474,171,99993,100,99457,100,100029,100,99299,100,100061,100,99269,100,100106,200,99257,100
2019-06-28 09:53:50.000000000,99740,188,99672,188,99841,188,99671,188,99893,188,99529,188,99938,188,99497,188,99965,100,99493,100,99978,100,99474,100,99993,100,99457,100,100029,100,99299,100,100061,100,99269,100,100106,200,99257,100
2019-06-28 09:54:00.000000000,99740,220,99672,220,99841,217,99671,217,99893,217,99529,217,99938,100,99497,100,99965,100,99493,100,99978,100,99474,100,99993,100,99457,100,100029,100,99299,100,100061,100,99269,100,100106,200,99257,100
2019-06-28 09:54:07.315430661,99740,220,99672,320,99841,217,99671,217,99893,217,99529,217,99938,100,99497,100,99965,100,99493,100,99978,100,99474,100,100029,100,99457,100,100061,100,99299,100,100106,200,99269,100,100108,100,99257,100
2019-06-28 09:54:10.000000000,99740,188,99672,288,99841,188,99671,188,99893,188,99529,188,99938,188,99497,188,99965,100,99493,100,99978,100,99474,100,100029,100,99457,100,100061,100,99299,100,100106,200,99269,100,100108,100,99257,100
2019-06-28 09:54:19.720375657,99740,88,99672,288,99841,188,99671,188,99893,188,99529,188,99938,188,99497,188,99965,100,99493,100,99978,100,99474,100,100029,100,99457,100,100061,100,99299,100,100106,200,99269,100,100108,100,99257,100
2019-06-28 09:54:20.000000000,99841,171,99672,271,99893,171,99671,171,99938,171,99529,171,99965,171,99497,171,99978,171,99493,171,100029,100,99474,100,100061,100,99457,100,100106,200,99299,100,100108,100,99269,100,100136,100,99257,100
2019-06-28 09:54:30.000000000,99841,454,99672,554,99893,100,99671,100,99938,100,99529,100,99965,100,99497,100,99978,100,99493,100,100029,100,99474,100,100061,100,99457,100,100106,200,99299,100,100108,100,99269,100,100136,100,99257,100
2019-06-28 09:54:37.900286535,99841,454,99672,554,99893,100,99671,100,99938,100,99529,100,99965,100,99497,100,99978,100,99493,100,100029,100,99474,100,100061,100,99457,100,100104,100,99299,100,100106,200,99269,100,100108,100,99257,100
2019-06-28 09:54:40.000000000,99841,454,99672,554,99893,100,99671,100,99938,100,99529,100,99965,100,99497,100,99978,100,99493,100,100029,100,99474,100,100061,100,99457,100,100104,100,99299,100,100106,200,99269,100,100108,100,99257,100
2019-06-28 09:54:42.402845389,99841,354,99672,554,99893,100,99671,100,99938,100,99529,100,99965,100,99497,100,99978,100,99493,100,100029,100,99474,100,100061,100,99457,100,100104,100,99299,100,100106,200,99269,100,100108,100,99257,100
2019-06-28 09:54:50.000000000,99893,220,99672,320,99938,217,99671,217,99965,217,99529,217,99978,100,99497,100,100029,100,99493,100,100061,100,99474,100,100104,100,99457,100,100106,200,99299,100,100108,100,99269,100,100136,100,99257,100
2019-06-28 09:55:00.000000000,99893,454,99672,554,99938,100,99671,100,99965,100,99529,100,99978,100,99497,100,100029,100,99493,100,100061,100,99474,100,100104,100,99457,100,100106,200,99299,100,100108,100,99269,100,100136,100,99257,100
2019-06-28 09:55:10.000000000,99893,171,99672,271,99938,171,99671,171,99965,171,99529,171,99978,171,99497,171,100029,171,99493,171,100061,100,99474,100,100104,100,99457,100,100106,200,99299,100,100108,100,99269,100,100136,100,99257,100
2019-06-28 09:55:15.328996222,99893,71,99672,271,99938,171,99671,171,99965,171,99529,171,99978,171,99497,171,100029,171,99493,171,100061,100,99474,100,100104,100,99457,100,100106,200,99299,100,100108,100,99269,100,100136,100,99257,100
2019-06-28 09:55:16.369831318,99893,71,99672,271,99938,171,99671,171,99965,171,99529,171,99978,171,99497,171,100029,171,99493,171,100061,100,99474,100,100104,100,99457,100,100106,200,99299,100,100108,100,99269,100,100136,100,99257,100
2019-06-28 09:55:20.000000000,99938,220,99672,320,99965,217,99671,217,99978,217,99529,217,100029,100,99497,100,100061,100,99493,100,100104,100,99474,100,100106,200,99457,100,100108,100,99299,100,100136,100,99269,100,100302,100,99257,100
2019-06-28 09:55:30.000000000,99938,188,99672,288,99965,188,99671,188,99978,188,99529,188,100029,188,99497,188,100061,100,99493,100,100104,100,99474,100,100106,200,99457,100,100108,100,99299,100,100136,100,99269,100,100302,100,99257,100
2019-06-28 09:55:40.000000000,99938,220,99672,320,99965,217,99671,217,99978,217,99529,217,100029,100,99497,100,100061,100,99493,100,100104,100,99474,100,100106,200,99457,100,100108,100,99299,100,100136,100,99269,100,100302,100,99257,100
2019-06-28 09:55:44.189414085,99938,120,99672,320,99965,217,99671,217,99978,217,99529,217,100029,100,99497,100,100061,100,99493,100,100104,100,99474,100,100106,200,99457,100,100108,100,99299,100,100136,100,99269,100,100302,100,99257,100
2019-06-28 09:55:50.000000000,99965,277,99672,377,99978,277,99671,277,100029,100,99529,100,100061,100,99497,100,100104,100,99493,100,100106,200,99474,100,100108,100,99457,100,100136,100,99299,100,100302,100,99269,100,100364,100,99257,100
2019-06-28 09:56:00.000000000,99965,454,99672,554,99978,100,99671,100,100029,100,99529,100,100061,100,99497,100,100104,100,99493,100,100106,200,99474,100,100108,100,99457,100,100136,100,99299,100,100302,100,99269,100,100364,100,99257,100
2019-06-28 09:56:06.737692573,99965,354,99672,554,99978,100,99671,100,100029,100,99529,100,100061,100,99497,100,100104,100,99493,100,100106,200,99474,100,100108,100,99457,100,100136,100,99299,100,100302,100,99269,100,100364,100,99257,100
2019-06-28 09:56:10.000000000,99978,171,99672,271,100029,171,99671,171,100061,171,99529,171,100104,171,99497,171,100106,271,99493,171,100108,100,99474,100,100136,100,99457,100,100302,100,99299,100,100364,100,99269,100,100438,100,99257,100
2019-06-28 09:56:20.000000000,99978,220,99672,320,100029,217,99671,217,100061,217,99529,217,100104,100,99497,100,100106,200,99493,100,100108,100,99474,100,100136,100,99457,100,100302,100,99299,100,100364,100,99269,100,100438,100,99257,100
2019-06-28 09:56:28.295665442,99978,220,99938,100,100029,217,99672,320,100061,217,99671,217,100104,100,99529,217,100106,200,99497,100,100108,100,99493,100,100136,100,99474,100,100302,100,99457,100,100364,100,99299,100,100438,100,99269,100
2019-06-28 09:56:30.000000000,99978,454,99938,454,100029,100,99672,200,100061,100,99671,100,100104,100,99529,100,100106,200,99497,100,100108,100,99493,100,100136,100,99474,100,100302,100,99457,100,100364,100,99299,100,100438,100,99269,100
2019-06-28 09:56:40.000000000,99978,188,99938,188,100029,188,99672,288,100061,188,99671,188,100104,188,99529,188,100106,200,99497,100,100108,100,99493,100,100136,100,99474,100,100302,100,99457,100,100364,100,99299,100,100438,100,99269,100
2019-06-28 09:56:50.000000000,99978,454,99938,454,100029,100,99672,200,100061,100,99671,100,100104,100,99529,100,100106,200,99497,100,100108,100,99493,100,100136,100,99474,100,100302,100,99457,100,100364,100,99299,100,100438,100,99269,100
2019-06-28 09:57:00.000000000,99978,171,99938,171,100029,171,99672,271,100061,171,99671,171,100104,171,99529,171,100106,271,99497,171,100108,100,99493,100,100136,100,99474,100,100302,100,99457,100,100364,100,99299,100,100438,100,99269,100
2019-06-28 09:57:07.218021505,99978,171,99938,71,100029,171,99672,271,100061,171,99671,171,100104,171,99529,171,100106,271,99497,171,100108,100,99493,100,100136,100,99474,100,100302,100,99457,100,100364,100,99299,100,100438,100,99269,100
2019-06-28 09:57:10.000000000,99978,188,99672,288,100029,188,99671,188,100061,188,99529,188,100104,188,99497,188,100106,200,99493,100,100108,100,99474,100,100136,100,99457,100,100302,100,99299,100,100364,100,99269,100,100438,100,99257,100
2019-06-28 09:57:13.726640172,99978,188,99672,288,100029,188,99671,188,100061,188,99532,100,100104,188,99529,188,100106,200,99497,188,100108,100,99493,100,100136,100,99474,100,100302,100,99457,100,100364,100,99299,100,100438,100,99269,100
2019-06-28 09:57:20.000000000,99978,454,99672,554,100029,100,99671,100,100061,100,99532,100,100104,100,99529,100,100106,200,99497,100,100108,100,99493,100,100136,100,99474,100,100302,100,99457,100,100364,100,99299,100,100438,100,99269,100
2019-06-28 09:57:30.000000000,99978,171,99672,271,100029,171,99671,171,100061,171,99532,171,100104,171,99529,171,100106,271,99497,171,100108,100,99493,100,100136,100,99474,100,100302,100,99457,100,100364,100,99299,100,100438,100,99269,100
2019-06-28 09:57:40.000000000,99978,277,99672,377,100029,277,99671,277,100061,100,99532,100,100104,100,99529,100,100106,200,99497,100,100108,100,99493,100,100136,100,99474,100,100302,100,99457,100,100364,100,99299,100,100438,100,99269,100
2019-06-28 09:57:44.820615424,99978,277,99672,277,100029,277,99671,277,100061,100,99532,100,100104,100,99529,100,100106,200,99497,100,100108,100,99493,100,100136,100,99474,100,100302,100,99457,100,100364,100,99299,100,100438,100,99269,100
2019-06-28 09:57:50.000000000,99978,454,99672,454,100029,100,99671,100,100061,100,99532,100,100104,100,99529,100,100106,200,99497,100,100108,100,99493,100,100136,100,99474,100,100302,100,99457,100,100364,100,99299,100,100438,100,99269,100
2019-06-28 09:58:00.000000000,99978,454,99672,454,100029,100,99671,100,100061,100,99532,100,100104,100,99529,100,100106,200,99497,100,100108,100,99493,100,100136,100,99474,100,100302,100,99457,100,100364,100,99299,100,100438,100,99269,100
2019-06-28 09:58:01.655815457,99938,100,99672,454,99978,454,99671,100,100029,100,99532,100,100061,100,99529,100,100104,100,99497,100,100106,200,99493,100,100108,100,99474,100,100136,100,99457,100,100302,100,99299,100,100364,100,99269,100
2019-06-28 09:58:10.000000000,99938,454,99672,454,99978,100,99671,100,100029,100,99532,100,100061,100,99529,100,100104,100,99497,100,100106,200,99493,100,100108,100,99474,100,100136,100,99457,100,100302,100,99299,100,100364,100,99269,100
2019-06-28 09:58:20.000000000,99938,454,99672,454,99978,100,99671,100,100029,100,99532,100,100061,100,99529,100,100104,100,99497,100,100106,200,99493,100,100108,100,99474,100,100136,100,99457,100,100302,100,99299,100,100364,100,99269,100
2019-06-28 09:58:30.000000000,99938,188,99672,188,99978,188,99671,188,100029,188,99532,188,100061,188,99529,188,100104,100,99497,100,100106,200,99493,100,100108,100,99474,100,100136,100,99457,100,100302,100,99299,100,100364,100,99269,100
2019-06-28 09:58:40.000000000,99938,188,99672,188,99978,188,99671,188,100029,188,99532,188,100061,188,99529,188,100104,100,99497,100,100106,200,99493,100,100108,100,99474,100,100136,100,99457,100,100302,100,99299,100,100364,100,99269,100
2019-06-28 09:58:50.000000000,99938,454,99672,454,99978,100,99671,100,100029,100,99532,100,100061,100,99529,100,100104,100,99497,100,100106,200,99493,100,100108,100,99474,100,100136,100,99457,100,100302,100,99299,100,100364,100,99269,100
2019-06-28 09:58:56.914116754,99938,454,99716,100,99978,100,99672,454,100029,100,99671,100,100061,100,99532,100,100104,100,99529,100,100106,200,99497,100,100108,100,99493,100,100136,100,99474,100,100302,100,99457,100,100364,100,99299,100
2019-06-28 09:59:00.000000000,99938,220,99716,220,99978,217,99672,217,100029,217,99671,217,100061,100,99532,100,100104,100,99529,100,100106,200,99497,100,100108,100,99493,100,100136,100,99474,100,100302,100,99457,100,100364,100,99299,100
2019-06-28 09:59:00.952638648,99938,220,99716,120,99978,217,99672,217,100029,217,99671,217,100061,100,99532,100,100104,100,99529,100,100106,200,99497,100,100108,100,99493,100,100136,100,99474,100,100302,100,99457,100,100364,100,99299,100
2019-06-28 09:59:10.000000000,99938,277,99672,277,99978,277,99671,277,100029,100,99532,100,100061,100,99529,100,100104,100,99497,100,100106,200,99493,100,100108,100,99474,100,100136,100,99457,100,100302,100,99299,100,100364,100,99269,100
2019-06-28 09:59:20.000000000,99938,277,99672,277,99978,277,99671,277,100029,100,99532,100,100061,100,99529,100,100104,100,99497,100,100106,200,99493,100,100108,100,99474,100,100136,100,99457,100,100302,100,99299,100,100364,100,99269,100
2019-06-28 09:59:20.606519859,99938,177,99672,277,99978,277,99671,277,100029,100,99532,100,100061,100,99529,100,100104,100,99497,100,100106,200,99493,100,100108,100,99474,100,100136,100,99457,100,100302,100,99299,100,100364,100,99269,100
2019-06-28 09:59:30.000000000,99978,171,99672,171,100029,171,99671,171,100061,171,99532,171,100104,171,99529,171,100106,271,99497,171,100108,100,99493,100,100136,100,99474,100,100302,100,99457,100,100364,100,99299,100,100438,100,99269,100
2019-06-28 09:59:40.000000000,99978,277,99672,277,100029,277,99671,277,100061,100,99532,100,100104,100,99529,100,100106,200,99497,100,100108,100,99493,100,100136,100,99474,100,100302,100,99457,100,100364,100,99299,100,100438,100,99269,100
2019-06-28 09:59:45.163280257,99716,100,99672,277,99978,277,99671,277,100029,277,99532,100,100061,100,99529,100,100104,100,99497,100,100106,200,99493,100,100108,100,99474,100,100136,100,99457,100,100302,100,99299,100,100364,100,99269,100
2019-06-28 09:59:50.000000000,99716,171,99672,171,99978,171,99671,171,100029,171,99532,171,100061,171,99529,171,100104,171,99497,171,100106,200,99493,100,100108,100,99474,100,100136,100,99457,100,100302,100,99299,100,100364,100,99269,100
2019-06-28 10:00:00.000000000,99716,454,99672,454,99978,100,99671,100,100029,100,99532,100,100061,100,99529,100,100104,100,99497,100,100106,200,99493,100,100108,100,99474,100,100136,100,99457,100,100302,100,99299,100,100364,100,99269,100
2019-06-28 10:00:10.000000000,99716,220,99672,220,99978,217,99671,217,100029,217,99532,217,100061,100,99529,100,100104,100,99497,100,100106,200,99493,100,100108,100,99474,100,100136,100,99457,100,100302,100,99299,100,100364,100,99269,100
2019-06-28 10:00:19.795020335,99716,220,99672,120,99978,217,99671,217,100029,217,99532,217,100061,100,99529,100,100104,100,99497,100,100106,200,99493,100,100108,100,99474,100,100136,100,99457,100,100302,100,99299,100,100364,100,99269,100
2019-06-28 10:00:20.000000000,99716,220,99671,220,99978,217,99532,217,100029,217,99529,217,100061,100,99497,100,100104,100,99493,100,100106,200,99474,100,100108,100,99457,100,100136,100,99299,100,100302,100,99269,100,100364,100,99152,100
2019-06-28 10:00:27.063527549,99716,220,99671,120,99978,217,99532,217,100029,217,99529,117,100061,100,99497,100,100104,100,99493,100,100106,200,99474,100,100108,100,99457,100,100136,100,99299,100,100302,100,99269,100,100364,100,99152,100
2019-06-28 10:00:30.000000000,99716,171,99532,171,99978,171,99497,171,100029,171,99493,171,100061,171,99474,171,100104,171,99457,171,100106,200,99299,100,100108,100,99269,100,100136,100,99152,100,100302,100,99106,100,100364,100,99062,100
2019-06-28 10:00:36.136382615,99716,171,99532,71,99978,171,99497,71,100029,171,99493,171,100061,171,99474,171,100104,171,99457,171,100106,200,99299,100,100108,100,99269,100,100136,100,99152,100,100302,100,99106,100,100364,100,99062,100
2019-06-28 10:00:40.000000000,99716,171,99493,171,99978,171,99474,171,100029,171,99457,171,100061,171,99299,171,100104,171,99269,171,100106,200,99152,100,100108,100,99106,100,100136,100,99062,100,100302,100,,,100364,100,,
2019-06-28 10:00:50.000000000,99716,277,99493,277,99978,277,99474,277,100029,100,99457,100,100061,100,99299,100,100104,100,99269,100,100106,200,99152,100,100108,100,99106,100,100136,100,99062,100,100302,100,,,100364,100,,
2019-06-28 10:00:58.581691729,99716,277,99493,277,99978,277,99474,277,100029,100,99457,100,100061,100,99299,100,100104,100,99269,100,100106,100,99152,100,100108,100,99106,100,100136,100,99062,100,100302,100,98823,100,100364,100,,
2019-06-28 10:01:00.000000000,99716,188,99493,188,99978,188,99474,188,100029,188,99457,188,100061,188,99299,188,100104,100,99269,100,100106,100,99152,100,100108,100,99106,100,100136,100,99062,100,100302,100,98823,100,100364,100,,
2019-06-28 10:01:10.000000000,99716,220,99493,220,99978,217,99474,217,100029,217,99457,217,100061,100,99299,100,100104,100,99269,100,100106,100,99152,100,100108,100,99106,100,100136,100,99062,100,100302,100,98823,100,100364,100,,
2019-06-28 10:01:17.007101322,99716,220,99493,120,99978,217,99474,217,100029,217,99457,217,100061,100,99299,100,100104,100,99269,100,100106,100,99152,100,100108,100,99106,100,100136,100,99062,100,100302,100,98823,100,100364,100,,
2019-06-28 10:01:20.000000000,99716,171,99474,171,99978,171,99457,171,100029,171,99299,171,100061,171,99269,171,100104,171,99152,171,100106,100,99106,100,100108,100,99062,100,100136,100,98823,100,100302,100,,,100364,100,,
2019-06-28 10:01:30.000000000,99716,454,99474,454,99978,100,99457,100,100029,100,99299,100,100061,100,99269,100,100104,100,99152,100,100106,100,99106,100,100108,100,99062,100,100136,100,98823,100,100302,100,,,100364,100,,
2019-06-28 10:01:40.000000000,99716,277,99474,277,99978,277,99457,277,100029,100,99299,100,100061,100,99269,100,100104,100,99152,100,100106,100,99106,100,100108,100,99062,100,100136,100,98823,100,100302,100,,,100364,100,,
2019-06-28 10:01:44.517124212,99716,277,99474,177,99978,277,99457,277,100029,100,99299,100,100061,100,99269,100,100104,100,99152,100,100106,100,99106,100,100108,100,99062,100,100136,100,98823,100,100302,100,,,100364,100,,
2019-06-28 10:01:50.000000000,99716,171,99457,171,99978,171,99299,171,100029,171,99269,171,100061,171,99152,171,100104,171,99106,171,100106,100,99062,100,100108,100,98823,100,100136,100,,,100302,100,,,100364,100,,
2019-06-28 10:01:55.343641224,99716,171,99457,171,99978,71,99299,171,100029,171,99269,171,100061,171,99152,171,100104,171,99106,171,100106,100,99062,100,100108,100,98823,100,100136,100,,,100302,100,,,100364,100,,
2019-06-28 10:02:00.000000000,99716,454,99457,454,100029,100,99299,100,100061,100,99269,100,100104,100,99152,100,100106,100,99106,100,100108,100,99062,100,100136,100,98823,100,100302,100,,,100364,100,,,100438,100,,
2019-06-28 10:02:10.000000000,99716,454,99457,454,100029,100,99299,100,100061,100,99269,100,100104,100,99152,100,100106,100,99106,100,100108,100,99062,100,100136,100,98823,100,100302,100,,,100364,100,,,100438,100,,
2019-06-28 10:02:15.760973336,99716,454,99457,354,100029,100,99299,100,100061,100,99269,100,100104,100,99152,100,100106,100,99106,100,100108,100,99062,100,100136,100,98823,100,100302,100,,,100364,100,,,100438,100,,
2019-06-28 10:02:20.000000000,99716,220,99299,220,100029,217,99269,217,100061,217,99152,217,100104,100,99106,100,100106,100,99062,100,100108,100,98823,100,100136,100,,,100302,100,,,100364,100,,,100438,100,,
2019-06-28 10:02:24.825262854,99716,220,99299,220,100029,217,99269,217,100061,217,99152,217,100104,100,99106,100,100106,100,99062,100,100108,100,98977,100,100136,100,98823,100,100302,100,,,100364,100,,,,,,
2019-06-28 10:02:30.000000000,99716,454,99299,454,100029,100,99269,100,100061,100,99152,100,100104,100,99106,100,100106,100,99062,100,100108,100,98977,100,100136,100,98823,100,100302,100,,,100364,100,,,,,,
2019-06-28 10:02:39.411029447,99474,100,99299,454,99716,454,99269,100,100029,100,99152,100,100061,100,99106,100,100104,100,99062,100,100106,100,98977,100,100108,100,98823,100,100136,100,,,100302,100,,,100364,100,,
2019-06-28 10:02:40.000000000,99474,220,99299,220,99716,217,99269,217,100029,217,99152,217,100061,100,99106,100,100104,100,99062,100,100106,100,98977,100,100108,100,98823,100,100136,100,,,100302,100,,,100364,100,,
2019-06-28 10:02:42.217518825,99474,220,99299,120,99716,217,99269,217,100029,217,99152,217,100061,100,99106,100,100104,100,99062,100,100106,100,98977,100,100108,100,98823,100,100136,100,,,100302,100,,,100364,100,,
2019-06-28 10:02:50.000000000,99474,171,99269,171,99716,171,99152,171,100029,171,99106,171,100061,171,99062,171,100104,171,98977,171,100106,100,98823,100,100108,100,,,100136,100,,,100302,100,,,100364,100,,
2019-06-28 10:03:00.000000000,99474,171,99269,171,99716,171,99152,171,100029,171,99106,171,100061,171,99062,171,100104,171,98977,171,100106,100,98823,100,100108,100,,,100136,100,,,100302,100,,,100364,100,,
2019-06-28 10:03:10.000000000,99474,277,99269,277,99716,277,99152,277,100029,100,99106,100,100061,100,99062,100,100104,100,98977,100,100106,100,98823,100,100108,100,,,100136,100,,,100302,100,,,100364,100,,
2019-06-28 10:03:12.838745660,99457,100,99269,277,99474,277,99152,277,99716,277,99106,100,100029,100,99062,100,100061,100,98977,100,100104,100,98823,100,100106,100,,,100108,100,,,100136,100,,,100302,100,,
2019-06-28 10:03:20.000000000,99457,277,99269,277,99474,277,99152,277,99716,100,99106,100,100029,100,99062,100,100061,100,98977,100,100104,100,98823,100,100106,100,,,100108,100,,,100136,100,,,100302,100,,
2019-06-28 10:03:30.000000000,99457,454,99269,454,99474,100,99152,100,99716,100,99106,100,100029,100,99062,100,100061,100,98977,100,100104,100,98823,100,100106,100,,,100108,100,,,100136,100,,,100302,100,,
2019-06-28 10:03:34.335113668,99457,454,99269,354,99474,100,99152,100,99716,100,99106,100,100029,100,99062,100,100061,100,98977,100,100104,100,98823,100,100106,100,,,100108,100,,,100136,100,,,100302,100,,
2019-06-28 10:03:40.000000000,99457,220,99152,220,99474,217,99106,217,99716,217,99062,217,100029,100,98977,100,100061,100,98823,100,100104,100,,,100106,100,,,100108,100,,,100136,100,,,100302,100,,
2019-06-28 10:03:48.612272954,99457,220,99152,220,99474,217,99106,217,99716,217,99062,217,100029,100,98977,100,100061,100,98823,100,100104,100,98279,100,100106,100,,,100108,100,,,100136,100,,,100302,100,,
2019-06-28 10:03:50.000000000,99457,277,99152,277,99474,277,99106,277,99716,100,99062,100,100029,100,98977,100,100061,100,98823,100,100104,100,98279,100,100106,100,,,100108,100,,,100136,100,,,100302,100,,
2019-06-28 10:03:51.903629481,99457,277,99152,277,99474,277,99106,277,99716,100,99062,100,100029,100,98977,100,100061,100,98823,100,100104,100,98279,100,100106,100,97946,100,100108,100,,,100136,100,,,100302,100,,
2019-06-28 10:04:00.000000000,99457,454,99152,454,99474,100,99106,100,99716,100,99062,100,100029,100,98977,100,100061,100,98823,100,100104,100,98279,100,100106,100,97946,100,100108,100,,,100136,100,,,100302,100,,
2019-06-28 10:04:10.000000000,99457,277,99152,277,99474,277,99106,277,99716,100,99062,100,100029,100,98977,100,100061,100,98823,100,100104,100,98279,100,100106,100,97946,100,100108,100,,,100136,100,,,100302,100,,
2019-06-28 10:04:20.000000000,99457,188,99152,188,99474,188,99106,188,99716,188,99062,188,100029,188,98977,188,100061,100,98823,100,100104,100,98279,100,100106,100,97946,100,100108,100,,,100136,100,,,100302,100,,
2019-06-28 10:04:29.619937883,99457,188,99152,188,99474,188,99106,188,99716,188,99062,188,100029,188,98977,188,100061,100,98823,100,100104,100,98279,100,100106,100,98023,100,100108,100,97946,100,100136,100,,,100302,100,,
2019-06-28 10:04:30.000000000,99457,188,99152,188,99474,188,99106,188,99716,188,99062,188,100029,188,98977,188,100061,100,98823,100,100104,100,98279,100,100106,100,98023,100,100108,100,97946,100,100136,100,,,100302,100,,
2019-06-28 10:04:40.000000000,99457,454,99152,454,99474,100,99106,100,99716,100,99062,100,100029,100,98977,100,100061,100,98823,100,100104,100,98279,100,100106,100,98023,100,100108,100,97946,100,100136,100,,,100302,100,,
2019-06-28 10:04:50.000000000,99457,220,99152,220,99474,217,99106,217,99716,217,99062,217,100029,100,98977,100,100061,100,98823,100,100104,100,98279,100,100106,100,98023,100,100108,100,97946,100,100136,100,,,100302,100,,
2019-06-28 10:05:00.000000000,99457,220,99152,220,99474,217,99106,217,99716,217,99062,217,100029,100,98977,100,100061,100,98823,100,100104,100,98279,100,100106,100,98023,100,100108,100,97946,100,100136,100,,,100302,100,,
2019-06-28 10:05:08.838658204,99457,220,99152,120,99474,217,99106,217,99716,217,99062,217,100029,100,98977,100,100061,100,98823,100,100104,100,98279,100,100106,100,98023,100,100108,100,97946,100,100136,100,,,100302,100,,
2019-06-28 10:05:10.000000000,99457,277,99106,277,99474,277,99062,277,99716,100,98977,100,100029,100,98823,100,100061,100,98279,100,100104,100,98023,100,100106,100,97946,100,100108,100,,,100136,100,,,100302,100,,
2019-06-28 10:05:20.000000000,99457,188,99106,188,99474,188,99062,188,99716,188,98977,188,100029,188,98823,188,100061,100,98279,100,100104,100,98023,100,100106,100,97946,100,100108,100,,,100136,100,,,100302,100,,
2019-06-28 10:05:30.000000000,99457,171,99106,171,99474,171,99062,171,99716,171,98977,171,100029,171,98823,171,100061,171,98279,171,100104,100,98023,100,100106,100,97946,100,100108,100,,,100136,100,,,100302,100,,
2019-06-28 10:05:40.000000000,99457,454,99106,454,99474,100,99062,100,99716,100,98977,100,100029,100,98823,100,100061,100,98279,100,100104,100,98023,100,100106,100,97946,100,100108,100,,,100136,100,,,100302,100,,
2019-06-28 10:05:41.511715831,99269,100,99106,454,99457,454,99062,100,99474,100,98977,100,99716,100,98823,100,100029,100,98279,100,100061,100,98023,100,100104,100,97946,100,100106,100,,,100108,100,,,100136,100,,
2019-06-28 10:05:43.609002606,99269,100,99106,454,99457,454,99062,100,99474,100,98977,100,99716,100,98823,100,100029,100,98279,100,100061,100,98023,100,100104,100,97979,100,100106,100,97946,100,100108,100,,,100136,100,,
2019-06-28 10:05:50.000000000,99269,188,99106,188,99457,188,99062,188,99474,188,98977,188,99716,188,98823,188,100029,100,98279,100,100061,100,98023,100,100104,100,97979,100,100106,100,97946,100,100108,100,,,100136,100,,
2019-06-28 10:06:00.000000000,99269,277,99106,277,99457,277,99062,277,99474,100,98977,100,99716,100,98823,100,100029,100,98279,100,100061,100,98023,100,100104,100,97979,100,100106,100,97946,100,100108,100,,,100136,100,,
2019-06-28 10:06:00.706128812,99269,277,99106,277,99457,277,99062,277,99474,100,98977,100,99716,100,98823,100,100029,100,98279,100,100061,100,98263,100,100104,100,98023,100,100106,100,97979,100,100108,100,97946,100,100136,100,,
2019-06-28 10:06:08.759969493,99269,377,99106,277,99457,277,99062,277,99474,100,98977,100,99716,100,98823,100,100029,100,98279,100,100104,100,98263,100,100106,100,98023,100,100108,100,97979,100,100136,100,97946,100,100302,100,,
2019-06-28 10:06:10.000000000,99269,554,99106,454,99457,100,99062,100,99474,100,98977,100,99716,100,98823,100,100029,100,98279,100,100104,100,98263,100,100106,100,98023,100,100108,100,97979,100,100136,100,97946,100,100302,100,,
2019-06-28 10:06:20.000000000,99269,377,99106,277,99457,277,99062,277,99474,100,98977,100,99716,100,98823,100,100029,100,98279,100,100104,100,98263,100,100106,100,98023,100,100108,100,97979,100,100136,100,97946,100,100302,100,,
2019-06-28 10:06:25.502726914,99269,377,99106,177,99457,277,99062,277,99474,100,98977,100,99716,100,98823,100,100029,100,98279,100,100104,100,98263,100,100106,100,98023,100,100108,100,97979,100,100136,100,97946,100,100302,100,,
2019-06-28 10:06:26.493938922,99269,377,99106,77,99457,277,99062,277,99474,100,98977,100,99716,100,98823,100,100029,100,98279,100,100104,100,98263,100,100106,100,98023,100,100108,100,97979,100,100136,100,97946,100,100302,100,,
2019-06-28 10:06:30.000000000,99269,554,99062,454,99457,100,98977,100,99474,100,98823,100,99716,100,98279,100,100029,100,98263,100,100104,100,98023,100,100106,100,97979,100,100108,100,97946,100,100136,100,,,100302,100,,
2019-06-28 10:06:40.000000000,99269,377,99062,277,99457,277,98977,277,99474,100,98823,100,99716,100,98279,100,100029,100,98263,100,100104,100,98023,100,100106,100,97979,100,100108,100,97946,100,100136,100,,,100302,100,,
2019-06-28 10:06:40.737010979,99269,377,99062,277,99457,277,98977,277,99474,100,98823,100,99716,100,98609,100,100029,100,98279,100,100104,100,98263,100,100106,100,98023,100,100108,100,97979,100,100136,100,,,100302,100,,
2019-06-28 10:06:50.000000000,99269,288,99062,188,99457,188,98977,188,99474,188,98823,188,99716,188,98609,188,100029,100,98279,100,100104,100,98263,100,100106,100,98023,100,100108,100,97979,100,100136,100,,,100302,100,,
2019-06-28 10:06:55.494860063,99269,288,99062,188,99457,188,98977,188,99474,188,98823,188,99716,188,98609,188,100029,100,98518,100,100104,100,98279,100,100106,100,98263,100,100108,100,98023,100,100136,100,97979,100,100302,100,,
2019-06-28 10:06:56.602296377,99106,100,99062,188,99269,288,98977,188,99457,188,98823,188,99474,188,98609,188,99716,188,98518,100,100029,100,98279,100,100104,100,98263,100,100106,100,98023,100,100108,100,97979,100,100136,100,,
2019-06-28 10:07:00.000000000,99106,277,99062,277,99269,377,98977,277,99457,100,98823,100,99474,100,98609,100,99716,100,98518,100,100029,100,98279,100,100104,100,98263,100,100106,100,98023,100,100108,100,97979,100,100136,100,,
2019-06-28 10:07:10.000000000,99106,277,99062,277,99269,377,98977,277,99457,100,98823,100,99474,100,98609,100,99716,100,98518,100,100029,100,98279,100,100104,100,98263,100,100106,100,98023,100,100108,100,97979,100,100136,100,,
2019-06-28 10:07:20.000000000,99106,454,99062,454,99269,200,98977,100,99457,100,98823,100,99474,100,98609,100,99716,100,98518,100,100029,100,98279,100,100104,100,98263,100,100106,100,98023,100,100108,100,97979,100,100136,100,,
2019-06-28 10:07:30.000000000,99106,171,99062,171,99269,271,98977,171,99457,171,98823,171,99474,171,98609,171,99716,171,98518,171,100029,100,98279,100,100104,100,98263,100,100106,100,98023,100,100108,100,97979,100,100136,100,,
2019-06-28 10:07:40.000000000,99106,171,99062,171,99269,271,98977,171,99457,171,98823,171,99474,171,98609,171,99716,171,98518,171,100029,100,98279,100,100104,100,98263,100,100106,100,98023,100,100108,100,97979,100,100136,100,,
2019-06-28 10:07:40.518221151,99106,171,99062,71,99269,271,98977,171,99457,171,98823,171,99474,171,98609,171,99716,171,98518,171,100029,100,98279,100,100104,100,98263,100,100106,100,98023,100,100108,100,97979,100,100136,100,,
2019-06-28 10:07:50.000000000,99106,188,98977,188,99269,288,98823,188,99457,188,98609,188,99474,188,98518,188,99716,100,98279,100,100029,100,98263,100,100104,100,98023,100,100106,100,97979,100,100108,100,,,100136,100,,
2019-06-28 10:07:57.715020645,99106,188,98977,88,99269,288,98823,188,99457,188,98609,188,99474,188,98518,188,99716,100,98279,100,100029,100,98263,100,100104,100,98023,100,100106,100,97979,100,100108,100,,,100136,100,,
2019-06-28 10:08:00.000000000,99106,171,98823,171,99269,271,98609,171,99457,171,98518,171,99474,171,98279,171,99716,171,98263,171,100029,100,98023,100,100104,100,97979,100,100106,100,,,100108,100,,,100136,100,,
2019-06-28 10:08:00.660536143,99062,100,98823,171,99106,171,98609,171,99269,271,98518,171,99457,171,98279,171,99474,171,98263,171,99716,171,98023,100,100029,100,97979,100,100104,100,,,100106,100,,,100108,100,,
2019-06-28 10:08:10.000000000,99062,188,98823,188,99106,188,98609,188,99269,288,98518,188,99457,188,98279,188,99474,100,98263,100,99716,100,98023,100,100029,100,97979,100,100104,100,,,100106,100,,,100108,100,,
2019-06-28 10:08:14.261705519,99062,188,98823,188,99106,188,98609,188,99269,288,98518,188,99457,188,98279,188,99474,100,98263,100,99716,100,98184,100,100029,100,98023,100,100104,100,,,100106,100,,,100108,100,,
2019-06-28 10:08:19.872871099,99062,188,98823,188,99106,188,98609,88,99269,288,98518,188,99457,188,98441,100,99474,100,98279,188,99716,100,98263,100,100029,100,98184,100,100104,100,98023,100,100106,100,,,100108,100,,
2019-06-28 10:08:20.000000000,99062,188,98823,188,99106,188,98518,188,99269,288,98441,188,99457,188,98279,188,99474,100,98263,100,99716,100,98184,100,100029,100,98023,100,100104,100,,,100106,100,,,100108,100,,
2019-06-28 10:08:30.000000000,99062,220,98823,220,99106,217,98518,217,99269,317,98441,217,99457,100,98279,100,99474,100,98263,100,99716,100,98184,100,100029,100,98023,100,100104,100,,,100106,100,,,100108,100,,
2019-06-28 10:08:40.000000000,99062,454,98823,454,99106,100,98518,100,99269,200,98441,100,99457,100,98279,100,99474,100,98263,100,99716,100,98184,100,100029,100,98023,100,100104,100,,,100106,100,,,100108,100,,
2019-06-28 10:08:50.000000000,99062,171,98823,171,99106,171,98518,171,99269,271,98441,171,99457,171,98279,171,99474,171,98263,171,99716,100,98184,100,100029,100,98023,100,100104,100,,,100106,100,,,100108,100,,
2019-06-28 10:08:54.375347392,99062,171,98823,71,99106,171,98518,171,99269,271,98441,171,99457,171,98279,171,99474,171,98263,171,99716,100,98184,100,100029,100,98023,100,100104,100,,,100106,100,,,100108,100,,
2019-06-28 10:09:00.000000000,99062,171,98518,171,99106,171,98441,171,99269,271,98279,171,99457,171,98263,171,99474,171,98184,171,99716,100,98023,100,100029,100,,,100104,100,,,100106,100,,,100108,100,,
2019-06-28 10:09:03.709339329,98830,100,98518,171,99062,171,98441,171,99106,171,98279,171,99269,271,98263,171,99457,171,98184,171,99474,171,98023,100,99716,100,,,100029,100,,,100104,100,,,100106,100,,
2019-06-28 10:09:07.440860717,98830,100,98518,171,99062,171,98453,100,99106,171,98441,171,99269,271,98279,171,99457,171,98263,171,99474,171,98184,171,99716,100,98023,100,100029,100,,,100104,100,,,100106,100,,
2019-06-28 10:09:10.000000000,98830,171,98518,171,99062,171,98453,171,99106,171,98441,171,99269,271,98279,171,99457,171,98263,171,99474,100,98184,100,99716,100,98023,100,100029,100,,,100104,100,,,100106,100,,
